3210 5392
180 414 234 472 tas
570 417 1027 483 erreaaeounpxntesrnus

176 560 271 622 inter
284 568 456 636 caeteros
469 560 630 638 duorum,
644 563 704 641 qui
717 562 835 624 multis
847 562 949 624 annis
961 561 1125 623 vixerant
1138 559 1215 623 sine
1226 558 1420 623 confessio·

180 684 241 743 ne,
265 665 464 745 discordes,
485 686 549 748 pro
575 669 702 749 quibus
723 668 996 731 reconciliandis
1017 668 1107 730 inter
1122 683 1161 729 se
1176 667 1278 730 multi
1294 668 1421 745 magni

180 773 333 836 nominis
346 773 424 852 viri,
441 775 548 838 etiam
574 776 746 855 religiosi,
775 776 967 838 maximam
988 791 1132 855 operam
1158 773 1259 853 prius
1283 772 1420 837 frustra

179 879 424 943 adhibuerant.
442 879 649 962 Complures
661 882 768 945 etiam
783 881 850 944 visi
861 890 942 944 sunt
958 891 1079 961 aperte
1094 881 1182 943 satis
1190 880 1304 943 vitam
1315 897 1421 943 suarn

181 986 363 1065 corrigere
379 1005 458 1051 curn
474 1006 544 1051 non
560 1006 670 1068 parua
694 988 938 1052 aedificatione
961 988 1127 1051 aliorum:
1143 987 1244 1051 multi
1262 1004 1419 1069 quoquc,

181 1092 251 1155 imo
279 1110 369 1173 pene
399 1111 543 1170 omneS,
574 1113 619 1158 ex
654 1095 859 1174 parentibus
894 1103 927 1156 et
957 1095 1129 1174 sanguine
1159 1093 1246 1157 mihi
1274 1094 1419 1169 iunctis,

183 1198 319 1263 inducti
343 1212 425 1263 sunt
450 1210 485 1264 et
507 1214 736 1281 perseuerant
762 1203 796 1264 in
822 1200 1078 1281 frequentando
1094 1200 1359 1265 confessionem
1385 1210 1421 1263 et

182 1309 480 1372 communionem.
733 1391 734 1394 Ἴ

242 1413 395 1476 Tornaci
410 1424 463 1477 ter
480 1417 535 1479 vel
551 1428 675 1496 quater
691 1416 977 1496 praedicauimus
997 1417 1035 1479 in
1049 1417 1201 1479 ecclesia
1215 1415 1420 1496 parochiali

179 1518 304 1583 Sancti
318 1520 441 1584 Brictii
459 1522 478 1600 ¹,
496 1523 587 1585 inter
608 1532 769 1586 caeteras
785 1523 842 1585 vel
863 1524 1037 1601 maxima,
1055 1523 1100 1586 ad
1122 1540 1212 1603 quas
1220 1523 1421 1587 conciones

181 1637 302 1690 tantus
313 1628 435 1709 populi
448 1646 645 1692 concursus
660 1629 736 1707 fuit,
754 1642 792 1693 vt
811 1631 874 1693 vix
893 1630 1045 1693 ecclesia
1065 1631 1234 1710 populum
1254 1640 1418 1710 caperet,

179 1734 241 1812 qui
256 1751 341 1813 prae
353 1736 518 1815 angustia
539 1736 732 1815 cogebatur
752 1738 937 1800 columnas
956 1746 991 1799 et
1012 1737 1140 1799 altaria
1160 1736 1417 1800 conscendere.

182 1839 285 1903 Vnde
310 1859 381 1904 non
403 1859 529 1922 parum
550 1843 686 1906 fructus
712 1844 921 1922 prouenisse
942 1843 1148 1907 subodorati
1173 1860 1313 1922 sumus,
1335 1860 1418 1907 nam

183 1948 284 2010 multi
300 1959 378 2027 post
394 1949 472 2011 illas
488 1949 680 2012 conciones
694 1950 740 2012 ad
752 1967 816 2013 nos
830 1960 1062 2013 accurrerunt
1073 1950 1217 2030 petituri
1228 1950 1419 2013 consilium

182 2071 248 2131 pro
263 2053 509 2118 emendatione
523 2057 630 2135 vitae,
647 2057 751 2136 idque
763 2056 1143 2136 persentiensdaemon
1155 2057 1275 2120 statim
1290 2073 1417 2137 procu·

183 2161 275 2222 rauit
291 2160 492 2224 huiusmodi
507 2164 697 2226 conciones
712 2181 733 2226 a
749 2164 849 2226 nobis
864 2163 939 2226 lieri
955 2164 1081 2226 iterum
1096 2162 1289 2243 prohiberi.
1317 2162 1413 2226 Μ’

182 2267 276 2329 enim
288 2267 475 2348 episcopus
492 2267 761 2332 Cameracensis
776 2267 798 2348 ¹,
815 2269 875 2350 qui
890 2268 1133 2333 inhibitionem
1148 2271 1257 2332 semel
1273 2286 1295 2331 a
1311 2286 1352 2332 se
1367 2268 1419 2332 la·

182 2385 289 2451 ctam,
298 2374 343 2437 ad
354 2375 558 2439 instantiam
571 2375 649 2439 Rani
663 2376 863 2440 Cardinalis
875 2375 1029 2455 Angliae
1039 2374 1050 2406 ⁸
1061 2385 1265 2450 reuocarat,
1275 2377 1416 2453 iterum,

179 2480 331 2544 anescio
340 2482 464 2561 quibus
473 2500 674 2562 persuasus,
685 2484 863 2563 prohibuit
878 2501 921 2545 ne
933 2482 1101 2562 deinceps
1112 2483 1240 2563 aliquis
1252 2494 1419 2547 nostrum

184 2589 455 2652 concionaretur
470 2590 505 2652 in
520 2607 585 2653 sua
600 2591 770 2667 dioecesi,
789 2590 882 2670 quod
902 2607 972 2653 non
997 2591 1111 2653 solum
1136 2590 1255 2669 inique
1271 2588 1354 2653 tulit
1371 2588 1419 2652 di-

183 2704 262 2757 ctus
273 2693 375 2758 Ram
398 2696 610 2773 Cardinalis,
625 2713 749 2760 verum
764 2708 859 2759 totus
873 2696 947 2760 sere
963 2699 1111 2776 populus
1124 2696 1200 2759 eius
1211 2695 1419 2775 parochiae,

182 2819 332 2880 quorum
358 2804 476 2882 capita
502 2814 535 2866 et
561 2805 715 2868 maiores
744 2820 837 2866 nunc
868 2803 1057 2867 sollicitant
1086 2812 1125 2866 vt
1158 2803 1262 2866 nobis
1287 2803 1419 2866 iteruin

183 2910 406 2986 permittatur
431 2912 647 2988 concionari,
665 2928 728 2990 per
744 2920 930 2989 magnates
946 2919 979 2974 et
997 2911 1087 2973 alios
1111 2910 1232 2989 magni
1249 2910 1417 2987 nominis,

185 3014 279 3094 apud
293 3016 454 3080 eumdem
475 3017 690 3098 episcopum.

244 3121 393 3186 Dolebat
409 3124 559 3187 daemon
575 3125 748 3203 quosdam
768 3135 889 3204 aperte
908 3126 996 3187 satis
1017 3125 1107 3204 eripi
1128 3142 1147 3187 e
1169 3122 1243 3186 suis
1265 3123 1415 3204 laqueis.

184 3230 367 3305 Quaedam
383 3232 577 3309 peccatrix,
594 3240 690 3294 mota
706 3231 755 3308 (vt
778 3232 838 3308 ait)
859 3230 1059 3294 huiusmodi
1081 3229 1326 3309 concionibus,
1351 3231 1419 3310 pri·

184 3336 312 3399 stinam
337 3337 445 3400 vitam
461 3355 608 3400 exosam
623 3339 768 3415 habenS,
793 3339 956 3417 ingressa
971 3347 1024 3401 est
1046 3336 1304 3400 monasterium
1327 3339 1419 3401 Con·

185 3460 381 3506 persarum.
394 3442 532 3522 Altera,
548 3445 769 3508 confessione
782 3457 1009 3525 peccatorum
1021 3461 1165 3507 suorum
1175 3442 1213 3506 P.
1225 3442 1420 3522 Quintino⁸

184 3561 341 3629 peracta,
351 3550 446 3613 illico
459 3552 583 3614 eodem
596 3552 651 3614 die
663 3562 697 3614 et
710 3552 809 3629 hora,
818 3569 889 3614 non
901 3550 981 3614 dico
994 3550 1068 3628 luit,
1078 3550 1141 3613 sed
1153 3550 1289 3613 volauit
1300 3551 1422 3631 potius

185 3657 230 3718 ad
246 3657 338 3720 idern
354 3660 626 3721 monasterium:
650 3660 739 3721 haec
754 3659 850 3721 lassa
871 3667 923 3722 est
940 3667 1040 3721 extra
1055 3657 1317 3721 confessionem
1332 3657 1421 3735 (tam

186 3765 338 3843 pudebat
359 3783 443 3828 suae
466 3768 558 3829 vitae
578 3767 793 3844 transactae)
814 3783 851 3828 se
872 3767 963 3829 intra
980 3765 1106 3844 viginti
1122 3781 1235 3827 annos
1249 3782 1294 3828 ne
1309 3767 1421 3829 semel

181 3871 326 3951 quidem
341 3875 634 3936 communicasse.
651 3873 748 3952 Alia,
770 3880 880 3952 nupta
895 3871 1036 3952 quidem
1051 3872 1130 3934 viro
1145 3872 1180 3934 in
1195 3871 1290 3935 hanc
1305 3889 1422 3952 vsquc

185 3980 308 4042 horam
321 3980 512 4059 superstiti,
523 3981 586 4043 sed
595 3981 652 4043 cui
664 3980 767 4043 fidem
779 3980 921 4042 minime
934 3979 1103 4058 seruauit,
1116 3994 1212 4056 nam,
1222 3996 1294 4042 non
1307 3981 1422 4042 multo

184 4095 264 4165 post
276 4086 452 4164 legitimas
461 4088 613 4167 nuptias,
627 4088 742 4166 coepit
753 4086 1426 4166 displiceremaritusproprius,eta1ius

196 4301 394 4309 -——n—

229 4438 235 4468 ¹
267 4436 332 4479 Vlde
343 4436 456 4479 Potasti
468 4435 622 4485 Chrom'con,
630 4443 648 4479 t.
660 4447 694 4489 iv,
706 4446 764 4490 pag.
776 4436 823 4488 311,
834 4442 921 4479 annot.
932 4436 952 4478 3.

230 4510 241 4538 ··’
269 4507 529 4563 RobertusdeCroy.

227 4581 239 4612 ⁵
266 4579 424 4633 Reginaldus
434 4579 519 4623 Polus.

226 4650 241 4682 ⁴
269 4651 298 4694 l‘.
313 4651 434 4703 Quintlno
449 4651 584 4694 Charlart.
