3210 5392
649 440 712 503 Aa.
738 440 808 501 1554
1307 442 1345 501 27

102 584 199 664 apud
214 601 292 649 eum
305 583 507 650 effecerunt
525 596 565 651 ut
578 586 654 667 ipse
675 586 768 651 illius
788 587 1020 652 restitutionis
1036 594 1160 651 auctor
1176 603 1254 650 esse
1269 589 1342 651 vel-

101 692 162 754 let.
188 691 354 756 adhaec
375 693 471 758 idem
489 702 591 775 pater
613 694 705 759 inter
724 692 826 773 duos,
848 694 908 775 qui
930 710 1008 757 sese
1028 694 1147 759 multis
1168 695 1272 759 annis
1296 696 1340 759 si·

102 800 307 864 multatibus
320 802 458 866 mutuis
471 818 514 865 ac
528 801 816 885 pestilentissimo
832 802 913 865 odio
928 811 1174 880 exercuerant,
1192 803 1341 867 multam

101 905 225 970 diuino
239 908 376 973 auxilio
396 925 522 989 pacem
544 910 755 991 composuit:
777 918 882 991 atque
903 909 1046 974 eosdem
1068 910 1111 972 de
1131 910 1289 989 peccatis
1303 909 1340 972 in

101 1012 327 1079 consessione
342 1016 490 1081 audiuit.

164 1120 275 1187 Paulo
300 1141 389 1188 vero
414 1134 495 1205 post
517 1123 802 1189 Resurrectionis
826 1124 961 1206 pascha
985 1124 1054 1202 (res
1075 1123 1196 1187 auditu
1216 1123 1337 1202 digna)

103 1227 314 1294 adolescens
329 1231 473 1311 quidam
487 1230 655 1312 Judaeus,
671 1232 788 1312 patria
810 1230 985 1312 Regensis
1004 1230 1098 1309 (sic),
1122 1247 1193 1292 non
1219 1246 1338 1310 asper·

101 1334 241 1398 nendae
261 1335 401 1414 indolis,
423 1354 537 1401 annos
559 1348 665 1402 uatus
684 1339 753 1402 duo
776 1347 809 1401 et
831 1338 969 1418 viginti,
987 1338 1045 1401 cui
1064 1336 1238 1400 Dominus
1254 1346 1337 1399 ante

101 1440 285 1505 biennium
308 1442 346 1505 in
367 1443 525 1507 animum
544 1444 732 1508 induxerat
755 1455 793 1506 vt
812 1445 1029 1508 christianus
1044 1441 1154 1521 fieret,
1173 1442 1338 1523 quamuis

98 1546 315 1612 daemonum
340 1567 382 1612 ac
408 1561 596 1631 parentum
617 1551 748 1615 astutia
768 1550 931 1615 effectum
946 1551 991 1614 sit
1010 1560 1048 1613 vt
1073 1551 1109 1613 in
1135 1551 1203 1613 hoc
1224 1565 1336 1631 vsque

98 1664 241 1734 tempus
251 1658 329 1720 eius
339 1658 436 1720 salus
448 1657 709 1738 quodammodo
724 1658 1003 1738 protraheretur,
1019 1674 1141 1720 amore
1157 1666 1276 1720 tamen
1293 1672 1337 1718 ac

97 1778 232 1841 magno
247 1762 381 1827 Christi
394 1764 479 1846 Jesu
494 1763 682 1843 desyderio
697 1765 911 1844 compulsus,
929 1765 1052 1827 relicta
1067 1764 1194 1843 patria,
1211 1780 1336 1842 paren-

98 1869 207 1948 tibus,
224 1871 350 1933 amicis
366 1871 537 1957 bonisque
559 1871 720 1948 terrenis,
735 1871 862 1951 quibus
876 1870 971 1934 haud
985 1870 1211 1933 mediocriter
1226 1870 1335 1933 abun·

96 1975 220 2052 dabat,
241 1994 281 2040 se
301 1977 347 2041 ad
367 1977 464 2041 vrbis
487 1977 592 2042 huius
612 1978 787 2041 vicarium
805 1979 963 2041 contulit:
990 1978 1169 2041 humiliter
1188 1993 1334 2040 sacrum

97 2083 278 2164 baptisma
292 2084 429 2164 petiuit,
446 2086 644 2165 missusque
665 2085 710 2148 ad
732 2095 875 2177 patrem
888 2095 1059 2148 nostrum.
1077 2095 1182 2163 atque
1207 2084 1240 2147 ei
1260 2085 1333 2164 plu·

97 2189 229 2253 rimum
245 2190 290 2254 ab
306 2191 384 2270 ipso
399 2191 536 2255 vicario
550 2190 828 2266 commendatus,
843 2191 996 2254 officiose
1013 2189 1072 2271 [in]
1089 2192 1194 2255 domo
1208 2202 1331 2254 nostra

97 2295 164 2359 fuit
179 2306 362 2377 exceptus,
376 2306 410 2359 et
421 2297 544 2361 tandiu
556 2297 651 2377 apud
663 2315 728 2361 nos
739 2298 823 2377 egit,
836 2297 949 2360 donec
961 2298 1027 2375 his,
1045 2315 1136 2378 quae
1151 2298 1195 2361 ad
1211 2298 1331 2361 catho-

97 2403 206 2466 licam
222 2403 432 2482 religionem
452 2413 625 2484 spectant,
647 2404 778 2483 optime
794 2413 887 2466 esset
903 2403 1059 2467 edoctus
1077 2403 1222 2485 Juuenis
1243 2422 1331 2467 vero

97 2510 176 2588 ipse
200 2525 244 2570 ea
269 2509 493 2589 baptismatis
511 2510 641 2590 gratia,
665 2527 770 2590 quarn
796 2512 986 2573 clementer
1011 2520 1228 2590 susceperat,
1256 2520 1330 2574 tam

95 2616 245 2695 egregie
260 2625 315 2679 est
328 2616 502 2680 hactenus
515 2634 611 2695 vsus,
629 2627 668 2680 vt
683 2634 790 2697 quam
804 2616 1089 2696 expectationem
1104 2618 1147 2680 de
1163 2634 1200 2680 se
1212 2618 1328 2681 couci·

95 2732 250 2799 tauerat,
271 2723 366 2786 hanc
386 2722 546 2786 eamdem
566 2724 669 2786 facile
689 2724 863 2787 sustineat
882 2740 924 2786 ac
944 2733 1096 2802 tueatur,
1119 2734 1157 2788 vt
1179 2725 1250 2787 iam
1270 2724 1329 2787 ad-

96 2829 279 2892 mirationi
299 2830 346 2893 sit
369 2831 542 2910 plurimis.
563 2830 678 2894 Tanta
705 2848 793 2893 vero
813 2848 942 2911 pompa
972 2840 1045 2893 tum
1071 2832 1329 2894 ecclesiastico·

97 2954 176 3000 rum
198 2946 274 3000 tum
293 2936 401 3000 etiam
420 2937 591 3001 laicorum
607 2937 672 3000 suit
692 2937 737 3001 ad
759 2955 901 3002 sacrum
916 2937 1048 3001 iontem
1063 2938 1099 3000 in
1115 2938 1230 3001 medio
1244 2936 1327 3001 duo·

98 3061 176 3107 rum
191 3062 237 3107 ex
250 3044 384 3107 nostris
399 3045 559 3124 patribus
573 3044 756 3121 deductuS,
776 3054 944 3124 tantaque
960 3045 1116 3108 omnium
1132 3046 1328 3108 cuiuscum-

99 3169 165 3232 que
181 3152 397 3215 conditionis
411 3152 593 3216 hominum
605 3152 846 3232 gratulatione
858 3163 892 3215 et
904 3154 1077 3232 applausu
1093 3153 1168 3214 eius
1183 3168 1327 3231 regene-

100 3258 248 3322 rationis
262 3259 339 3321 dies
359 3258 509 3321 celebris
528 3258 656 3337 extitit,
677 3268 715 3320 vt
730 3260 826 3321 nulla
842 3275 998 3338 vnquam
1013 3259 1049 3321 in
1064 3259 1152 3321 vrbe
1166 3257 1327 3322 Bononia

99 3367 172 3431 eius
187 3366 396 3430 memoriam
415 3366 533 3429 delere
552 3367 663 3446 possit
684 3366 825 3429 obliuio.
848 3365 950 3445 Quod
972 3375 1089 3429 autem
1110 3367 1147 3429 in
1165 3366 1233 3428 hoc
1253 3375 1327 3430 tam

100 3473 271 3552 singulari
292 3472 434 3552 negotio
454 3471 620 3535 Patribus
639 3472 771 3535 nostris
793 3473 975 3550 magistris
998 3491 1041 3535 ac
1057 3472 1205 3535 ducibus
1220 3473 1326 3537 fuerit

100 3597 193 3658 rsus,
220 3580 283 3643 vix
304 3589 382 3643 erat
407 3597 499 3642 vnus
520 3580 579 3659 qui
600 3597 670 3642 non
695 3580 727 3642 ei
749 3579 938 3658 plurimum
958 3582 1214 3659 gratularetur.
1236 3578 1326 3644 Cum

102 3705 183 3750 vero
197 3685 291 3750 R.‘³¹¹⁸
313 3697 434 3749 noster
448 3697 551 3765 pater
562 3687 725 3749 iuuenem
737 3687 830 3749 hunc
844 3687 914 3748 iam
926 3704 1011 3749 vere
1022 3687 1237 3751 catholicum
1251 3704 1325 3750 non

102 3794 229 3875 absque
245 3794 367 3857 diuino
383 3793 530 3857 consilio
545 3792 591 3856 ad
610 3793 776 3873 oppidum
792 3810 916 3873 vsque,
934 3794 1027 3873 quod
1042 3792 1164 3857 Sancti
1177 3794 1325 3876 Joannis

103 3900 235 3978 dicitur,
258 3900 318 3963 vbi
337 3901 436 3979 prius
451 3900 676 3963 habitauerat
696 3917 766 3961 non
781 3902 886 3978 longe
903 3901 946 3962 ab
961 3901 1030 3962 hac
1045 3900 1200 3975 ciuitate,
1218 3901 1325 3963 comi-

103 4015 242 4086 taretur,
259 4024 280 4068 a
297 4016 370 4070 toto
385 4008 480 4069 clero
493 4024 535 4069 ac
551 4006 737 4086 oppidanis
751 4007 913 4070 omnibus
924 4024 1006 4069 cum
1020 4022 1151 4085 magno
1167 4008 1325 4070 omnium

103 4115 269 4193 applausu
295 4123 401 4193 atque
426 4112 600 4192 spirituali
624 4111 841 4175 iucunditate
866 4130 938 4175 vna
963 4129 1042 4175 cum
1068 4130 1132 4174 suo
1157 4111 1263 4175 filiolo
1289 4114 1324 4175 in

104 4235 271 4284 summum
296 4218 454 4284 eiusdem
473 4220 592 4300 oppidi
611 4220 780 4299 templum
799 4219 971 4283 deductus
990 4229 1055 4295 est,
1076 4220 1135 4281 vbi
1156 4237 1235 4282 cum
1256 4220 1324 4299 piis

105 4327 404 4392 omniumvotisac
419 4327 582 4407 precibus
593 4326 767 4389 obsistere
778 4326 967 4405 nequisset,
981 4325 1198 4404 benignitate
1214 4326 1324 4388 omni·

106 4435 248 4510 potentis
275 4433 344 4498 Dei
370 4432 531 4497 effectum
552 4445 605 4497 est
631 4443 670 4496 vt
699 4451 770 4497 non
791 4450 903 4513 paruo
934 4450 1014 4496 cum
1043 4432 1160 4495 fructu
1185 4433 1323 4496 concio·

107 4542 364 4606 nemhabuerit.
381 4540 471 4605 Nam
491 4550 740 4621 praeterquam
761 4539 855 4621 quod
874 4540 993 4618 gladio
1013 4541 1072 4602 illo
1087 4540 1198 4621 ignito
1215 4537 1323 4618 Spiri-

110 4652 157 4708 tus
168 4645 287 4713 Sancti
312 4666 355 4712 ac
368 4648 469 4712 verbi
494 4645 561 4711 Dei
580 4649 774 4727 permultos
794 4647 829 4709 in
852 4664 983 4710 nouum
1008 4665 1050 4711 ac
1066 4656 1211 4709 sanctae
1227 4646 1324 4709 vitae
