3210 5392
621 415 684 474 Aa.
707 416 777 476 l'nbl
1279 419 1312 478 61

71 552 146 620 boc
161 554 285 638 regno.
309 557 390 622 Duo
411 567 529 623 autern
553 559 719 624 inchoata
739 570 831 638 sunt,
854 578 1004 642 quorum
1026 579 1134 626 vnum
1156 562 1313 627 Bibonae

75 665 116 728 fit
130 665 297 745 expensis
317 665 438 729 llmae.
455 666 641 746 Ducissae,
662 677 697 731 et
719 667 765 731 ad
784 668 877 732 illius
898 669 1127 733 fundamenta
1149 671 1313 751 ponenda

73 772 151 834 duo
169 781 291 852 patres
305 772 468 852 profecti,
484 774 555 854 qui,
578 774 629 837 vti
650 773 726 838 fieri
742 776 831 838 solet
853 776 889 839 in
912 774 1081 839 aedificiis
1096 777 1314 845 extruendis,

73 878 233 958 primum
248 877 404 959 lapidem
426 889 629 960 posuerunt.
652 880 747 944 lllius
765 880 892 946 domus
913 880 1121 946 Paternitati
1143 891 1224 947 tuae
1246 884 1314 948 sor·

82 1002 177 1049 mam
196 985 370 1063 misimus;
390 985 534 1051 hortum
553 987 678 1051 eodem
692 988 728 1050 in
747 989 825 1051 loco
848 987 1018 1052 habemus
1033 989 1137 1051 valde
1162 1006 1315 1054 commo·

76 1090 167 1155 dum
181 1108 262 1155 cum
278 1109 452 1172 aquarum
467 1093 582 1174 copia.

143 1197 308 1262 Alterum
330 1199 528 1280 Collegium
546 1199 735 1283 Syracusis
749 1203 925 1266 extruitur
946 1219 1054 1283 opera
1076 1212 1110 1266 et
1132 1203 1316 1283 diligentia

84 1304 245 1385 Assueri,
269 1305 330 1369 filii
350 1305 530 1387 Proregis.
552 1309 612 1388 qui
630 1309 973 1373 locumidoneuma
996 1309 1132 1373 ciuibus
1152 1310 1316 1391 impetra-

85 1413 149 1475 uit.
168 1411 316 1477 Reditus
335 1411 486 1477 offerunt
505 1413 546 1478 80
565 1415 763 1494 vuciarum;
784 1433 923 1494 verum,
948 1417 1007 1481 vbi
1032 1417 1218 1481 vtilitatem
1245 1418 1317 1481 ani·

82 1536 225 1583 marum
247 1520 345 1584 ciues
365 1520 543 1601 uidebunt,
570 1521 649 1585 illos
674 1522 827 1586 maiores
845 1523 983 1587 futuros
1007 1540 1204 1604 speramus.
1227 1523 1318 1588 Nam

88 1626 132 1690 D.
154 1625 346 1705 AssueruS,
372 1628 431 1709 qui
453 1628 587 1692 ciuitati
602 1639 755 1709 praeest,
777 1646 841 1709 pro
866 1640 988 1693 nostra
1011 1628 1188 1694 Societate
1214 1631 1319 1695 ualde

87 1734 238 1810 laborat,
251 1743 287 1798 et
301 1735 428 1798 iterum
443 1744 548 1815 atque
562 1735 690 1799 iterum
705 1736 792 1817 petit
806 1737 859 1799 vti
874 1735 912 1798 P.
934 1735 1167 1801 Prouincialis
1182 1737 1320 1818 aliquos

92 1841 219 1919 mittat;
239 1850 276 1903 et
297 1841 479 1905 mittentur
500 1859 580 1905 cum
599 1843 753 1923 primurn
774 1841 850 1906 fieri
864 1844 1004 1923 poterit.
1023 1842 1194 1923 Magister
1209 1843 1318 1908 Anto-

92 1948 169 2010 nius
181 1946 301 2010 Vinch
316 1947 506 2028 Syracusis
520 1948 585 2013 fuit
600 1957 635 2013 et
648 1950 910 2030 possessionem
923 1951 1090 2031 suscepit.

150 2053 282 2118 Rector
307 2056 410 2119 huius
431 2055 579 2137 Collegii
598 2074 678 2120 cum
697 2057 841 2121 Vicario
862 2058 1088 2137 agrigentino
1110 2060 1219 2122 multa
1241 2061 1319 2122 loca

95 2158 206 2242 Regni
227 2162 466 2242 perlustrabit,
490 2151 672 2244 inquibus
694 2174 901 2245 repererunt
920 2166 1081 2229 homines
1101 2165 1321 2229 densissimis

91 2277 319 2348 ‘peccatorum
342 2270 497 2334 tenebris
516 2283 740 2347 excaecatos
764 2272 853 2334 alios
874 2272 910 2334 in
932 2273 1124 2351 adulteriis,
1148 2273 1321 2353 quosdam

97 2376 131 2439 in
144 2376 393 2456 concubinatu,
410 2393 475 2439 nec
491 2395 624 2458 paucos
639 2379 674 2441 in
688 2396 797 2441 vsura
819 2389 853 2442 et
870 2379 948 2441 aliis
963 2379 1059 2442 vitiis
1074 2379 1247 2456 uiuentes
1262 2397 1320 2461 pa·

94 2494 208 2547 stores
222 2484 327 2547 simul
342 2500 422 2547 cum
438 2485 563 2548 ouibus
578 2486 756 2560 errabant;
773 2503 863 2565 quae
875 2487 1005 2565 omnia,
1019 2504 1233 2568 quamquam
1249 2505 1319 2550 non

99 2592 233 2669 penitus
257 2592 479 2670 sustulerint,
502 2602 621 2656 tamen
641 2608 771 2671 magna
794 2603 958 2673 exparte
978 2605 1223 2658 correxerunt.
1248 2594 1320 2657 Mo·

96 2698 249 2762 'nasteria
265 2697 395 2761 ibidem
409 2699 526 2777 aliqua
548 2698 833 2762 reformauerunt
853 2709 887 2762 et
907 2700 952 2762 ad
973 2701 1161 2781 pristinam
1187 2701 1322 2780 religio-

101 2805 151 2867 nis
164 2804 316 2868 sormam
329 2815 600 2868 reuocauerunt.
617 2805 672 2868 Ex
692 2806 753 2868 tali
768 2807 976 2869 lustratione
997 2808 1155 2871 locorum
1176 2824 1254 2871 curn
1273 2809 1321 2870 vi-

98 2910 217 2974 derent
231 2912 336 2975 valde
359 2929 526 2992 magnum
544 2912 698 2976 fructum
714 2912 759 2975 ad
774 2914 923 2976 salutem
938 2914 1119 2977 hominum
1135 2932 1321 2994 promana-

104 3035 146 3097 re,
168 3019 386 3082 adornarunt
406 3019 585 3082 hominem
599 3020 687 3082 bene
706 3018 851 3081 doctum
865 3028 899 3082 et
914 3020 1021 3100 pium,
1039 3020 1098 3100 qui
1114 3020 1323 3100 peragrabit

101 3125 206 3204 ‘vicos
223 3127 369 3189 castella
387 3136 422 3189 et
436 3126 504 3189 alia
519 3128 610 3204 loca,
635 3135 668 3188 et
684 3126 884 3189 communia
899 3126 958 3188 illa
975 3137 1133 3206 peccata,
1152 3137 1323 3207 quantum

104 3231 172 3295 lieri
196 3242 328 3314 potest,
356 3234 571 3310 emendabit;
603 3233 696 3314 quod
722 3251 792 3313 quo
818 3233 1037 3297 commodius
1053 3233 1128 3313 liat,
1155 3234 1323 3298 Vicarius

108 3340 343 3420 agrigentinus
357 3341 473 3420 ipsum
488 3341 525 3403 in
539 3340 606 3402 illis
622 3341 727 3403 rebus
742 3357 804 3419 per
820 3339 895 3403 dies
911 3341 1044 3421 aliquot
1065 3339 1233 3403 instituet.

158 3447 330 3528 Repertus
356 3456 409 3510 est
440 3457 625 3529 praeterea
655 3446 780 3509 modus
809 3448 992 3535 minuendi
1021 3448 1323 3526 consuetudinem,

106 3569 201 3632 quam
224 3555 324 3618 multi
345 3555 381 3616 in
400 3554 467 3617 hoc
487 3553 612 3633 Regno
634 3553 777 3628 habent,
800 3554 835 3616 in
855 3571 963 3617 vsura
987 3554 1169 3631 frumenti,
1198 3555 1264 3618 olei
1291 3565 1326 3617 et

111 3662 313 3743 reliquarum
329 3679 458 3725 rerum.

159 3767 310 3832 Fructus
324 3777 442 3832 autem
457 3767 684 3847 quotidianus
703 3766 816 3829 nostri
831 3765 981 3845 Collegii
996 3784 1065 3829 non
1088 3769 1240 3848 exignus
1260 3777 1325 3846 est;

109 3875 300 3954 conciones,
316 3874 497 3952 lectiones,
519 3872 821 3936 xenodochiorum
843 3872 1065 3936 visitationes
1080 3882 1114 3937 et
1129 3892 1325 3952 carcerum,

112 3997 165 4058 pro
187 3981 359 4047 coniectis
379 3981 415 4044 in
435 3997 617 4044 carcerem
632 3982 689 4043 uel
711 3979 873 4043 triremes
893 3980 1084 4043 liberandis
1107 3981 1329 4043 intercessio·

112 4104 179 4169 neS,
204 4090 321 4153 bonae
346 4087 613 4151 adhortationes
638 4097 672 4149 et
697 4104 823 4149 sacrae
849 4087 1114 4150 communiones
1140 4087 1329 4150 continuae

108 4207 194 4277 sunt,
226 4196 355 4278 quibus
383 4197 514 4258 multae
543 4194 683 4257 animae
710 4193 905 4256 liberantur
930 4212 950 4255 a
977 4194 1112 4274 laqueis
1138 4194 1269 4257 diaboli
1296 4204 1330 4257 et

109 4300 239 4367 Christo
264 4303 551 4366 reconciliantur.
579 4301 664 4365 Eius
689 4301 739 4363 rei
766 4300 926 4380 exempla
952 4301 1085 4379 aliquot
1111 4300 1330 4363 subiicienda

110 4421 195 4474 sunt:
218 4410 385 4488 foemina,
410 4426 501 4489 quae
522 4417 668 4490 propter
689 4406 807 4470 mariti
826 4406 973 4469 iniurias
994 4424 1032 4469 se
1055 4416 1167 4470 totam
1191 4407 1332 4470 diabolo

111 4512 310 4597 deuouerat,
337 4534 380 4580 ea
404 4516 620 4593 conditione,
646 4524 685 4577 vt
710 4531 748 4576 se
774 4531 795 4575 a
818 4514 898 4576 viro
923 4513 1105 4592 liberaret,
1131 4513 1217 4577 iacti
1239 4524 1332 4594 post·

111 4636 148 4685 ea
161 4627 357 4705 poenitens
372 4624 469 4687 venit
484 4624 529 4686 ad
545 4622 714 4701 templum
734 4630 905 4696 nostrum,
922 4630 956 4682 ct
978 4638 1053 4683 rem
1074 4619 1171 4684 Patri
1193 4620 1334 4682 cuidam

1274 4976 1512 5076 ..1
