3210 5392
675 455 738 510 Au.
762 449 830 507 irbt
1331 445 1365 503 17

128 604 225 666 nella
238 602 354 683 prima
371 601 485 665 classe
500 600 688 680 disputano
704 606 739 660 et
753 597 788 660 al
802 595 966 659 vincitor‘
983 595 1015 658 si
1030 594 1075 658 da
1090 610 1160 657 vna
1173 592 1362 672 ghirlanda

130 711 172 774 di
186 711 285 774 lauro
301 725 322 773 o
338 709 376 772 di
390 707 469 772 fiori
483 707 655 771 intessuta
671 722 732 785 per
747 704 901 785 premio:
919 711 954 766 et
977 718 1045 766 con
1059 701 1156 765 versi
1171 700 1202 765 si
1223 700 1364 764 celebra

139 834 202 880 sua
216 816 333 879 laude:
349 816 382 879 le
398 815 493 896 quali
508 831 591 878 cose
605 812 713 877 molto
728 810 935 874 accendono
956 818 990 873 et
1011 826 1188 873 muouono
1212 808 1238 872 li
1256 808 1365 872 animi

140 923 305 1004 giouenili
321 922 389 985 alle
409 922 517 985 virtu.
538 920 606 985 Un'
624 920 715 983 altro
736 919 890 998 giouane
909 916 1001 980 della
1021 917 1176 980 seconda
1191 917 1305 980 classe
1330 917 1364 980 d'

142 1047 209 1094 una
224 1030 316 1093 bella
333 1044 516 1108 presenza,
533 1042 707 1106 speranza
722 1033 757 1088 et
770 1025 926 1104 ingegno
940 1024 1071 1098 buono,
1088 1029 1108 1087 e
1123 1024 1255 1087 intrato
1274 1024 1368 1087 nella

136 1138 312 1216 ¹religione.
327 1135 364 1198 di
378 1133 414 1199 S.
431 1133 592 1214 Giorgio.
608 1132 740 1197 Alcuni
756 1132 837 1196 altri
852 1131 888 1196 di
903 1141 992 1195 tutte
1007 1132 1039 1194 le
1054 1132 1161 1195 classi
1175 1132 1294 1195 hanno
1309 1131 1369 1210 gia

141 1245 337 1308 deliberato
352 1241 449 1306 darsi
464 1243 534 1304 alla
548 1241 731 1321 religione,
747 1257 806 1303 ma
822 1240 877 1304 cio
891 1239 984 1302 basti
998 1248 1130 1319 quanto
1147 1239 1207 1302 alli
1225 1237 1368 1302 scolari.

140 1350 252 1414 ¹Resta
267 1349 470 1413 finalmente
485 1349 551 1412 che
565 1348 610 1411 V.
628 1346 669 1410 R.
685 1346 829 1411 intenda
844 1348 868 1410 li
887 1347 993 1424 nomi,
1010 1347 1145 1427 quatita
1158 1356 1194 1410 et
1209 1344 1314 1410 officii
1328 1344 1371 1408 de

142 1458 224 1521 tutti
239 1457 345 1538 quelli
361 1456 426 1520 che
441 1464 535 1519 sotto
549 1454 570 1517 l’
586 1454 778 1518 obedienza
800 1454 837 1518 di
850 1453 895 1518 V.
914 1453 954 1517 R.
977 1458 1038 1534 qul
1057 1453 1092 1516 in
1108 1453 1259 1517 Venetia
1278 1454 1371 1516 lauo·

140 1581 233 1628 rano
246 1566 340 1628 nella
354 1565 466 1643 rigna
477 1563 534 1627 del
547 1560 698 1641 Signore
708 1562 818 1625 sendo
828 1561 909 1625 tutti
919 1579 982 1640 per
993 1570 1078 1625 voto
1090 1561 1228 1624 astretti
1239 1572 1273 1624 et
1284 1577 1373 1624 sono

144 1673 170 1735 li
184 1671 395 1751 insequenti.

188 1780 216 1840 1.
259 1778 286 1842 Il
303 1776 379 1841 Rfl⁰
393 1776 432 1840 Ρ.
448 1776 515 1841 M.0
530 1775 676 1839 Alberto
692 1776 737 1839 da
752 1775 916 1853 Ferrara,
933 1776 970 1839 di
984 1782 1042 1839 eta
1056 1775 1092 1838 di
1106 1774 1147 1838 40
1158 1777 1242 1839 anni
1257 1776 1293 1838 in
1307 1775 1376 1839 cir·

136 1903 201 1960 ca,
218 1885 255 1948 in
269 1886 425 1948 ascoltar
439 1882 653 1946 confessioni
668 1884 778 1947 molto
800 1882 1107 1970 gagliardamente
1122 1883 1152 1945 si
1172 1881 1318 1963 affatiga
1340 1893 1375 1946 et

148 2001 242 2054 tutto
255 1991 280 2054 il
295 2000 413 2071 tempo
428 1991 494 2054 che
507 1990 557 2070 gli
572 2007 710 2053 auanza
724 1989 817 2070 dopo
831 1990 863 2052 le
879 1989 1106 2067 confessioni,
1126 1999 1227 2070 parte
1242 1991 1375 2070 spende

150 2115 215 2179 per
230 2097 378 2177 studiar,
394 2106 429 2161 et
444 2108 545 2177 parte
560 2097 642 2161 nelli
657 2095 761 2159 officii
783 2096 819 2158 di
839 2096 977 2160 charita
996 2113 1101 2160 verso
1116 2097 1141 2159 li
1159 2096 1289 2161 fratelli
1304 2097 1378 2161 dili-

149 2206 493 2283 gentissimamente.
517 2203 575 2268 Ma
596 2205 687 2266 oltra
708 2203 743 2266 di
767 2213 890 2283 questo
913 2204 1084 2267 dimostra
1104 2205 1139 2266 in
1159 2212 1247 2268 tutte
1262 2207 1294 2268 le
1315 2223 1378 2268 sue

149 2313 284 2375 actioni
299 2313 407 2375 molta
422 2312 613 2388 diuotione,
630 2310 664 2373 di
686 2309 791 2373 modo
806 2311 872 2372 che
886 2310 1002 2373 studia
1018 2311 1124 2373 etiam
1138 2311 1336 2390 genuflexo.

192 2418 224 2481 2.
268 2419 294 2482 Il
305 2418 445 2482 fratello
457 2417 616 2481 Arnoldo
634 2416 654 2493 ¹,
668 2416 733 2479 M.⁰
746 2418 780 2480 in
793 2416 884 2493 Atti,
901 2417 947 2480 da
958 2417 1131 2497 Louani0,
1144 2418 1299 2481 Maestro
1311 2419 1379 2481 del·

151 2527 187 2587 la
202 2526 317 2605 prima
335 2526 460 2602 classe,
485 2524 519 2587 di
544 2529 601 2587 eta
625 2524 661 2587 di
680 2523 720 2586 28
739 2526 823 2587 anni
841 2525 877 2586 in
903 2525 1014 2598 circa3
1039 2525 1069 2586 si
1094 2525 1264 2588 essercita
1285 2528 1380 2590 assai

151 2633 244 2694 bene
258 2641 292 2694 et
308 2632 594 2710 diligentemente
609 2631 690 2710 nelli
706 2631 784 2693 suoi
799 2630 903 2694 officii
914 2640 948 2693 et
960 2631 1131 2694 essercitii
1143 2631 1176 2694 d'
1190 2630 1381 2697 obedienza

151 2749 189 2801 et
203 2755 226 2800 a
241 2741 349 2800 molto
364 2738 506 2818 profitto
521 2738 566 2800 ha
582 2738 688 2800 tirato
704 2739 729 2799 li
750 2738 827 2801 suoi
849 2738 993 2801 scolari.

195 2843 227 2906 3.
271 2844 296 2907 Il
311 2844 450 2908 fratello
466 2844 592 2926 Joann’
615 2843 771 2907 Antonio
787 2844 819 2907 d’
837 2843 991 2922 Agubio,
1013 2844 1048 2907 di
1067 2846 1164 2908 circa
1185 2845 1236 2924 24,
1256 2846 1300 2909 de
1316 2845 1384 2909 for·

155 2968 197 3012 ze
218 2951 394 3030 corporali
416 2968 462 3012 un
481 2967 571 3030 poco
587 2950 717 3027 debile,
735 2951 777 3013 de
800 2951 955 3029 ingegno
970 2951 1165 3028 mediocre,
1187 2958 1206 3014 c
1230 2963 1385 3015 maestro

154 3057 252 3119 della
263 3057 418 3120 seconda
433 3057 559 3133 classe,
576 3056 622 3119 da
637 3057 773 3136 grande
788 3074 962 3136 speranza
984 3057 1019 3120 di
1034 3075 1072 3119 se
1086 3058 1141 3120 ch’
1157 3058 1286 3121 habbia
1301 3077 1322 3121 a
1338 3060 1386 3123 di·

154 3173 286 3228 uentar
301 3163 493 3226 bonissimo
508 3161 742 3243 predicatore,
769 3163 899 3243 perche
922 3164 966 3227 ha
981 3165 1099 3243 gratia
1119 3166 1227 3228 molta
1245 3176 1279 3227 et
1295 3166 1388 3231 dono

158 3271 210 3333 ad
232 3269 421 3333 essercitar
439 3270 528 3332 bene
548 3272 595 3332 tal
613 3269 700 3332 off.⁰:
718 3271 802 3348 ogni
828 3270 918 3333 festa
943 3269 1127 3350 insegna3a
1153 3272 1177 3333 li
1190 3271 1334 3351 [scolari
1355 3274 1390 3337 di

148 3386 254 3441 ‘tutte
268 3377 300 3438 le
317 3378 423 3439 classi
436 3378 470 3438 la
485 3376 641 3440 dottrina
658 3378 850 3440 christiana
863 3388 897 3439 et
913 3378 1148 3441 essortandoli
1163 3395 1266 3441 moue
1282 3380 1390 3443 molto

159 3486 185 3548 li
202 3484 312 3547 animi
326 3483 369 3546 de
380 3484 462 3547 tutti
472 3484 541 3547 aila
557 3485 664 3562 pieta,
680 3495 715 3547 et
727 3501 794 3546 con
809 3485 916 3546 molta
932 3484 1167 3547 sollicitudine
1179 3488 1269 3548 nelle
1283 3488 1391 3550 letere

163 3595 321 3654 humane
337 3592 506 3654 essercita
521 3592 546 3653 li
561 3592 691 3653 scolari
707 3591 798 3654 della
814 3609 878 3653 sua
894 3593 1019 3654 classe.

206 3695 238 3758 4.
283 3696 309 3759 ll
331 3696 470 3760 fratello
489 3697 544 3779 Jo:
566 3697 757 3773 Bonifatio,
780 3697 954 3774 siciliam,
978 3698 1013 3761 di
1035 3699 1119 3761 anni
1135 3699 1175 3761 22
1197 3699 1232 3762 in
1249 3701 1342 3763 circa
1359 3702 1395 3779 (il

161 3806 251 3884 qual
264 3782 325 3866 alli
339 3805 455 3883 giorni
470 3806 607 3884 passati
618 3806 648 3867 si
664 3804 811 3868 infermo
827 3804 1104 3884 grandemente),
1119 3807 1179 3884 gia
1190 3808 1396 3870 ricomincia

163 3930 188 3973 a
204 3909 262 3973 far
279 3911 301 3972 il
316 3927 380 3973 suo
398 3910 513 3974 officio
527 3919 562 3974 et
574 3912 716 3974 attende
740 3913 799 3975 alli
816 3913 924 3975 studii
939 3920 972 3974 et
987 3912 1239 3992 specialmente
1251 3915 1311 3976 alli
1321 3913 1397 3976 fun·

164 4016 329 4080 damenti
343 4016 435 4080 della
450 4018 686 4096 grammatica
711 4019 832 4095 latina,
851 4020 943 4081 nella
960 4021 1040 4098 qual
1056 4020 1226 4083 dimostra
1246 4038 1317 4083 non
1339 4022 1399 4084 ha·

165 4142 236 4189 uer
249 4123 339 4186 fatto
353 4141 445 4204 poco
460 4124 582 4204 frutto,
600 4137 633 4188 et
649 4137 878 4206 quantunque
894 4127 1021 4189 habbia
1037 4145 1127 4206 poco
1144 4129 1309 4210 ingegno,
1324 4146 1400 4209 spe·

166 4232 287 4295 riamo
302 4231 368 4294 che
386 4233 443 4295 col
457 4230 572 4295 studio
596 4243 630 4295 et
647 4232 880 4295 sollicitudine
903 4234 968 4296 che
983 4251 1065 4312 usa,
1084 4234 1348 4315 ricompensara
1368 4237 1401 4297 la

200 4548 209 4578 ί
242 4541 306 4597 Ejus
316 4555 458 4599 cognomen
467 4546 603 4593 dicebatur
614 4549 740 4593 Conchus.
752 4549 842 4606 liujus.
854 4552 913 4594 licet
924 4550 1102 4599 Lovaniensis,
1113 4561 1161 4593 non
1169 4524 1282 4593 meminit
1292 4549 1408 4593 Dema·

165 4629 203 4662 ca
223 4617 250 4660 in
263 4626 342 4729 {pere
358 4627 437 4673 saepe
453 4629 595 4665 memorato
612 4621 845 4667 L'etab'issement
863 4624 895 4665 de
916 4623 944 4664 la
961 4622 1122 4676 cvmpagm'e
1138 4622 1171 4664 de
1186 4622 1268 4677 Jesus
1283 4623 1354 4665 dans
1369 4623 1409 4665 les

165 4691 261 4734 J’avs·
289 4697 328 4730 as.
1123 4689 1127 4695 '

298 4776 335 4835 T.
353 4797 397 4836 ut.
1254 4800 1269 4837 2
