<?xml version="1.0" encoding="UTF-8"?>
<!DOCTYPE html PUBLIC "-//W3C//DTD XHTML 1.0 Transitional//EN"
    "http://www.w3.org/TR/xhtml1/DTD/xhtml1-transitional.dtd">
<html xmlns="http://www.w3.org/1999/xhtml" xml:lang="en" lang="en">
 <head>
  <title>
</title>
<meta http-equiv="Content-Type" content="text/html;charset=utf-8" />
  <meta name='ocr-system' content='tesseract 3.04.00' />
  <meta name='ocr-capabilities' content='ocr_page ocr_carea ocr_par ocr_line ocrx_word'/>
</head>
<body>
  <div class='ocr_page' id='page_1' title='image "./litteraequadrim02jesugoog_0422.png"; bbox 0 0 3210 5392; ppageno 0'>
   <div class='ocr_carea' id='block_1_1' title="bbox 601 453 1293 514">
    <p class='ocr_par' dir='ltr' id='par_1_1' title="bbox 601 453 1293 514">
     <span class='ocr_line' id='line_1_1' title="bbox 601 453 1293 514; baseline 0 -2"><span class='ocrx_word' id='word_1_1' title='bbox 601 455 664 512; x_wconf 77' lang='lat' dir='ltr'>Art.</span> <span class='ocrx_word' id='word_1_2' title='bbox 686 453 755 514; x_wconf 78' lang='lat' dir='ltr'>ltoo</span> <span class='ocrx_word' id='word_1_3' title='bbox 1241 455 1293 513; x_wconf 79' lang='lat'>411</span> 
     </span>
    </p>
   </div>
   <div class='ocr_carea' id='block_1_2' title="bbox 88 599 1294 1747">
    <p class='ocr_par' dir='ltr' id='par_1_2' title="bbox 88 599 1294 877">
     <span class='ocr_line' id='line_1_2' title="bbox 88 599 1293 681; baseline 0.001 -20"><span class='ocrx_word' id='word_1_4' title='bbox 88 599 224 662; x_wconf 85' lang='lat' dir='ltr'>atione</span> <span class='ocrx_word' id='word_1_5' title='bbox 238 599 334 663; x_wconf 82' lang='lat' dir='ltr'>facta</span> <span class='ocrx_word' id='word_1_6' title='bbox 349 610 442 675; x_wconf 86' lang='lat' dir='ltr'>sunt,</span> <span class='ocrx_word' id='word_1_7' title='bbox 458 611 496 664; x_wconf 93' lang='lat' dir='ltr'>ut</span> <span class='ocrx_word' id='word_1_8' title='bbox 511 601 751 680; x_wconf 85' lang='lat' dir='ltr'>significatum</span> <span class='ocrx_word' id='word_1_9' title='bbox 765 601 811 663; x_wconf 88' lang='lat' dir='ltr'>sit</span> <span class='ocrx_word' id='word_1_10' title='bbox 825 601 926 664; x_wconf 89' lang='lat' dir='ltr'>nobis</span> <span class='ocrx_word' id='word_1_11' title='bbox 944 601 1038 681; x_wconf 91' lang='lat' dir='ltr'>quod</span> <span class='ocrx_word' id='word_1_12' title='bbox 1054 601 1154 664; x_wconf 92' lang='lat' dir='ltr'>multi</span> <span class='ocrx_word' id='word_1_13' title='bbox 1167 617 1293 663; x_wconf 88' lang='lat' dir='ltr'>conso·</span> 
     </span>
     <span class='ocr_line' id='line_1_3' title="bbox 88 707 1294 788; baseline 0.002 -20"><span class='ocrx_word' id='word_1_14' title='bbox 88 717 236 785; x_wconf 86' lang='lat' dir='ltr'>rentur,</span> <span class='ocrx_word' id='word_1_15' title='bbox 257 708 351 788; x_wconf 84' lang='lat' dir='ltr'>quod</span> <span class='ocrx_word' id='word_1_16' title='bbox 371 707 439 770; x_wconf 91' lang='lat' dir='ltr'>hoc</span> <span class='ocrx_word' id='word_1_17' title='bbox 458 708 646 787; x_wconf 84' lang='lat' dir='ltr'>negocium</span> <span class='ocrx_word' id='word_1_18' title='bbox 667 725 738 771; x_wconf 91' lang='lat' dir='ltr'>non</span> <span class='ocrx_word' id='word_1_19' title='bbox 763 709 1142 787; x_wconf 81' lang='lat' dir='ltr'>praetermisissemus,</span> <span class='ocrx_word' id='word_1_20' title='bbox 1172 707 1234 770; x_wconf 92' lang='lat' dir='ltr'>sed</span> <span class='ocrx_word' id='word_1_21' title='bbox 1256 717 1294 770; x_wconf 92' lang='lat' dir='ltr'>ut</span> 
     </span>
     <span class='ocr_line' id='line_1_4' title="bbox 88 813 849 877; baseline -0.004 -2"><span class='ocrx_word' id='word_1_22' title='bbox 88 829 123 874; x_wconf 75' lang='lat' dir='ltr'>rr</span> <span class='ocrx_word' id='word_1_23' title='bbox 140 823 254 876; x_wconf 92' lang='lat' dir='ltr'>totum</span> <span class='ocrx_word' id='word_1_24' title='bbox 267 830 400 877; x_wconf 86' lang='lat' dir='ltr'>annum</span> <span class='ocrx_word' id='word_1_25' title='bbox 414 814 495 877; x_wconf 91' lang='lat' dir='ltr'>huic</span> <span class='ocrx_word' id='word_1_26' title='bbox 510 814 563 877; x_wconf 93' lang='lat' dir='ltr'>rei</span> <span class='ocrx_word' id='word_1_27' title='bbox 577 813 849 877; x_wconf 85' lang='lat' dir='ltr'>intenderemus.</span> 
     </span>
    </p>

    <p class='ocr_par' dir='ltr' id='par_1_3' title="bbox 88 919 1293 1516">
     <span class='ocr_line' id='line_1_5' title="bbox 115 919 1293 1002; baseline 0 -19"><span class='ocrx_word' id='word_1_28' title='bbox 115 919 232 983; x_wconf 89' lang='lat' dir='ltr'>Multa</span> <span class='ocrx_word' id='word_1_29' title='bbox 248 921 319 984; x_wconf 88' lang='lat' dir='ltr'>alia</span> <span class='ocrx_word' id='word_1_30' title='bbox 334 938 476 1000; x_wconf 90' lang='lat' dir='ltr'>possem</span> <span class='ocrx_word' id='word_1_31' title='bbox 492 921 646 984; x_wconf 92' lang='lat' dir='ltr'>scribere</span> <span class='ocrx_word' id='word_1_32' title='bbox 661 919 703 983; x_wconf 90' lang='lat' dir='ltr'>R.</span> <span class='ocrx_word' id='word_1_33' title='bbox 720 920 758 983; x_wconf 92' lang='lat' dir='ltr'>P.</span> <span class='ocrx_word' id='word_1_34' title='bbox 775 921 828 998; x_wconf 84' lang='lat' dir='ltr'>T.,</span> <span class='ocrx_word' id='word_1_35' title='bbox 845 939 936 1002; x_wconf 88' lang='lat' dir='ltr'>quae</span> <span class='ocrx_word' id='word_1_36' title='bbox 957 921 1130 985; x_wconf 89' lang='lat' dir='ltr'>Dominus</span> <span class='ocrx_word' id='word_1_37' title='bbox 1146 938 1208 1001; x_wconf 88' lang='lat' dir='ltr'>per</span> <span class='ocrx_word' id='word_1_38' title='bbox 1226 922 1293 983; x_wconf 93' lang='lat' dir='ltr'>hos</span> 
     </span>
     <span class='ocr_line' id='line_1_6' title="bbox 88 1025 1293 1109; baseline 0 -20"><span class='ocrx_word' id='word_1_39' title='bbox 88 1027 231 1089; x_wconf 90' lang='lat' dir='ltr'>inimos</span> <span class='ocrx_word' id='word_1_40' title='bbox 245 1044 371 1090; x_wconf 91' lang='lat' dir='ltr'>seruos</span> <span class='ocrx_word' id='word_1_41' title='bbox 393 1044 476 1091; x_wconf 91' lang='lat' dir='ltr'>suos</span> <span class='ocrx_word' id='word_1_42' title='bbox 496 1025 685 1091; x_wconf 89' lang='lat' dir='ltr'>Societatis</span> <span class='ocrx_word' id='word_1_43' title='bbox 698 1028 783 1109; x_wconf 91' lang='lat' dir='ltr'>Jesu</span> <span class='ocrx_word' id='word_1_44' title='bbox 798 1028 834 1090; x_wconf 90' lang='lat' dir='ltr'>in</span> <span class='ocrx_word' id='word_1_45' title='bbox 848 1027 917 1090; x_wconf 91' lang='lat' dir='ltr'>hoc</span> <span class='ocrx_word' id='word_1_46' title='bbox 938 1027 1068 1107; x_wconf 91' lang='lat' dir='ltr'>oppido</span> <span class='ocrx_word' id='word_1_47' title='bbox 1085 1028 1226 1107; x_wconf 89' lang='lat' dir='ltr'>operari</span> <span class='ocrx_word' id='word_1_48' title='bbox 1242 1028 1293 1090; x_wconf 94' lang='lat' dir='ltr'>di·</span> 
     </span>
     <span class='ocr_line' id='line_1_7' title="bbox 89 1132 1291 1214; baseline 0.001 -19"><span class='ocrx_word' id='word_1_49' title='bbox 89 1143 194 1196; x_wconf 82' lang='lat' dir='ltr'>latus</span> <span class='ocrx_word' id='word_1_50' title='bbox 221 1143 288 1211; x_wconf 90' lang='lat' dir='ltr'>est,</span> <span class='ocrx_word' id='word_1_51' title='bbox 314 1150 406 1214; x_wconf 88' lang='lat' dir='ltr'>quae</span> <span class='ocrx_word' id='word_1_52' title='bbox 427 1133 613 1197; x_wconf 89' lang='lat' dir='ltr'>breuitatis</span> <span class='ocrx_word' id='word_1_53' title='bbox 638 1151 748 1197; x_wconf 89' lang='lat' dir='ltr'>causa</span> <span class='ocrx_word' id='word_1_54' title='bbox 766 1134 921 1198; x_wconf 89' lang='lat' dir='ltr'>mittam:</span> <span class='ocrx_word' id='word_1_55' title='bbox 941 1145 979 1197; x_wconf 89' lang='lat' dir='ltr'>tu</span> <span class='ocrx_word' id='word_1_56' title='bbox 998 1134 1157 1211; x_wconf 89' lang='lat' dir='ltr'>interim,</span> <span class='ocrx_word' id='word_1_57' title='bbox 1179 1133 1219 1196; x_wconf 93' lang='lat' dir='ltr'>R.</span> <span class='ocrx_word' id='word_1_58' title='bbox 1240 1132 1291 1212; x_wconf 66' lang='lat' dir='ltr'>P„</span> 
     </span>
     <span class='ocr_line' id='line_1_8' title="bbox 89 1238 1290 1305; baseline 0.002 -3"><span class='ocrx_word' id='word_1_59' title='bbox 89 1256 127 1302; x_wconf 70' lang='grc' dir='ltr'>ιε</span> <span class='ocrx_word' id='word_1_60' title='bbox 140 1240 308 1304; x_wconf 84' lang='lat' dir='ltr'>minimos</span> <span class='ocrx_word' id='word_1_61' title='bbox 323 1238 413 1303; x_wconf 85' lang='lat' dir='ltr'>lilios</span> <span class='ocrx_word' id='word_1_62' title='bbox 427 1251 463 1303; x_wconf 88' lang='lat' dir='ltr'>et</span> <span class='ocrx_word' id='word_1_63' title='bbox 478 1256 601 1303; x_wconf 91' lang='lat' dir='ltr'>seruos</span> <span class='ocrx_word' id='word_1_64' title='bbox 623 1249 702 1303; x_wconf 92' lang='lat' dir='ltr'>tuos</span> <span class='ocrx_word' id='word_1_65' title='bbox 723 1241 759 1304; x_wconf 90' lang='lat' dir='ltr'>in</span> <span class='ocrx_word' id='word_1_66' title='bbox 774 1242 843 1305; x_wconf 92' lang='lat' dir='ltr'>tuis</span> <span class='ocrx_word' id='word_1_67' title='bbox 858 1259 900 1304; x_wconf 91' lang='lat' dir='ltr'>ac</span> <span class='ocrx_word' id='word_1_68' title='bbox 915 1242 1209 1305; x_wconf 86' lang='lat' dir='ltr'>charissimorum</span> <span class='ocrx_word' id='word_1_69' title='bbox 1226 1240 1290 1304; x_wconf 87' lang='lat' dir='ltr'>Pa·</span> 
     </span>
     <span class='ocr_line' id='line_1_9' title="bbox 89 1346 1292 1411; baseline 0 -1"><span class='ocrx_word' id='word_1_70' title='bbox 89 1363 154 1410; x_wconf 83' lang='lat' dir='ltr'>un</span> <span class='ocrx_word' id='word_1_71' title='bbox 169 1365 214 1410; x_wconf 90' lang='lat' dir='ltr'>ac</span> <span class='ocrx_word' id='word_1_72' title='bbox 228 1346 396 1410; x_wconf 86' lang='lat' dir='ltr'>Fratrum</span> <span class='ocrx_word' id='word_1_73' title='bbox 416 1347 462 1410; x_wconf 92' lang='lat' dir='ltr'>ibi</span> <span class='ocrx_word' id='word_1_74' title='bbox 488 1347 782 1411; x_wconf 84' lang='lat' dir='ltr'>commorantium</span> <span class='ocrx_word' id='word_1_75' title='bbox 802 1348 986 1411; x_wconf 87' lang='lat' dir='ltr'>sacrificiis</span> <span class='ocrx_word' id='word_1_76' title='bbox 1012 1358 1046 1410; x_wconf 89' lang='lat' dir='ltr'>et</span> <span class='ocrx_word' id='word_1_77' title='bbox 1071 1348 1292 1411; x_wconf 90' lang='lat' dir='ltr'>orationibus</span> 
     </span>
     <span class='ocr_line' id='line_1_10' title="bbox 90 1454 446 1516; baseline -0.003 -1"><span class='ocrx_word' id='word_1_78' title='bbox 90 1454 331 1516; x_wconf 87' lang='lat' dir='ltr'>mmendatos</span> <span class='ocrx_word' id='word_1_79' title='bbox 345 1454 446 1516; x_wconf 89' lang='lat' dir='ltr'>habe.</span> 
     </span>
    </p>

    <p class='ocr_par' dir='ltr' id='par_1_4' title="bbox 117 1559 955 1642">
     <span class='ocr_line' id='line_1_11' title="bbox 117 1559 955 1642; baseline 0.001 -19"><span class='ocrx_word' id='word_1_80' title='bbox 117 1559 177 1623; x_wconf 80' lang='lat' dir='ltr'>Ex</span> <span class='ocrx_word' id='word_1_81' title='bbox 191 1561 322 1640; x_wconf 86' lang='lat' dir='ltr'>oppido</span> <span class='ocrx_word' id='word_1_82' title='bbox 339 1560 549 1639; x_wconf 80' lang='lat' dir='ltr'>vallisoleti,</span> <span class='ocrx_word' id='word_1_83' title='bbox 566 1563 680 1642; x_wconf 92' lang='lat' dir='ltr'>primo</span> <span class='ocrx_word' id='word_1_84' title='bbox 695 1560 752 1624; x_wconf 92' lang='lat' dir='ltr'>die</span> <span class='ocrx_word' id='word_1_85' title='bbox 766 1561 850 1624; x_wconf 87' lang='lat' dir='ltr'>Maii</span> <span class='ocrx_word' id='word_1_86' title='bbox 869 1561 955 1624; x_wconf 81' lang='lat'>1555.</span> 
     </span>
    </p>

    <p class='ocr_par' dir='ltr' id='par_1_5' title="bbox 120 1665 827 1747">
     <span class='ocr_line' id='line_1_12' title="bbox 120 1665 827 1747; baseline 0.001 -17"><span class='ocrx_word' id='word_1_87' title='bbox 120 1665 222 1731; x_wconf 87' lang='lat' dir='ltr'>Tuae</span> <span class='ocrx_word' id='word_1_88' title='bbox 236 1666 277 1730; x_wconf 91' lang='lat' dir='ltr'>R.</span> <span class='ocrx_word' id='word_1_89' title='bbox 296 1666 336 1730; x_wconf 90' lang='lat' dir='ltr'>P.</span> <span class='ocrx_word' id='word_1_90' title='bbox 351 1666 444 1731; x_wconf 88' lang='lat' dir='ltr'>filius</span> <span class='ocrx_word' id='word_1_91' title='bbox 459 1677 493 1730; x_wconf 94' lang='lat' dir='ltr'>et</span> <span class='ocrx_word' id='word_1_92' title='bbox 508 1685 634 1731; x_wconf 89' lang='lat' dir='ltr'>seruus</span> <span class='ocrx_word' id='word_1_93' title='bbox 649 1668 827 1747; x_wconf 76' lang='lat' dir='ltr'>indignuS,</span> 
     </span>
    </p>
   </div>
   <div class='ocr_carea' id='block_1_3' title="bbox 90 2308 1298 2605">
    <p class='ocr_par' dir='ltr' id='par_1_6' title="bbox 90 2308 1298 2605">
     <span class='ocr_line' id='line_1_13' title="bbox 129 2308 1298 2390; baseline 0.003 -20"><span class='ocrx_word' id='word_1_94' title='bbox 129 2308 392 2389; x_wconf 72' lang='lat' dir='ltr'>Superscrtptr&#39;o</span> <span class='ocrx_word' id='word_1_95' title='bbox 404 2309 442 2371; x_wconf 84' lang='lat' dir='ltr'>in</span> <span class='ocrx_word' id='word_1_96' title='bbox 457 2315 589 2389; x_wconf 86' lang='lat' dir='ltr'>quarta</span> <span class='ocrx_word' id='word_1_97' title='bbox 596 2310 753 2390; x_wconf 83' lang='lat' dir='ltr'>pagina:</span> <span class='ocrx_word' id='word_1_98' title='bbox 763 2314 785 2385; x_wconf 95' lang='lat'>†</span> <span class='ocrx_word' id='word_1_99' title='bbox 795 2309 998 2374; x_wconf 89' lang='lat' dir='ltr'>Admodum</span> <span class='ocrx_word' id='word_1_100' title='bbox 1013 2310 1091 2374; x_wconf 80' lang='lat' dir='ltr'>R.‘¹⁰</span> <span class='ocrx_word' id='word_1_101' title='bbox 1102 2312 1139 2375; x_wconf 91' lang='lat' dir='ltr'>in</span> <span class='ocrx_word' id='word_1_102' title='bbox 1153 2310 1298 2376; x_wconf 91' lang='lat' dir='ltr'>Christo</span> 
     </span>
     <span class='ocr_line' id='line_1_14' title="bbox 90 2414 1297 2498; baseline 0.003 -21"><span class='ocrx_word' id='word_1_103' title='bbox 90 2417 165 2479; x_wconf 75' lang='lat' dir='ltr'>atri</span> <span class='ocrx_word' id='word_1_104' title='bbox 178 2425 301 2480; x_wconf 90' lang='lat' dir='ltr'>nostro</span> <span class='ocrx_word' id='word_1_105' title='bbox 316 2415 383 2479; x_wconf 89' lang='lat' dir='ltr'>M.⁰</span> <span class='ocrx_word' id='word_1_106' title='bbox 396 2415 534 2496; x_wconf 85' lang='lat' dir='ltr'>Ignatio</span> <span class='ocrx_word' id='word_1_107' title='bbox 557 2415 600 2480; x_wconf 90' lang='lat' dir='ltr'>de</span> <span class='ocrx_word' id='word_1_108' title='bbox 625 2417 772 2497; x_wconf 88' lang='lat' dir='ltr'>Loyola‚</span> <span class='ocrx_word' id='word_1_109' title='bbox 785 2416 992 2498; x_wconf 87' lang='lat' dir='ltr'>Praeposito</span> <span class='ocrx_word' id='word_1_110' title='bbox 1004 2417 1169 2482; x_wconf 88' lang='lat' dir='ltr'>Generali</span> <span class='ocrx_word' id='word_1_111' title='bbox 1180 2414 1297 2482; x_wconf 88' lang='lat' dir='ltr'>Socie-</span> 
     </span>
     <span class='ocr_line' id='line_1_15' title="bbox 90 2522 1286 2605; baseline 0.004 -23"><span class='ocrx_word' id='word_1_112' title='bbox 90 2523 154 2585; x_wconf 72' lang='lat' dir='ltr'>rtis</span> <span class='ocrx_word' id='word_1_113' title='bbox 166 2523 260 2605; x_wconf 77' lang='lat' dir='ltr'>jesu,</span> <span class='ocrx_word' id='word_1_114' title='bbox 277 2522 423 2587; x_wconf 90' lang='lat' dir='ltr'>Romae.</span> <span class='ocrx_word' id='word_1_115' title='bbox 1284 2550 1286 2554; x_wconf 94' lang='lat'>·</span> 
     </span>
    </p>
   </div>
   <div class='ocr_carea' id='block_1_4' title="bbox 132 2629 1191 2816">
    <p class='ocr_par' dir='ltr' id='par_1_7' title="bbox 132 2629 1191 2816">
     <span class='ocr_line' id='line_1_16' title="bbox 132 2629 1191 2711; baseline 0.001 -20"><span class='ocrx_word' id='word_1_116' title='bbox 132 2629 210 2692; x_wconf 69' lang='lat' dir='ltr'>Atra</span> <span class='ocrx_word' id='word_1_117' title='bbox 224 2647 345 2692; x_wconf 81' lang='lat' dir='ltr'>manu.</span> <span class='ocrx_word' id='word_1_118' title='bbox 366 2630 452 2693; x_wconf 65' lang='lat' dir='ltr'>loto.</span> <span class='ocrx_word' id='word_1_119' title='bbox 470 2629 683 2694; x_wconf 91' lang='lat' dir='ltr'>Valladolid.</span> <span class='ocrx_word' id='word_1_120' title='bbox 704 2630 1000 2711; x_wconf 89' lang='lat' dir='ltr'>Quadrimestres,</span> <span class='ocrx_word' id='word_1_121' title='bbox 1023 2630 1071 2696; x_wconf 72' lang='lat' dir='ltr'>Pl</span> <span class='ocrx_word' id='word_1_122' title='bbox 1096 2631 1191 2696; x_wconf 89' lang='lat' dir='ltr'>Maii.</span> 
     </span>
     <span class='ocr_line' id='line_1_17' title="bbox 142 2735 781 2816; baseline 0.002 -19"><span class='ocrx_word' id='word_1_123' title='bbox 142 2735 333 2815; x_wconf 81' lang='lat' dir='ltr'>Vestigium</span> <span class='ocrx_word' id='word_1_124' title='bbox 347 2752 448 2799; x_wconf 83' lang='lat' dir='ltr'>cerae</span> <span class='ocrx_word' id='word_1_125' title='bbox 462 2737 592 2800; x_wconf 79' lang='lat' dir='ltr'>rubrae</span> <span class='ocrx_word' id='word_1_126' title='bbox 605 2745 639 2800; x_wconf 85' lang='lat' dir='ltr'>et</span> <span class='ocrx_word' id='word_1_127' title='bbox 653 2737 781 2816; x_wconf 58' lang='lat' dir='ltr'>sigilli.</span> 
     </span>
    </p>
   </div>
   <div class='ocr_carea' id='block_1_5' title="bbox 0 0 1614 5392">
    <p class='ocr_par' dir='ltr' id='par_1_8' title="bbox 0 0 1614 5392">
     <span class='ocr_line' id='line_1_18' title="bbox 0 0 1614 5392; baseline 0 0"><span class='ocrx_word' id='word_1_128' title='bbox 0 0 1614 5392; x_wconf 95' lang='lat' dir='ltr'> </span> 
     </span>
    </p>
   </div>
  </div>
 </body>
</html>
