3210 5392
657 417 829 480 errunna
842 434 1113 488 ouaoaruasrass

812 1096 960 1183 CCOX

324 1438 363 1498 N.

358 1538 451 1598 Patri
466 1539 592 1613 ignatio
607 1539 648 1597 de
663 1538 801 1613 Loyola.

392 1636 596 1697 Salmantica
621 1637 654 1697 31
672 1637 817 1711 Augusti
832 1638 902 1698 root
915 1640 935 1694 ¹,

872 1926 896 1961 J.

846 1962 928 2072 lh⁸us

433 2274 558 2339 Gratia
571 2285 605 2339 et
620 2293 691 2356 pax
706 2274 763 2340 X.¹
780 2276 965 2340 nobiscum
980 2277 1026 2339 sit
1040 2292 1191 2355 semper.
1207 2275 1334 2339 Amen.

269 2434 277 2474 ·.
325 2381 440 2445 Tanta
455 2391 526 2460 est,
543 2380 620 2446 R.‘¹2
643 2380 694 2461 Ρ.,
711 2398 799 2462 erga
813 2381 1084 2446 Sanctissimum
1101 2382 1258 2461 deuotio,
1280 2393 1314 2445 et
1330 2381 1499 2445 confiten-

262 2489 529 2552 tiumnumerus
544 2506 655 2570 usque
670 2488 759 2553 adeo
775 2499 828 2554 est
853 2489 948 2569 apud
972 2506 1038 2552 nos
1057 2489 1239 2569 frequens,
1260 2497 1298 2552 ut
1318 2489 1386 2551 hoc
1403 2486 1497 2552 festo

260 2594 398 2658 Natalis
412 2594 555 2660 Domini
569 2597 711 2661 circiter
731 2596 915 2678 quingenti
933 2614 1074 2660 sacram
1096 2596 1317 2676 susceperint
1339 2612 1499 2659 commu·

261 2704 413 2780 nionem,
430 2704 539 2767 multo
553 2705 673 2784 plures
686 2703 792 2767 dubio
804 2705 929 2784 procul
942 2704 1157 2784 suscepturi,
1174 2703 1243 2766 nisi
1258 2702 1498 2766 confessario·

263 2827 342 2873 rum
360 2820 580 2889 nostrorum,
602 2811 695 2891 quod
711 2811 819 2891 pauci
842 2811 899 2875 hic
919 2811 1124 2875 sacerdotes
1146 2811 1274 2889 simus,
1299 2810 1498 2873 obstitisset

260 2917 1015 2998 inopia,atquepotissimumquodtemporis
1024 2917 1197 2981 breuitate
1207 2915 1494 2990 excluderentur;

261 3023 384 3087 diebus
400 3025 528 3087 etenim
544 3025 757 3104 praeteritae
776 3025 1076 3105 septuagesimae,
1098 3025 1184 3104 quin
1204 3023 1329 3087 deinde
1349 3033 1498 3104 propter

260 3131 449 3194 iubilaeum
465 3129 487 3209 ',
501 3132 594 3194 mille
609 3141 642 3194 et
657 3132 842 3211 quingenti
856 3143 891 3194 et
907 3149 949 3194 eo
964 3132 1083 3212 plures
1098 3131 1191 3211 apud
1204 3148 1270 3194 nos
1281 3130 1325 3193 de
1336 3131 1497 3211 peccatis

175 3270 179 3277 ·
261 3237 416 3301 confessi
437 3238 572 3317 pariter
597 3248 631 3301 et
652 3239 902 3302 communicati
932 3239 1088 3317 suerunt,
1116 3255 1266 3319 quorum
1292 3255 1363 3301 non
1389 3239 1496 3317 pauci

260 3344 377 3406 adhuc
386 3345 422 3406 in
435 3345 606 3424 oratione,
618 3354 652 3408 et
663 3345 862 3424 gratiarum
874 3347 1024 3424 actione,
1034 3346 1262 3426 poenitentia,
1274 3357 1307 3408 et
1319 3344 1497 3408 fractione

261 3451 363 3530 panis
388 3461 633 3530 perseuerant,
656 3452 691 3515 id
716 3469 796 3515 curn
816 3451 912 3515 vitae
936 3451 1187 3516 reformatione
1212 3454 1392 3533 multoque
1413 3469 1498 3516 cum

258 3557 376 3620 fructu
388 3558 573 3637 spirituali.
590 3557 739 3638 Saepius
754 3559 955 3640 quindecim
970 3559 1170 3624 huiusmodi
1186 3559 1427 3640 spiritualibus
1442 3560 1496 3622 la-

262 3665 405 3727 boribus
418 3665 542 3729 intenti
553 3683 686 3744 sumuS,
700 3683 813 3746 neque
825 3666 948 3730 diebus
960 3666 1098 3730 festiuis
1108 3668 1234 3744 solum,
1248 3682 1372 3730 uerum
1388 3667 1498 3730 etiam

289 3945 297 3976 ¹
326 3947 513 4000 Apograpbum
523 3946 548 3989 ln
559 3945 655 3999 duplici
668 3945 737 3997 folio,
749 3956 792 3988 nn.
805 3945 846 3989 315
855 3952 882 3988 et
890 3944 1028 3989 blm-ilas
1039 3946 1152 3999 litteras,
1164 3950 1240 3996 prout
1248 3946 1275 3988 ln
1283 3944 1332 3989 hoe
1343 3945 1498 3999 apographo

260 4022 328 4070 sunt,
339 4018 408 4061 baud
419 4024 514 4062 temere
525 4019 581 4073 quis
597 4018 724 4073 judicabit
735 4017 831 4061 Romae
841 4018 928 4069 fuisse,
940 4024 968 4060 ut
978 4029 1056 4072 saepe
1067 4016 1123 4061 fierl
1134 4018 1240 4065 solebat.
1257 4017 1414 4072 compositas
1425 4023 1452 4061 et
1464 4029 1496 4061 cx

262 4100 325 4133 uere
336 4090 573 4143 quadrimestribus.
584 4098 610 4133 et
621 4090 723 4144 quidem
734 4089 800 4133 binis
811 4096 855 4133 aut
866 4089 956 4143 ternis,
975 4090 1109 4133 conflatas.
1129 4088 1176 4133 Est
1192 4090 1258 4133 enlm
1274 4089 1299 4134 in
1312 4089 1352 4132 bis
1363 4099 1449 4133 sermo
1464 4090 1498 4133 de

254 4164 331 4218 sesto
341 4161 450 4204 illatoris
463 4162 572 4204 Domini
582 4163 642 4205 anni
655 4161 714 4212 1553,
725 4172 782 4204 cum
793 4168 880 4204 tamen
890 4161 968 4205 datae
979 4160 1031 4205 siut
1043 4172 1129 4205 meuse
1141 4162 1260 4216 Augusto
1272 4161 1332 4206 rost.

303 4234 315 4264 ¹
344 4232 440 4277 Latere
449 4234 490 4276 bic
502 4234 606 4277 videtur
616 4236 689 4288 origo
699 4233 769 4277 illius
780 4233 975 4286 redundantiae,
986 4244 1063 4287 quarn
1074 4234 1099 4276 in
1115 4232 1228 4278 Pounncr
1239 4234 1399 4288 narratione,
1418 4233 1496 4278 Chro-

265 4308 380 4357 nicon,t.
391 4317 427 4354 rv,
438 4317 490 4360 pag
513 4306 561 4358 375,
579 4318 605 4349 n.
623 4306 671 4359 801,
687 4305 931 4359 animadvertimus;
947 4316 1084 4360 perperam
1100 4306 1221 4350 videlicet
1237 4305 1342 4350 Polanci
1359 4306 1498 4351 librarium

262 4379 304 4421 hic
316 4378 410 4433 legisse
421 4379 575 4432 quindecim
583 4389 631 4433 pro
641 4379 706 4431 quin
717 4377 825 4421 deinde.
840 4376 912 4429 Quod
922 4378 944 4422 si
954 4379 992 4422 lta
1003 4385 1050 4426 est,
1060 4380 1199 4421 uerborum
1209 4377 1315 4422 Polancl
1331 4389 1432 4429 sensus,
1449 4379 1496 4423 ba·

262 4461 320 4493 rum
331 4451 466 4494 literarum
478 4451 563 4493 sensui
574 4450 720 4504 conformis,
732 4449 783 4494 erit
793 4459 821 4493 ut
831 4452 955 4504 sequitur:
967 4449 1077 4493 “Diebus
1093 4457 1180 4493 autem
1191 4448 1407 4504 septuagesimae,
1418 4455 1446 4495 et
1456 4461 1498 4494 se·

260 4524 398 4577 quentibus
408 4524 560 4578 quindecim,
571 4533 628 4566 cum
637 4523 780 4576 jubilaeum
790 4523 824 4566 lbi
836 4523 1014 4577 praedicatum
1024 4521 1161 4573 fuisset...
1170 4522 1198 4565 ln
1207 4522 1263 4565 loco
1272 4529 1359 4565 autem
1371 4521 1495 4566 chronici

264 4596 356 4646 citato,
367 4596 391 4638 in
403 4603 492 4640 annot.
505 4596 525 4643 2.
537 4594 638 4648 corrige
651 4594 752 4638 foedum
770 4594 929 4650 typographi
945 4594 1064 4638 mendum
1079 4585 1269 4646 quindecimus
1281 4600 1307 4637 et
1317 4594 1402 4637 scribe
1418 4598 1496 4648 quin-

263 4668 362 4712 decim.
