3240 5386
703 413 766 472 Aa.
789 414 859 472 1555
1346 412 1403 474 335

137 548 196 610 0b
221 556 416 621 daemonis
430 568 643 639 potestatem
657 576 720 639 per
735 559 841 623 aliam
853 560 950 623 uiam
961 559 1186 637 dilaberetur,
1205 560 1301 622 missi
1318 571 1401 623 sunt

131 656 282 728 etiam
295 665 355 728 alii
368 665 389 726 6
402 666 486 743 bini,
504 666 564 746 qui
577 667 624 729 ad
639 666 782 730 ianuam
802 667 933 747 oppidi,
956 667 992 730 in
1015 666 1131 729 medio
1152 666 1290 743 itinere,
1314 676 1349 730 et
1364 652 1412 729 in

126 759 257 832 loco
275 771 318 835 ad
337 773 610 852 exequutionem
631 782 704 836 tam
728 773 913 835 insolentis
929 773 1111 836 discursus
1133 773 1321 853 destinam,
1339 790 1400 836 eas

116 880 475 944 praestolarentur
489 879 626 960 paratis
640 879 735 942 adid
761 879 1000 943 concionibus.
1026 879 1216 943 Caeterum
1235 897 1400 960 praesen·

112 974 299 1049 tientes
313 986 605 1049 concionatorem
619 985 712 1049 velle
1035 986 1240 1065 'impedire
1258 987 1313 1049 uel
1328 1005 1402 1049 non

104 1078 372 1171 exiuerunt,'
387 1094 444 1155 uel
460 1108 626 1172 egressae
641 1092 723 1170 iam,
740 1091 885 1155 domum
905 1091 1074 1155 confusae
1097 1093 1286 1156 redierunt.
1309 1093 1399 1156 Eua·

96 1201 294 1263 serunt
315 1209 436 1263 tamen
453 1215 518 1279 per
536 1199 644 1262 aliam
658 1199 755 1261 viam
770 1198 1033 1261 concionatoris
1050 1215 1176 1262 manus
1196 1201 1408 1281 nonnullae„

91 1307 262 1372 quas
279 1323 347 1369 nos
368 1304 415 1368 ad
433 1315 575 1386 portum
593 1304 896 1385 deprehendentes
915 1305 1041 1368 saltem
1061 1304 1240 1369 effecimus
1263 1314 1301 1368 ut
1321 1323 1398 1386 pro·

86 1405 352 1477 mitterent
373 1412 460 1475 nihil
475 1429 514 1475 se
527 1411 733 1475 indecorum
753 1421 815 1474 aut
837 1411 1004 1475 indecens
1024 1412 1288 1489 commissuras
1306 1412 1400 1492 quod

79 1508 335 1582 effectum
346 1528 412 1593 est,
429 1535 500 1581 non
515 1518 591 1581 sine
603 1518 812 1581 intuentium
829 1518 1076 1581 admiratione.

216 1624 332 1690 Multi
346 1625 454 1689 etiam
470 1633 655 1705 apostatae
669 1623 715 1688 ad
727 1624 964 1689 intermissam
976 1624 1117 1688 uiuendi
1128 1625 1304 1690 rationem
1317 1635 1397 1705 post

73 1732 445 1813 exequutionem
476 1731 644 1794 salutaris
672 1730 909 1809 poenitentiae
938 1739 1019 1795 sunt
1049 1732 1196 1796 reuersi.
1230 1731 1399 1796 Nonnulli

70 1833 291 1918 etiam,
304 1856 350 1903 ex
362 1837 483 1902 mundi
494 1839 649 1901 tenebris
660 1837 776 1916 soluti,
789 1838 922 1900 relictis
934 1838 1108 1913 omnibus
1122 1855 1160 1902 se
1176 1847 1268 1902 totos
1280 1839 1316 1902 in
1330 1838 1402 1903 Dei·-

67 1934 381 2027 obsequium
395 1954 661 2008 consecrarunt.
678 1942 733 2007 Ex
748 1944 928 2007 exercitiis
943 1944 1184 2025 spiritualibus
1201 1962 1271 2008 non
1292 1946 1401 2025 pauci

63 2049 252 2115 Sunt
265 2052 303 2115 in
317 2052 386 2115 hac
401 2062 527 2115 sancta
542 2050 658 2114 Domo
673 2050 720 2114 ad
731 2049 984 2131 perlectionem
999 2051 1246 2129 euangelicam
1259 2069 1398 2132 promo·

62 2144 132 2206 ti
142 2195 164 2225 »
206 2175 271 2224 ex
285 2159 413 2239 quibus
427 2174 538 2238 nuper
554 2166 626 2220 tres
640 2175 679 2220 se
693 2155 861 2221 Societati
877 2158 1126 2234 adiunxerunt,
1150 2167 1290 2238 praeter
1306 2160 1399 2222 alios

55 2261 336 2346 quinque,
352 2281 443 2344 quos
458 2262 500 2326 R.
517 2263 557 2327 T.
574 2262 775 2327 Paternitas
790 2263 826 2327 in
845 2262 996 2327 fratrum
1012 2265 1232 2328 consortium
1248 2263 1405 2344 dignata.

57 2367 210 2430 est
245 2379 429 2452 cooptare.
926 2390 930 2398 ·

220 2476 330 2542 Haec
345 2487 439 2554 sunt,
455 2474 498 2538 R.
515 2475 566 2550 P..
582 2493 673 2557 quae
689 2476 808 2540 diuina
830 2476 981 2555 bonitas,
999 2493 1061 2556 per
1077 2493 1142 2539 nos
1162 2476 1303 2541 inutiles
1318 2488 1408 2542 tuos.

54 2562 625 2664 filins,.hoc.quadrimestri
639 2581 787 2662 dignata
802 2591 855 2646 est
875 2583 1017 2663 operari
1035 2582 1073 2645 in
1093 2582 1160 2645 hac
1183 2601 1277 2649 noua
1293 2584 1398 2649 uinea

53 2687 336 2755 coelestis
355 2690 550 2770 agricolae,
573 2706 664 2771 quae
686 2690 823 2753 maiora
842 2690 1008 2768 fuissent,
1026 2689 1057 2752 si
1072 2687 1407 2757 abundantissimus.

52 2776 326 2863 infimus
351 2796 516 2861 coelestis
536 2796 675 2876 gratiae
702 2796 1018 2860 instrumentorum
1044 2795 1181 2867 uilitate
1207 2796 1397 2879 impeditus

53 2901 390 2969 nonmisset.
407 2900 600 2983 Speramus
614 2902 708 2967 enim
722 2903 924 2967 orationum
945 2912 1088 2965 tuarum
1102 2902 1281 2981 praesidio
1297 2920 1396 2967 ano-

43 2989 217 3067 bis
229 3008 423 3075 .uberiores
435 3007 573 3073 fructus
586 3009 623 3072 in
637 3021 821 3089 posterum
841 3016 1088 3088 prouenturos.
1106 3007 1209 3088 vale,
1234 3008 1340 3077 Pater
1359 3011 1403 3080 iu

59 3094 193 3172 X·
207 3110 583 3183 ‘’obseruandissime.

215 3258 219 3263 -
237 3216 512 3299 DatumLoreti,
527 3219 549 3284 8
567 3221 646 3285 idus
661 3221 796 3303 Aprilis
813 3221 902 3285 1555.

450 3326 507 3393 Ex
517 3328 769 3395 ,commissione
782 3327 824 3393 R.
842 3326 880 3390 P.
896 3326 1072 3393 Rectoris.

574 3435 672 3498 Tuus
685 3432 1010 3515 indignusinXpo.
1027 3432 1129 3514 filius,

902 3645 1085 3717 Raeaaiir
1107 3648 1236 3717 mana.

89 3774 385 3823 “N-..-

184 3863 200 3896 ¹
230 3876 297 3937 *Hic
306 3888 433 3935 utino
441 3891 531 3945 verba,
542 3901 609 3945 qnae
618 3891 713 3937 charta
722 3891 825 3937 detrita.
830 3892 920 3947 legere
930 3893 1127 3947 nempernittit.
