<?xml version="1.0" encoding="UTF-8"?>
<!DOCTYPE html PUBLIC "-//W3C//DTD XHTML 1.0 Transitional//EN"
    "http://www.w3.org/TR/xhtml1/DTD/xhtml1-transitional.dtd">
<html xmlns="http://www.w3.org/1999/xhtml" xml:lang="en" lang="en">
 <head>
  <title>
</title>
<meta http-equiv="Content-Type" content="text/html;charset=utf-8" />
  <meta name='ocr-system' content='tesseract 3.04.00' />
  <meta name='ocr-capabilities' content='ocr_page ocr_carea ocr_par ocr_line ocrx_word'/>
</head>
<body>
  <div class='ocr_page' id='page_1' title='image "./litteraequadrim02jesugoog_0292.png"; bbox 0 0 3210 5392; ppageno 0'>
   <div class='ocr_carea' id='block_1_1' title="bbox 700 449 1386 509">
    <p class='ocr_par' dir='ltr' id='par_1_1' title="bbox 700 449 1386 509">
     <span class='ocr_line' id='line_1_1' title="bbox 700 449 1386 509; baseline 0.004 -3"><span class='ocrx_word' id='word_1_1' title='bbox 700 449 765 506; x_wconf 81' lang='lat' dir='ltr'>Aa.</span> <span class='ocrx_word' id='word_1_2' title='bbox 789 449 857 507; x_wconf 73' lang='lat' dir='ltr'>l‘abb</span> <span class='ocrx_word' id='word_1_3' title='bbox 1335 449 1386 509; x_wconf 84' lang='grc'>281</span> 
     </span>
    </p>
   </div>
   <div class='ocr_carea' id='block_1_2' title="bbox 141 593 1470 4726">
    <p class='ocr_par' dir='ltr' id='par_1_2' title="bbox 141 593 1470 3220">
     <span class='ocr_line' id='line_1_2' title="bbox 199 593 1386 674; baseline 0.006 -22"><span class='ocrx_word' id='word_1_4' title='bbox 199 600 360 655; x_wconf 87' lang='lat' dir='ltr'>etmentem</span> <span class='ocrx_word' id='word_1_5' title='bbox 375 593 553 672; x_wconf 82' lang='lat' dir='ltr'><strong>colligere,</strong></span> <span class='ocrx_word' id='word_1_6' title='bbox 570 611 676 674; x_wconf 90' lang='lat' dir='ltr'>quam</span> <span class='ocrx_word' id='word_1_7' title='bbox 691 593 801 657; x_wconf 91' lang='lat' dir='ltr'>ferme</span> <span class='ocrx_word' id='word_1_8' title='bbox 814 594 884 657; x_wconf 87' lang='lat' dir='ltr'>iam</span> <span class='ocrx_word' id='word_1_9' title='bbox 895 594 1168 674; x_wconf 87' lang='lat' dir='ltr'>desponderant.</span> <span class='ocrx_word' id='word_1_10' title='bbox 1185 594 1386 659; x_wconf 88' lang='lat' dir='ltr'>Restitutio·</span> 
     </span>
     <span class='ocr_line' id='line_1_3' title="bbox 199 697 1387 780; baseline 0.006 -22"><span class='ocrx_word' id='word_1_11' title='bbox 199 713 245 759; x_wconf 86' lang='lat' dir='ltr'>nes</span> <span class='ocrx_word' id='word_1_12' title='bbox 256 697 324 760; x_wconf 83' lang='lat' dir='ltr'>fiunt</span> <span class='ocrx_word' id='word_1_13' title='bbox 337 716 407 761; x_wconf 91' lang='lat' dir='ltr'>non</span> <span class='ocrx_word' id='word_1_14' title='bbox 423 717 550 780; x_wconf 91' lang='lat' dir='ltr'>parum</span> <span class='ocrx_word' id='word_1_15' title='bbox 564 702 705 763; x_wconf 88' lang='lat' dir='ltr'>multae.</span> <span class='ocrx_word' id='word_1_16' title='bbox 719 699 797 779; x_wconf 85' lang='lat' dir='ltr'>Qua</span> <span class='ocrx_word' id='word_1_17' title='bbox 812 700 848 763; x_wconf 91' lang='lat' dir='ltr'>in</span> <span class='ocrx_word' id='word_1_18' title='bbox 862 718 900 763; x_wconf 91' lang='lat' dir='ltr'>re</span> <span class='ocrx_word' id='word_1_19' title='bbox 915 699 950 762; x_wconf 94' lang='lat' dir='ltr'>id</span> <span class='ocrx_word' id='word_1_20' title='bbox 967 718 1074 763; x_wconf 89' lang='lat' dir='ltr'>vnum</span> <span class='ocrx_word' id='word_1_21' title='bbox 1090 702 1208 764; x_wconf 88' lang='lat' dir='ltr'>visum</span> <span class='ocrx_word' id='word_1_22' title='bbox 1222 700 1287 765; x_wconf 88' lang='lat' dir='ltr'>fuit</span> <span class='ocrx_word' id='word_1_23' title='bbox 1299 703 1387 765; x_wconf 85' lang='lat' dir='ltr'>rela-</span> 
     </span>
     <span class='ocr_line' id='line_1_4' title="bbox 197 803 1386 886; baseline 0.008 -23"><span class='ocrx_word' id='word_1_24' title='bbox 197 803 368 884; x_wconf 78' lang='lat' dir='ltr'>iudignum,</span> <span class='ocrx_word' id='word_1_25' title='bbox 384 805 481 884; x_wconf 92' lang='lat' dir='ltr'>quod</span> <span class='ocrx_word' id='word_1_26' title='bbox 495 806 618 886; x_wconf 87' lang='lat' dir='ltr'>paucis</span> <span class='ocrx_word' id='word_1_27' title='bbox 634 806 763 869; x_wconf 84' lang='lat' dir='ltr'>abhinc</span> <span class='ocrx_word' id='word_1_28' title='bbox 780 805 914 885; x_wconf 77' lang='lat' dir='ltr'>diebuS,</span> <span class='ocrx_word' id='word_1_29' title='bbox 931 805 1075 886; x_wconf 88' lang='lat' dir='ltr'>quidam</span> <span class='ocrx_word' id='word_1_30' title='bbox 1090 823 1313 870; x_wconf 91' lang='lat' dir='ltr'>nummorum</span> <span class='ocrx_word' id='word_1_31' title='bbox 1328 809 1386 872; x_wconf 91' lang='lat' dir='ltr'>tri·</span> 
     </span>
     <span class='ocr_line' id='line_1_5' title="bbox 194 908 1414 1008; baseline 0.009 -40"><span class='ocrx_word' id='word_1_32' title='bbox 194 908 267 985; x_wconf 84' lang='lat' dir='ltr'>ginta</span> <span class='ocrx_word' id='word_1_33' title='bbox 279 912 378 974; x_wconf 91' lang='lat' dir='ltr'>millia</span> <span class='ocrx_word' id='word_1_34' title='bbox 393 911 560 976; x_wconf 82' lang='lat' dir='ltr'>creditori</span> <span class='ocrx_word' id='word_1_35' title='bbox 574 912 745 992; x_wconf 90' lang='lat' dir='ltr'>persoluit</span> <span class='ocrx_word' id='word_1_36' title='bbox 760 913 850 975; x_wconf 88' lang='lat' dir='ltr'>citra</span> <span class='ocrx_word' id='word_1_37' title='bbox 869 915 1163 991; x_wconf 89' lang='lat' dir='ltr'>controuersiam,</span> <span class='ocrx_word' id='word_1_38' title='bbox 1181 931 1250 993; x_wconf 92' lang='lat' dir='ltr'>quo</span> <span class='ocrx_word' id='word_1_39' title='bbox 1268 914 1385 979; x_wconf 90' lang='lat' dir='ltr'>debito</span> <span class='ocrx_word' id='word_1_40' title='bbox 1410 995 1414 1008; x_wconf 33' lang='grc' dir='ltr'><strong><em>ι</em></strong></span> 
     </span>
     <span class='ocr_line' id='line_1_6' title="bbox 195 1017 1386 1099; baseline 0.007 -23"><span class='ocrx_word' id='word_1_41' title='bbox 195 1017 270 1079; x_wconf 88' lang='lat' dir='ltr'>annis</span> <span class='ocrx_word' id='word_1_42' title='bbox 285 1019 429 1098; x_wconf 89' lang='lat' dir='ltr'>amplius</span> <span class='ocrx_word' id='word_1_43' title='bbox 447 1018 569 1082; x_wconf 92' lang='lat' dir='ltr'>decem</span> <span class='ocrx_word' id='word_1_44' title='bbox 588 1036 769 1099; x_wconf 89' lang='lat' dir='ltr'>nunquam</span> <span class='ocrx_word' id='word_1_45' title='bbox 789 1036 827 1082; x_wconf 84' lang='lat' dir='ltr'>se</span> <span class='ocrx_word' id='word_1_46' title='bbox 848 1019 1061 1083; x_wconf 87' lang='lat' dir='ltr'>redemerat:</span> <span class='ocrx_word' id='word_1_47' title='bbox 1082 1038 1148 1083; x_wconf 92' lang='lat' dir='ltr'>nec</span> <span class='ocrx_word' id='word_1_48' title='bbox 1169 1021 1386 1085; x_wconf 88' lang='lat' dir='ltr'>absoluimus</span> 
     </span>
     <span class='ocr_line' id='line_1_7' title="bbox 193 1119 1384 1207; baseline 0.008 -25"><span class='ocrx_word' id='word_1_49' title='bbox 193 1119 333 1187; x_wconf 89' lang='lat' dir='ltr'>honinem</span> <span class='ocrx_word' id='word_1_50' title='bbox 347 1124 460 1188; x_wconf 91' lang='lat' dir='ltr'>donec</span> <span class='ocrx_word' id='word_1_51' title='bbox 476 1125 570 1207; x_wconf 88' lang='lat' dir='ltr'>apud</span> <span class='ocrx_word' id='word_1_52' title='bbox 585 1125 797 1189; x_wconf 91' lang='lat' dir='ltr'>creditorem</span> <span class='ocrx_word' id='word_1_53' title='bbox 811 1125 916 1189; x_wconf 87' lang='lat' dir='ltr'>fidem</span> <span class='ocrx_word' id='word_1_54' title='bbox 927 1143 1028 1189; x_wconf 84' lang='lat' dir='ltr'>suam</span> <span class='ocrx_word' id='word_1_55' title='bbox 1043 1127 1216 1191; x_wconf 89' lang='lat' dir='ltr'>liberauit.</span> <span class='ocrx_word' id='word_1_56' title='bbox 1231 1128 1265 1191; x_wconf 92' lang='lat' dir='ltr'>Is</span> <span class='ocrx_word' id='word_1_57' title='bbox 1280 1128 1384 1192; x_wconf 91' lang='lat' dir='ltr'>modo</span> 
     </span>
     <span class='ocr_line' id='line_1_8' title="bbox 192 1231 1384 1313; baseline 0.012 -28"><span class='ocrx_word' id='word_1_58' title='bbox 192 1243 244 1290; x_wconf 87' lang='lat' dir='ltr'>vna</span> <span class='ocrx_word' id='word_1_59' title='bbox 261 1248 333 1294; x_wconf 90' lang='lat' dir='ltr'>cum</span> <span class='ocrx_word' id='word_1_60' title='bbox 356 1231 496 1296; x_wconf 89' lang='lat' dir='ltr'>duobus</span> <span class='ocrx_word' id='word_1_61' title='bbox 518 1233 637 1295; x_wconf 90' lang='lat' dir='ltr'>liberis</span> <span class='ocrx_word' id='word_1_62' title='bbox 659 1232 767 1312; x_wconf 89' lang='lat' dir='ltr'>(quod</span> <span class='ocrx_word' id='word_1_63' title='bbox 786 1233 823 1296; x_wconf 90' lang='lat' dir='ltr'>in</span> <span class='ocrx_word' id='word_1_64' title='bbox 849 1234 1001 1311; x_wconf 81' lang='lat' dir='ltr'>gloriam</span> <span class='ocrx_word' id='word_1_65' title='bbox 1022 1231 1089 1297; x_wconf 92' lang='lat' dir='ltr'>Dei</span> <span class='ocrx_word' id='word_1_66' title='bbox 1109 1234 1223 1313; x_wconf 90' lang='lat' dir='ltr'>cedat)</span> <span class='ocrx_word' id='word_1_67' title='bbox 1247 1234 1384 1299; x_wconf 90' lang='lat' dir='ltr'>decimo</span> 
     </span>
     <span class='ocr_line' id='line_1_9' title="bbox 188 1335 1385 1420; baseline 0.008 -25"><span class='ocrx_word' id='word_1_68' title='bbox 188 1335 280 1410; x_wconf 88' lang='lat' dir='ltr'>quinto</span> <span class='ocrx_word' id='word_1_69' title='bbox 291 1355 427 1418; x_wconf 92' lang='lat' dir='ltr'>quoque</span> <span class='ocrx_word' id='word_1_70' title='bbox 440 1339 495 1402; x_wconf 92' lang='lat' dir='ltr'>die</span> <span class='ocrx_word' id='word_1_71' title='bbox 508 1338 552 1402; x_wconf 93' lang='lat' dir='ltr'>ad</span> <span class='ocrx_word' id='word_1_72' title='bbox 567 1338 828 1402; x_wconf 91' lang='lat' dir='ltr'>confessionem</span> <span class='ocrx_word' id='word_1_73' title='bbox 840 1339 1024 1403; x_wconf 88' lang='lat' dir='ltr'>accedunt.</span> <span class='ocrx_word' id='word_1_74' title='bbox 1043 1339 1099 1402; x_wconf 83' lang='lat' dir='ltr'>Ad</span> <span class='ocrx_word' id='word_1_75' title='bbox 1115 1341 1207 1404; x_wconf 89' lang='lat' dir='ltr'>hanc</span> <span class='ocrx_word' id='word_1_76' title='bbox 1218 1350 1385 1420; x_wconf 89' lang='lat' dir='ltr'>parentes</span> 
     </span>
     <span class='ocr_line' id='line_1_10' title="bbox 141 1437 1384 1527; baseline 0.008 -26"><span class='ocrx_word' id='word_1_77' title='bbox 141 1463 145 1469; x_wconf 88' lang='lat'><strong>·</strong></span> <span class='ocrx_word' id='word_1_78' title='bbox 188 1437 253 1504; x_wconf 88' lang='lat' dir='ltr'>filios</span> <span class='ocrx_word' id='word_1_79' title='bbox 264 1443 505 1522; x_wconf 82' lang='lat' dir='ltr'>adhortantur,</span> <span class='ocrx_word' id='word_1_80' title='bbox 521 1444 616 1525; x_wconf 92' lang='lat' dir='ltr'>quod</span> <span class='ocrx_word' id='word_1_81' title='bbox 632 1462 713 1509; x_wconf 91' lang='lat' dir='ltr'>cum</span> <span class='ocrx_word' id='word_1_82' title='bbox 728 1446 822 1509; x_wconf 89' lang='lat' dir='ltr'>bona</span> <span class='ocrx_word' id='word_1_83' title='bbox 836 1447 954 1526; x_wconf 87' lang='lat' dir='ltr'>gratia</span> <span class='ocrx_word' id='word_1_84' title='bbox 970 1447 1171 1527; x_wconf 91' lang='lat' dir='ltr'>impetrant,</span> <span class='ocrx_word' id='word_1_85' title='bbox 1188 1458 1262 1511; x_wconf 91' lang='lat' dir='ltr'>tum</span> <span class='ocrx_word' id='word_1_86' title='bbox 1277 1449 1384 1512; x_wconf 86' lang='lat' dir='ltr'>etiam</span> 
     </span>
     <span class='ocr_line' id='line_1_11' title="bbox 187 1529 1384 1633; baseline 0.007 -23"><span class='ocrx_word' id='word_1_87' title='bbox 187 1542 232 1610; x_wconf 81' lang='lat' dir='ltr'>ilii</span> <span class='ocrx_word' id='word_1_88' title='bbox 240 1560 391 1628; x_wconf 89' lang='lat' dir='ltr'>parentes</span> <span class='ocrx_word' id='word_1_89' title='bbox 404 1552 512 1632; x_wconf 79' lang='lat' dir='ltr'>ipsos</span> <span class='ocrx_word' id='word_1_90' title='bbox 527 1551 582 1615; x_wconf 86' lang='lat' dir='ltr'>Ex</span> <span class='ocrx_word' id='word_1_91' title='bbox 593 1552 648 1615; x_wconf 92' lang='lat' dir='ltr'>his</span> <span class='ocrx_word' id='word_1_92' title='bbox 660 1529 742 1615; x_wconf 71' lang='lat' dir='ltr'>&#39;sunt</span> <span class='ocrx_word' id='word_1_93' title='bbox 754 1553 922 1631; x_wconf 87' lang='lat' dir='ltr'>nonnulli,</span> <span class='ocrx_word' id='word_1_94' title='bbox 941 1553 1011 1632; x_wconf 90' lang='lat' dir='ltr'>qui,</span> <span class='ocrx_word' id='word_1_95' title='bbox 1026 1562 1216 1633; x_wconf 89' lang='lat' dir='ltr'>antequam</span> <span class='ocrx_word' id='word_1_96' title='bbox 1227 1555 1384 1619; x_wconf 91' lang='lat' dir='ltr'>cubitum</span> 
     </span>
     <span class='ocr_line' id='line_1_12' title="bbox 185 1657 1381 1740; baseline 0.006 -25"><span class='ocrx_word' id='word_1_97' title='bbox 185 1664 255 1735; x_wconf 84' lang='lat' dir='ltr'>eant,</span> <span class='ocrx_word' id='word_1_98' title='bbox 266 1657 372 1721; x_wconf 86' lang='lat' dir='ltr'>vtfilii</span> <span class='ocrx_word' id='word_1_99' title='bbox 384 1658 534 1738; x_wconf 82' lang='lat' dir='ltr'>genibus</span> <span class='ocrx_word' id='word_1_100' title='bbox 546 1657 648 1723; x_wconf 85' lang='lat' dir='ltr'>flexis</span> <span class='ocrx_word' id='word_1_101' title='bbox 659 1669 742 1722; x_wconf 90' lang='lat' dir='ltr'>ante</span> <span class='ocrx_word' id='word_1_102' title='bbox 754 1661 885 1722; x_wconf 91' lang='lat' dir='ltr'>lectum</span> <span class='ocrx_word' id='word_1_103' title='bbox 896 1660 1048 1722; x_wconf 90' lang='lat' dir='ltr'>orationi</span> <span class='ocrx_word' id='word_1_104' title='bbox 1059 1669 1200 1740; x_wconf 85' lang='lat' dir='ltr'>vacent,</span> <span class='ocrx_word' id='word_1_105' title='bbox 1217 1661 1381 1725; x_wconf 85' lang='lat' dir='ltr'>efficiunt.</span> 
     </span>
     <span class='ocr_line' id='line_1_13' title="bbox 186 1756 1383 1846; baseline 0.008 -24"><span class='ocrx_word' id='word_1_106' title='bbox 186 1756 343 1844; x_wconf 83' lang='lat' dir='ltr'>Coniugati</span> <span class='ocrx_word' id='word_1_107' title='bbox 359 1765 494 1845; x_wconf 89' lang='lat' dir='ltr'>aliquot</span> <span class='ocrx_word' id='word_1_108' title='bbox 508 1765 667 1828; x_wconf 90' lang='lat' dir='ltr'>nonnihil</span> <span class='ocrx_word' id='word_1_109' title='bbox 682 1766 852 1846; x_wconf 89' lang='lat' dir='ltr'>temporis</span> <span class='ocrx_word' id='word_1_110' title='bbox 872 1766 1074 1846; x_wconf 90' lang='lat' dir='ltr'>impertiunt</span> <span class='ocrx_word' id='word_1_111' title='bbox 1094 1767 1257 1831; x_wconf 91' lang='lat' dir='ltr'>orationi.</span> <span class='ocrx_word' id='word_1_112' title='bbox 1275 1767 1383 1833; x_wconf 90' lang='lat' dir='ltr'>Scho-</span> 
     </span>
     <span class='ocr_line' id='line_1_14' title="bbox 188 1861 1470 1952; baseline 0.008 -23"><span class='ocrx_word' id='word_1_113' title='bbox 188 1865 275 1933; x_wconf 84' lang='lat' dir='ltr'>lastici</span> <span class='ocrx_word' id='word_1_114' title='bbox 288 1871 410 1950; x_wconf 88' lang='lat' dir='ltr'>etiam,</span> <span class='ocrx_word' id='word_1_115' title='bbox 431 1889 504 1933; x_wconf 87' lang='lat' dir='ltr'>vna</span> <span class='ocrx_word' id='word_1_116' title='bbox 525 1888 607 1934; x_wconf 92' lang='lat' dir='ltr'>cum</span> <span class='ocrx_word' id='word_1_117' title='bbox 626 1872 721 1951; x_wconf 91' lang='lat' dir='ltr'>aliis,</span> <span class='ocrx_word' id='word_1_118' title='bbox 739 1889 828 1952; x_wconf 93' lang='lat' dir='ltr'>quos</span> <span class='ocrx_word' id='word_1_119' title='bbox 847 1872 883 1935; x_wconf 92' lang='lat' dir='ltr'>in</span> <span class='ocrx_word' id='word_1_120' title='bbox 903 1873 1037 1937; x_wconf 91' lang='lat' dir='ltr'>eisdem</span> <span class='ocrx_word' id='word_1_121' title='bbox 1057 1874 1203 1937; x_wconf 90' lang='lat' dir='ltr'>aedibus</span> <span class='ocrx_word' id='word_1_122' title='bbox 1222 1875 1383 1940; x_wconf 89' lang='lat' dir='ltr'>habitare</span> <span class='ocrx_word' id='word_1_123' title='bbox 1465 1861 1470 1876; x_wconf 63' lang='lat'>⁸</span> 
     </span>
     <span class='ocr_line' id='line_1_15' title="bbox 187 1975 1378 2061; baseline 0.011 -29"><span class='ocrx_word' id='word_1_124' title='bbox 187 1975 343 2056; x_wconf 82' lang='lat' dir='ltr'>contingit,</span> <span class='ocrx_word' id='word_1_125' title='bbox 369 1987 405 2040; x_wconf 90' lang='lat' dir='ltr'>et</span> <span class='ocrx_word' id='word_1_126' title='bbox 430 1994 535 2040; x_wconf 88' lang='lat' dir='ltr'>mane</span> <span class='ocrx_word' id='word_1_127' title='bbox 560 1986 595 2040; x_wconf 94' lang='lat' dir='ltr'>et</span> <span class='ocrx_word' id='word_1_128' title='bbox 619 1979 760 2058; x_wconf 90' lang='lat' dir='ltr'>vesperi</span> <span class='ocrx_word' id='word_1_129' title='bbox 786 1979 945 2057; x_wconf 87' lang='lat' dir='ltr'>singulas</span> <span class='ocrx_word' id='word_1_130' title='bbox 970 1980 1078 2043; x_wconf 85' lang='lat' dir='ltr'>horas</span> <span class='ocrx_word' id='word_1_131' title='bbox 1103 1978 1188 2044; x_wconf 92' lang='lat' dir='ltr'>dant</span> <span class='ocrx_word' id='word_1_132' title='bbox 1213 1983 1378 2061; x_wconf 88' lang='lat' dir='ltr'>orationi,</span> 
     </span>
     <span class='ocr_line' id='line_1_16' title="bbox 187 2082 1383 2170; baseline 0.01 -30"><span class='ocrx_word' id='word_1_133' title='bbox 187 2082 315 2160; x_wconf 86' lang='lat' dir='ltr'>equibus</span> <span class='ocrx_word' id='word_1_134' title='bbox 330 2084 491 2147; x_wconf 92' lang='lat' dir='ltr'>nonnulli</span> <span class='ocrx_word' id='word_1_135' title='bbox 505 2083 626 2165; x_wconf 89' lang='lat' dir='ltr'>flagris</span> <span class='ocrx_word' id='word_1_136' title='bbox 651 2085 784 2165; x_wconf 89' lang='lat' dir='ltr'>aliquot</span> <span class='ocrx_word' id='word_1_137' title='bbox 809 2094 863 2148; x_wconf 89' lang='lat' dir='ltr'>ter</span> <span class='ocrx_word' id='word_1_138' title='bbox 888 2103 950 2166; x_wconf 93' lang='lat' dir='ltr'>per</span> <span class='ocrx_word' id='word_1_139' title='bbox 975 2086 1232 2151; x_wconf 89' lang='lat' dir='ltr'>hebdomadam</span> <span class='ocrx_word' id='word_1_140' title='bbox 1253 2105 1383 2170; x_wconf 85' lang='lat' dir='ltr'>corpus</span> 
     </span>
     <span class='ocr_line' id='line_1_17' title="bbox 190 2189 1379 2270; baseline 0.009 -22"><span class='ocrx_word' id='word_1_141' title='bbox 190 2189 344 2270; x_wconf 87' lang='lat' dir='ltr'>castigant,</span> <span class='ocrx_word' id='word_1_142' title='bbox 362 2191 411 2253; x_wconf 91' lang='lat' dir='ltr'>ita</span> <span class='ocrx_word' id='word_1_143' title='bbox 422 2201 542 2254; x_wconf 89' lang='lat' dir='ltr'>tamen</span> <span class='ocrx_word' id='word_1_144' title='bbox 556 2200 595 2254; x_wconf 89' lang='lat' dir='ltr'>vt</span> <span class='ocrx_word' id='word_1_145' title='bbox 611 2192 806 2255; x_wconf 89' lang='lat' dir='ltr'>valetudini</span> <span class='ocrx_word' id='word_1_146' title='bbox 821 2195 1007 2256; x_wconf 89' lang='lat' dir='ltr'>consulant</span> <span class='ocrx_word' id='word_1_147' title='bbox 1022 2205 1057 2256; x_wconf 94' lang='lat' dir='ltr'>et</span> <span class='ocrx_word' id='word_1_148' title='bbox 1071 2195 1268 2258; x_wconf 90' lang='lat' dir='ltr'>studiorum</span> <span class='ocrx_word' id='word_1_149' title='bbox 1286 2197 1379 2260; x_wconf 92' lang='lat' dir='ltr'>labo·</span> 
     </span>
     <span class='ocr_line' id='line_1_18' title="bbox 189 2291 1381 2378; baseline 0.013 -27"><span class='ocrx_word' id='word_1_150' title='bbox 189 2291 258 2358; x_wconf 86' lang='lat' dir='ltr'>nbus</span> <span class='ocrx_word' id='word_1_151' title='bbox 270 2298 403 2378; x_wconf 89' lang='lat' dir='ltr'>possint</span> <span class='ocrx_word' id='word_1_152' title='bbox 418 2297 636 2362; x_wconf 76' lang='lat' dir='ltr'>satisfacere.</span> <span class='ocrx_word' id='word_1_153' title='bbox 653 2299 788 2363; x_wconf 91' lang='lat' dir='ltr'>Rumor</span> <span class='ocrx_word' id='word_1_154' title='bbox 803 2301 886 2363; x_wconf 91' lang='lat' dir='ltr'>item</span> <span class='ocrx_word' id='word_1_155' title='bbox 899 2301 1071 2365; x_wconf 87' lang='lat' dir='ltr'>increbuit</span> <span class='ocrx_word' id='word_1_156' title='bbox 1082 2301 1239 2365; x_wconf 90' lang='lat' dir='ltr'>futurum</span> <span class='ocrx_word' id='word_1_157' title='bbox 1250 2312 1289 2366; x_wconf 91' lang='lat' dir='ltr'>vt</span> <span class='ocrx_word' id='word_1_158' title='bbox 1300 2321 1381 2366; x_wconf 92' lang='lat' dir='ltr'>con·</span> 
     </span>
     <span class='ocr_line' id='line_1_19' title="bbox 187 2399 1380 2491; baseline 0.013 -33"><span class='ocrx_word' id='word_1_159' title='bbox 187 2399 325 2468; x_wconf 87' lang='lat' dir='ltr'>cubinarii</span> <span class='ocrx_word' id='word_1_160' title='bbox 339 2422 410 2469; x_wconf 90' lang='lat' dir='ltr'>non</span> <span class='ocrx_word' id='word_1_161' title='bbox 425 2414 498 2468; x_wconf 94' lang='lat' dir='ltr'>tam</span> <span class='ocrx_word' id='word_1_162' title='bbox 512 2406 815 2470; x_wconf 89' lang='lat' dir='ltr'>inueterascerent</span> <span class='ocrx_word' id='word_1_163' title='bbox 829 2408 865 2470; x_wconf 91' lang='lat' dir='ltr'>in</span> <span class='ocrx_word' id='word_1_164' title='bbox 880 2407 1125 2472; x_wconf 91' lang='lat' dir='ltr'>sordidissimo</span> <span class='ocrx_word' id='word_1_165' title='bbox 1139 2409 1239 2490; x_wconf 90' lang='lat' dir='ltr'>vitio,</span> <span class='ocrx_word' id='word_1_166' title='bbox 1255 2411 1286 2473; x_wconf 92' lang='lat' dir='ltr'>si</span> <span class='ocrx_word' id='word_1_167' title='bbox 1301 2428 1380 2491; x_wconf 89' lang='lat' dir='ltr'>poe·</span> 
     </span>
     <span class='ocr_line' id='line_1_20' title="bbox 188 2493 1378 2581; baseline 0.014 -17"><span class='ocrx_word' id='word_1_168' title='bbox 188 2504 342 2574; x_wconf 87' lang='lat' dir='ltr'>nitentiarii</span> <span class='ocrx_word' id='word_1_169' title='bbox 362 2511 544 2576; x_wconf 87' lang='lat' dir='ltr'>auditores</span> <span class='ocrx_word' id='word_1_170' title='bbox 567 2493 626 2576; x_wconf 89' lang='lat' dir='ltr'>alii</span> <span class='ocrx_word' id='word_1_171' title='bbox 647 2513 683 2575; x_wconf 94' lang='lat' dir='ltr'>in</span> <span class='ocrx_word' id='word_1_172' title='bbox 699 2513 899 2577; x_wconf 91' lang='lat' dir='ltr'>huiusmodi</span> <span class='ocrx_word' id='word_1_173' title='bbox 921 2516 1126 2578; x_wconf 90' lang='lat' dir='ltr'>resecandis</span> <span class='ocrx_word' id='word_1_174' title='bbox 1145 2517 1242 2580; x_wconf 89' lang='lat' dir='ltr'>vitiis</span> <span class='ocrx_word' id='word_1_175' title='bbox 1262 2515 1378 2581; x_wconf 89' lang='lat' dir='ltr'>Socie-</span> 
     </span>
     <span class='ocr_line' id='line_1_21' title="bbox 187 2612 1380 2704; baseline 0.009 -28"><span class='ocrx_word' id='word_1_176' title='bbox 187 2612 247 2676; x_wconf 83' lang='lat' dir='ltr'>tais</span> <span class='ocrx_word' id='word_1_177' title='bbox 257 2634 411 2682; x_wconf 88' lang='lat' dir='ltr'>normam</span> <span class='ocrx_word' id='word_1_178' title='bbox 425 2630 668 2699; x_wconf 90' lang='lat' dir='ltr'>sequerentur.</span> <span class='ocrx_word' id='word_1_179' title='bbox 685 2620 765 2702; x_wconf 89' lang='lat' dir='ltr'>Jam</span> <span class='ocrx_word' id='word_1_180' title='bbox 777 2620 807 2683; x_wconf 89' lang='lat' dir='ltr'>si</span> <span class='ocrx_word' id='word_1_181' title='bbox 822 2621 881 2699; x_wconf 93' lang='lat' dir='ltr'>qui</span> <span class='ocrx_word' id='word_1_182' title='bbox 895 2622 1102 2685; x_wconf 90' lang='lat' dir='ltr'>iuramentis</span> <span class='ocrx_word' id='word_1_183' title='bbox 1118 2623 1250 2686; x_wconf 88' lang='lat' dir='ltr'>assueti</span> <span class='ocrx_word' id='word_1_184' title='bbox 1275 2625 1380 2704; x_wconf 86' lang='lat' dir='ltr'>(quod</span> 
     </span>
     <span class='ocr_line' id='line_1_22' title="bbox 188 2716 1377 2807; baseline 0.018 -33"><span class='ocrx_word' id='word_1_185' title='bbox 188 2716 279 2787; x_wconf 84' lang='lat' dir='ltr'>vitium</span> <span class='ocrx_word' id='word_1_186' title='bbox 291 2734 385 2805; x_wconf 89' lang='lat' dir='ltr'>patet</span> <span class='ocrx_word' id='word_1_187' title='bbox 401 2726 584 2804; x_wconf 86' lang='lat' dir='ltr'>latissime)</span> <span class='ocrx_word' id='word_1_188' title='bbox 610 2727 755 2807; x_wconf 92' lang='lat' dir='ltr'>cupiunt</span> <span class='ocrx_word' id='word_1_189' title='bbox 782 2727 925 2790; x_wconf 90' lang='lat' dir='ltr'>abolere</span> <span class='ocrx_word' id='word_1_190' title='bbox 950 2739 1024 2791; x_wconf 92' lang='lat' dir='ltr'>tam</span> <span class='ocrx_word' id='word_1_191' title='bbox 1045 2729 1279 2793; x_wconf 89' lang='lat' dir='ltr'>inueteratam</span> <span class='ocrx_word' id='word_1_192' title='bbox 1299 2749 1377 2795; x_wconf 90' lang='lat' dir='ltr'>con·</span> 
     </span>
     <span class='ocr_line' id='line_1_23' title="bbox 188 2831 1379 2920; baseline 0.013 -35"><span class='ocrx_word' id='word_1_193' title='bbox 188 2831 383 2908; x_wconf 85' lang='lat' dir='ltr'>suetudinem,</span> <span class='ocrx_word' id='word_1_194' title='bbox 411 2842 449 2895; x_wconf 92' lang='lat' dir='ltr'>vt</span> <span class='ocrx_word' id='word_1_195' title='bbox 474 2831 688 2896; x_wconf 88' lang='lat' dir='ltr'>Societatem</span> <span class='ocrx_word' id='word_1_196' title='bbox 713 2833 842 2897; x_wconf 91' lang='lat' dir='ltr'>adeant</span> <span class='ocrx_word' id='word_1_197' title='bbox 869 2833 1113 2915; x_wconf 90' lang='lat' dir='ltr'>admonentur,</span> <span class='ocrx_word' id='word_1_198' title='bbox 1141 2835 1257 2918; x_wconf 87' lang='lat' dir='ltr'>fitque,</span> <span class='ocrx_word' id='word_1_199' title='bbox 1281 2838 1379 2920; x_wconf 91' lang='lat' dir='ltr'>Jesu·</span> 
     </span>
     <span class='ocr_line' id='line_1_24' title="bbox 188 2927 1380 3019; baseline 0.013 -26"><span class='ocrx_word' id='word_1_200' title='bbox 188 2927 416 3018; x_wconf 82' lang='lat' dir='ltr'>christigratia,</span> <span class='ocrx_word' id='word_1_201' title='bbox 438 2951 475 3002; x_wconf 92' lang='lat' dir='ltr'>vt</span> <span class='ocrx_word' id='word_1_202' title='bbox 492 2940 593 3003; x_wconf 90' lang='lat' dir='ltr'>breui</span> <span class='ocrx_word' id='word_1_203' title='bbox 615 2952 823 3004; x_wconf 89' lang='lat' dir='ltr'>assuescant</span> <span class='ocrx_word' id='word_1_204' title='bbox 839 2940 922 3003; x_wconf 89' lang='lat' dir='ltr'>illud</span> <span class='ocrx_word' id='word_1_205' title='bbox 937 2943 1182 3019; x_wconf 82' lang='lat' dir='ltr'>euangelicum</span> <span class='ocrx_word' id='word_1_206' title='bbox 1196 2942 1380 3008; x_wconf 89' lang='lat' dir='ltr'>addiscere</span> 
     </span>
     <span class='ocr_line' id='line_1_25' title="bbox 188 3031 1377 3130; baseline 0.013 -31"><span class='ocrx_word' id='word_1_207' title='bbox 188 3031 360 3109; x_wconf 84' lang='lat' dir='ltr'>inveritatis</span> <span class='ocrx_word' id='word_1_208' title='bbox 376 3045 693 3115; x_wconf 83' lang='lat' dir='ltr'>confirmationem:</span> <span class='ocrx_word' id='word_1_209' title='bbox 714 3047 793 3126; x_wconf 84' lang='lat' dir='ltr'>Est,</span> <span class='ocrx_word' id='word_1_210' title='bbox 816 3065 898 3110; x_wconf 87' lang='lat' dir='ltr'>non.</span> <span class='ocrx_word' id='word_1_211' title='bbox 917 3048 1013 3127; x_wconf 85' lang='lat' dir='ltr'>Quos</span> <span class='ocrx_word' id='word_1_212' title='bbox 1029 3067 1109 3111; x_wconf 92' lang='lat' dir='ltr'>cum</span> <span class='ocrx_word' id='word_1_213' title='bbox 1135 3051 1194 3112; x_wconf 89' lang='lat' dir='ltr'>alii</span> <span class='ocrx_word' id='word_1_214' title='bbox 1220 3051 1377 3130; x_wconf 91' lang='lat' dir='ltr'>audiunt,</span> 
     </span>
     <span class='ocr_line' id='line_1_26' title="bbox 188 3145 1321 3220; baseline 0.016 -18"><span class='ocrx_word' id='word_1_215' title='bbox 188 3145 275 3211; x_wconf 81' lang='lat' dir='ltr'>statim</span> <span class='ocrx_word' id='word_1_216' title='bbox 286 3150 370 3216; x_wconf 91' lang='lat' dir='ltr'>haec</span> <span class='ocrx_word' id='word_1_217' title='bbox 385 3169 523 3215; x_wconf 90' lang='lat' dir='ltr'>secum:</span> <span class='ocrx_word' id='word_1_218' title='bbox 540 3153 586 3217; x_wconf 92' lang='lat' dir='ltr'>Hi</span> <span class='ocrx_word' id='word_1_219' title='bbox 600 3151 776 3217; x_wconf 86' lang='lat' dir='ltr'>Societate</span> <span class='ocrx_word' id='word_1_220' title='bbox 789 3156 895 3218; x_wconf 85' lang='lat' dir='ltr'>valde</span> <span class='ocrx_word' id='word_1_221' title='bbox 911 3157 1131 3219; x_wconf 79' lang='lat' dir='ltr'>familiariter</span> <span class='ocrx_word' id='word_1_222' title='bbox 1152 3168 1321 3220; x_wconf 80' lang='lat' dir='ltr'>vtuntur.¹</span> 
     </span>
    </p>

    <p class='ocr_par' dir='ltr' id='par_1_3' title="bbox 185 3247 1380 3858">
     <span class='ocr_line' id='line_1_27' title="bbox 229 3247 1378 3344; baseline 0.014 -32"><span class='ocrx_word' id='word_1_223' title='bbox 229 3247 297 3320; x_wconf 87' lang='lat' dir='ltr'>Illud</span> <span class='ocrx_word' id='word_1_224' title='bbox 311 3259 417 3322; x_wconf 88' lang='lat' dir='ltr'>etiam</span> <span class='ocrx_word' id='word_1_225' title='bbox 433 3276 502 3321; x_wconf 91' lang='lat' dir='ltr'>non</span> <span class='ocrx_word' id='word_1_226' title='bbox 514 3261 811 3339; x_wconf 87' lang='lat' dir='ltr'>praetereundum</span> <span class='ocrx_word' id='word_1_227' title='bbox 823 3273 887 3339; x_wconf 91' lang='lat' dir='ltr'>est,</span> <span class='ocrx_word' id='word_1_228' title='bbox 902 3274 1053 3341; x_wconf 90' lang='lat' dir='ltr'>quantos</span> <span class='ocrx_word' id='word_1_229' title='bbox 1068 3263 1201 3327; x_wconf 90' lang='lat' dir='ltr'>faciant</span> <span class='ocrx_word' id='word_1_230' title='bbox 1214 3263 1250 3326; x_wconf 92' lang='lat' dir='ltr'>in</span> <span class='ocrx_word' id='word_1_231' title='bbox 1262 3281 1378 3344; x_wconf 83' lang='lat' dir='ltr'>gram·</span> 
     </span>
     <span class='ocr_line' id='line_1_28' title="bbox 188 3358 1380 3450; baseline 0.017 -36"><span class='ocrx_word' id='word_1_232' title='bbox 188 3358 285 3426; x_wconf 83' lang='lat' dir='ltr'>natica</span> <span class='ocrx_word' id='word_1_233' title='bbox 306 3376 507 3446; x_wconf 89' lang='lat' dir='ltr'>quantoque</span> <span class='ocrx_word' id='word_1_234' title='bbox 532 3368 685 3430; x_wconf 90' lang='lat' dir='ltr'>maiores</span> <span class='ocrx_word' id='word_1_235' title='bbox 711 3385 922 3447; x_wconf 87' lang='lat' dir='ltr'>progressus</span> <span class='ocrx_word' id='word_1_236' title='bbox 946 3369 1062 3448; x_wconf 90' lang='lat' dir='ltr'>pueri,</span> <span class='ocrx_word' id='word_1_237' title='bbox 1090 3371 1150 3450; x_wconf 94' lang='lat' dir='ltr'>qui</span> <span class='ocrx_word' id='word_1_238' title='bbox 1174 3371 1242 3433; x_wconf 92' lang='lat' dir='ltr'>huc</span> <span class='ocrx_word' id='word_1_239' title='bbox 1264 3371 1380 3435; x_wconf 91' lang='lat' dir='ltr'>denuo</span> 
     </span>
     <span class='ocr_line' id='line_1_29' title="bbox 185 3471 1378 3557; baseline 0.008 -25"><span class='ocrx_word' id='word_1_240' title='bbox 185 3471 404 3536; x_wconf 64' lang='lat' dir='ltr'>grammaticae</span> <span class='ocrx_word' id='word_1_241' title='bbox 418 3473 619 3537; x_wconf 88' lang='lat' dir='ltr'>rudimenta</span> <span class='ocrx_word' id='word_1_242' title='bbox 634 3474 787 3552; x_wconf 91' lang='lat' dir='ltr'>discunt,</span> <span class='ocrx_word' id='word_1_243' title='bbox 802 3492 908 3554; x_wconf 89' lang='lat' dir='ltr'>quam</span> <span class='ocrx_word' id='word_1_244' title='bbox 920 3476 979 3555; x_wconf 92' lang='lat' dir='ltr'>qui</span> <span class='ocrx_word' id='word_1_245' title='bbox 992 3476 1074 3539; x_wconf 91' lang='lat' dir='ltr'>alibi</span> <span class='ocrx_word' id='word_1_246' title='bbox 1090 3477 1195 3557; x_wconf 92' lang='lat' dir='ltr'>(quod</span> <span class='ocrx_word' id='word_1_247' title='bbox 1207 3479 1283 3541; x_wconf 90' lang='lat' dir='ltr'>sine</span> <span class='ocrx_word' id='word_1_248' title='bbox 1296 3479 1378 3541; x_wconf 90' lang='lat' dir='ltr'>alio-</span> 
     </span>
     <span class='ocr_line' id='line_1_30' title="bbox 186 3572 1380 3661; baseline 0.011 -27"><span class='ocrx_word' id='word_1_249' title='bbox 186 3577 243 3629; x_wconf 78' lang='lat' dir='ltr'>ram</span> <span class='ocrx_word' id='word_1_250' title='bbox 254 3572 369 3641; x_wconf 85' lang='lat' dir='ltr'>iniuria</span> <span class='ocrx_word' id='word_1_251' title='bbox 385 3580 520 3642; x_wconf 90' lang='lat' dir='ltr'>dictum</span> <span class='ocrx_word' id='word_1_252' title='bbox 539 3580 595 3658; x_wconf 89' lang='lat' dir='ltr'>sit)</span> <span class='ocrx_word' id='word_1_253' title='bbox 615 3581 737 3642; x_wconf 91' lang='lat' dir='ltr'>literas</span> <span class='ocrx_word' id='word_1_254' title='bbox 756 3580 1035 3661; x_wconf 86' lang='lat' dir='ltr'>perdidicerunt;</span> <span class='ocrx_word' id='word_1_255' title='bbox 1060 3595 1205 3646; x_wconf 87' lang='lat' dir='ltr'>curatur</span> <span class='ocrx_word' id='word_1_256' title='bbox 1226 3585 1319 3647; x_wconf 89' lang='lat' dir='ltr'>enim</span> <span class='ocrx_word' id='word_1_257' title='bbox 1341 3595 1380 3647; x_wconf 93' lang='lat' dir='ltr'>vt</span> 
     </span>
     <span class='ocr_line' id='line_1_31' title="bbox 185 3662 1378 3769; baseline 0.016 -36"><span class='ocrx_word' id='word_1_258' title='bbox 185 3662 298 3745; x_wconf 83' lang='lat' dir='ltr'>fideliter</span> <span class='ocrx_word' id='word_1_259' title='bbox 311 3685 540 3749; x_wconf 90' lang='lat' dir='ltr'>fundamenta</span> <span class='ocrx_word' id='word_1_260' title='bbox 553 3685 742 3766; x_wconf 86' lang='lat' dir='ltr'>jaciantur,</span> <span class='ocrx_word' id='word_1_261' title='bbox 759 3705 828 3767; x_wconf 91' lang='lat' dir='ltr'>quo</span> <span class='ocrx_word' id='word_1_262' title='bbox 843 3687 902 3751; x_wconf 90' lang='lat' dir='ltr'>fiet</span> <span class='ocrx_word' id='word_1_263' title='bbox 919 3699 955 3749; x_wconf 91' lang='lat' dir='ltr'>vt</span> <span class='ocrx_word' id='word_1_264' title='bbox 971 3689 1071 3751; x_wconf 92' lang='lat' dir='ltr'>breui</span> <span class='ocrx_word' id='word_1_265' title='bbox 1083 3691 1251 3769; x_wconf 90' lang='lat' dir='ltr'>temporis</span> <span class='ocrx_word' id='word_1_266' title='bbox 1265 3691 1378 3769; x_wconf 90' lang='lat' dir='ltr'>spatio</span> 
     </span>
     <span class='ocr_line' id='line_1_32' title="bbox 185 3789 984 3858; baseline 0.005 -6"><span class='ocrx_word' id='word_1_267' title='bbox 185 3789 427 3855; x_wconf 58' lang='lat' dir='ltr'>agrammarieis</span> <span class='ocrx_word' id='word_1_268' title='bbox 439 3792 485 3855; x_wconf 91' lang='lat' dir='ltr'>ad</span> <span class='ocrx_word' id='word_1_269' title='bbox 500 3793 698 3857; x_wconf 93' lang='lat' dir='ltr'>rhetoricos</span> <span class='ocrx_word' id='word_1_270' title='bbox 714 3794 984 3858; x_wconf 87' lang='lat' dir='ltr'>transferantur.</span> 
     </span>
    </p>

    <p class='ocr_par' dir='ltr' id='par_1_4' title="bbox 178 3885 1379 4726">
     <span class='ocr_line' id='line_1_33' title="bbox 227 3885 1378 3982; baseline 0.008 -26"><span class='ocrx_word' id='word_1_271' title='bbox 227 3885 273 3956; x_wconf 83' lang='lat' dir='ltr'>Ad</span> <span class='ocrx_word' id='word_1_272' title='bbox 284 3895 497 3963; x_wconf 88' lang='lat' dir='ltr'>Societatem</span> <span class='ocrx_word' id='word_1_273' title='bbox 511 3901 671 3981; x_wconf 87' lang='lat' dir='ltr'>aspirant</span> <span class='ocrx_word' id='word_1_274' title='bbox 686 3901 796 3980; x_wconf 91' lang='lat' dir='ltr'>multi,</span> <span class='ocrx_word' id='word_1_275' title='bbox 815 3919 903 3982; x_wconf 91' lang='lat' dir='ltr'>quos</span> <span class='ocrx_word' id='word_1_276' title='bbox 924 3919 994 3965; x_wconf 91' lang='lat' dir='ltr'>non</span> <span class='ocrx_word' id='word_1_277' title='bbox 1016 3902 1119 3965; x_wconf 91' lang='lat' dir='ltr'>unius</span> <span class='ocrx_word' id='word_1_278' title='bbox 1146 3914 1206 3965; x_wconf 86' lang='lat' dir='ltr'>aut</span> <span class='ocrx_word' id='word_1_279' title='bbox 1232 3903 1378 3965; x_wconf 87' lang='lat' dir='ltr'>alterius</span> 
     </span>
     <span class='ocr_line' id='line_1_34' title="bbox 183 3982 1379 4088; baseline 0.005 -23"><span class='ocrx_word' id='word_1_280' title='bbox 183 3982 236 4051; x_wconf 62' lang='lat' dir='ltr'>diei</span> <span class='ocrx_word' id='word_1_281' title='bbox 255 3997 368 4068; x_wconf 90' lang='lat' dir='ltr'>inuitat</span> <span class='ocrx_word' id='word_1_282' title='bbox 392 4014 427 4068; x_wconf 93' lang='lat' dir='ltr'>et</span> <span class='ocrx_word' id='word_1_283' title='bbox 443 4015 562 4069; x_wconf 90' lang='lat' dir='ltr'>mouet</span> <span class='ocrx_word' id='word_1_284' title='bbox 574 4006 798 4088; x_wconf 90' lang='lat' dir='ltr'>desiderium,</span> <span class='ocrx_word' id='word_1_285' title='bbox 813 4007 986 4071; x_wconf 88' lang='lat' dir='ltr'>sedunius</span> <span class='ocrx_word' id='word_1_286' title='bbox 998 4009 1093 4087; x_wconf 88' lang='lat' dir='ltr'>anni,</span> <span class='ocrx_word' id='word_1_287' title='bbox 1107 4009 1258 4072; x_wconf 91' lang='lat' dir='ltr'>duorum</span> <span class='ocrx_word' id='word_1_288' title='bbox 1269 4009 1379 4071; x_wconf 91' lang='lat' dir='ltr'>etiam</span> 
     </span>
     <span class='ocr_line' id='line_1_35' title="bbox 180 4099 1378 4194; baseline 0.009 -27"><span class='ocrx_word' id='word_1_289' title='bbox 180 4099 207 4151; x_wconf 89' lang='lat' dir='ltr'>et</span> <span class='ocrx_word' id='word_1_290' title='bbox 218 4101 312 4173; x_wconf 74' lang='lat' dir='ltr'>trium.</span> <span class='ocrx_word' id='word_1_291' title='bbox 328 4110 467 4191; x_wconf 87' lang='lat' dir='ltr'>Viginti</span> <span class='ocrx_word' id='word_1_292' title='bbox 483 4130 571 4192; x_wconf 90' lang='lat' dir='ltr'>pene</span> <span class='ocrx_word' id='word_1_293' title='bbox 585 4122 646 4176; x_wconf 90' lang='lat' dir='ltr'>aut</span> <span class='ocrx_word' id='word_1_294' title='bbox 660 4132 701 4177; x_wconf 91' lang='lat' dir='ltr'>eo</span> <span class='ocrx_word' id='word_1_295' title='bbox 722 4115 874 4194; x_wconf 85' lang='lat' dir='ltr'>amplius</span> <span class='ocrx_word' id='word_1_296' title='bbox 900 4115 1019 4177; x_wconf 87' lang='lat' dir='ltr'>exacti</span> <span class='ocrx_word' id='word_1_297' title='bbox 1044 4123 1125 4177; x_wconf 90' lang='lat' dir='ltr'>sunt</span> <span class='ocrx_word' id='word_1_298' title='bbox 1140 4115 1226 4190; x_wconf 77' lang='lat' dir='ltr'>dieS,</span> <span class='ocrx_word' id='word_1_299' title='bbox 1249 4115 1378 4194; x_wconf 87' lang='lat' dir='ltr'>quibus</span> 
     </span>
     <span class='ocr_line' id='line_1_36' title="bbox 179 4195 1379 4302; baseline 0.022 -43"><span class='ocrx_word' id='word_1_300' title='bbox 179 4195 391 4282; x_wconf 83' lang='lat' dir='ltr'>adolescentes</span> <span class='ocrx_word' id='word_1_301' title='bbox 419 4219 489 4282; x_wconf 89' lang='lat' dir='ltr'>duo</span> <span class='ocrx_word' id='word_1_302' title='bbox 513 4219 627 4282; x_wconf 87' lang='lat' dir='ltr'>bonae</span> <span class='ocrx_word' id='word_1_303' title='bbox 658 4221 786 4284; x_wconf 88' lang='lat' dir='ltr'>indolis</span> <span class='ocrx_word' id='word_1_304' title='bbox 815 4221 960 4284; x_wconf 90' lang='lat' dir='ltr'>admissi</span> <span class='ocrx_word' id='word_1_305' title='bbox 989 4233 1085 4299; x_wconf 90' lang='lat' dir='ltr'>sunt,</span> <span class='ocrx_word' id='word_1_306' title='bbox 1113 4239 1263 4302; x_wconf 92' lang='lat' dir='ltr'>quorum</span> <span class='ocrx_word' id='word_1_307' title='bbox 1289 4224 1379 4285; x_wconf 88' lang='lat' dir='ltr'>alter</span> 
     </span>
     <span class='ocr_line' id='line_1_37' title="bbox 178 4299 1378 4407; baseline 0.004 -21"><span class='ocrx_word' id='word_1_308' title='bbox 178 4299 343 4401; x_wconf 77' lang='lat' dir='ltr'>theOlogiae</span> <span class='ocrx_word' id='word_1_309' title='bbox 358 4325 517 4388; x_wconf 89' lang='lat' dir='ltr'>nauabat</span> <span class='ocrx_word' id='word_1_310' title='bbox 533 4342 678 4405; x_wconf 89' lang='lat' dir='ltr'>operam</span> <span class='ocrx_word' id='word_1_311' title='bbox 693 4337 727 4389; x_wconf 90' lang='lat' dir='ltr'>et</span> <span class='ocrx_word' id='word_1_312' title='bbox 742 4338 969 4407; x_wconf 90' lang='lat' dir='ltr'>promouerat</span> <span class='ocrx_word' id='word_1_313' title='bbox 988 4345 1060 4390; x_wconf 92' lang='lat' dir='ltr'>non</span> <span class='ocrx_word' id='word_1_314' title='bbox 1075 4344 1212 4407; x_wconf 90' lang='lat' dir='ltr'>parum,</span> <span class='ocrx_word' id='word_1_315' title='bbox 1236 4330 1326 4391; x_wconf 92' lang='lat' dir='ltr'>alter</span> <span class='ocrx_word' id='word_1_316' title='bbox 1342 4330 1378 4391; x_wconf 91' lang='lat' dir='ltr'>in</span> 
     </span>
     <span class='ocr_line' id='line_1_38' title="bbox 179 4408 1378 4514; baseline 0.018 -39"><span class='ocrx_word' id='word_1_317' title='bbox 179 4408 275 4488; x_wconf 82' lang='lat' dir='ltr'>schola</span> <span class='ocrx_word' id='word_1_318' title='bbox 285 4442 406 4494; x_wconf 89' lang='lat' dir='ltr'>nostra</span> <span class='ocrx_word' id='word_1_319' title='bbox 421 4433 680 4512; x_wconf 89' lang='lat' dir='ltr'>grammaticae</span> <span class='ocrx_word' id='word_1_320' title='bbox 692 4433 927 4497; x_wconf 89' lang='lat' dir='ltr'>incumbebat.</span> <span class='ocrx_word' id='word_1_321' title='bbox 944 4433 991 4496; x_wconf 92' lang='lat' dir='ltr'>Hi</span> <span class='ocrx_word' id='word_1_322' title='bbox 1001 4434 1122 4497; x_wconf 87' lang='lat' dir='ltr'>statim</span> <span class='ocrx_word' id='word_1_323' title='bbox 1134 4435 1283 4514; x_wconf 90' lang='lat' dir='ltr'>profecti</span> <span class='ocrx_word' id='word_1_324' title='bbox 1296 4446 1378 4497; x_wconf 91' lang='lat' dir='ltr'>sunt</span> 
     </span>
     <span class='ocr_line' id='line_1_39' title="bbox 178 4512 1378 4621; baseline -0.001 -17"><span class='ocrx_word' id='word_1_325' title='bbox 178 4512 320 4604; x_wconf 64' lang='lat' dir='ltr'>Hispalim</span> <span class='ocrx_word' id='word_1_326' title='bbox 327 4536 429 4619; x_wconf 89' lang='lat' dir='ltr'>jussu</span> <span class='ocrx_word' id='word_1_327' title='bbox 444 4538 481 4602; x_wconf 91' lang='lat' dir='ltr'>P.</span> <span class='ocrx_word' id='word_1_328' title='bbox 499 4539 679 4603; x_wconf 84' lang='lat' dir='ltr'>Doctoris</span> <span class='ocrx_word' id='word_1_329' title='bbox 697 4538 784 4603; x_wconf 89' lang='lat' dir='ltr'>Sunt</span> <span class='ocrx_word' id='word_1_330' title='bbox 799 4553 834 4604; x_wconf 92' lang='lat' dir='ltr'>et</span> <span class='ocrx_word' id='word_1_331' title='bbox 850 4541 909 4603; x_wconf 88' lang='lat' dir='ltr'>alii</span> <span class='ocrx_word' id='word_1_332' title='bbox 930 4542 1141 4620; x_wconf 88' lang='lat' dir='ltr'>complures,</span> <span class='ocrx_word' id='word_1_333' title='bbox 1169 4542 1229 4621; x_wconf 92' lang='lat' dir='ltr'>qui</span> <span class='ocrx_word' id='word_1_334' title='bbox 1256 4542 1378 4604; x_wconf 90' lang='lat' dir='ltr'>nonin</span> 
     </span>
     <span class='ocr_line' id='line_1_40' title="bbox 179 4639 1377 4726; baseline 0.005 -24"><span class='ocrx_word' id='word_1_335' title='bbox 179 4639 345 4709; x_wconf 72' lang='lat' dir='ltr'>a0stremae</span> <span class='ocrx_word' id='word_1_336' title='bbox 360 4645 542 4710; x_wconf 85' lang='lat' dir='ltr'>felicitatis</span> <span class='ocrx_word' id='word_1_337' title='bbox 556 4648 634 4710; x_wconf 92' lang='lat' dir='ltr'>loco</span> <span class='ocrx_word' id='word_1_338' title='bbox 651 4645 820 4710; x_wconf 90' lang='lat' dir='ltr'>ducerent</span> <span class='ocrx_word' id='word_1_339' title='bbox 846 4647 876 4709; x_wconf 90' lang='lat' dir='ltr'>si</span> <span class='ocrx_word' id='word_1_340' title='bbox 901 4646 1017 4710; x_wconf 90' lang='lat' dir='ltr'>aditus</span> <span class='ocrx_word' id='word_1_341' title='bbox 1034 4658 1182 4726; x_wconf 87' lang='lat' dir='ltr'>pateret.</span> <span class='ocrx_word' id='word_1_342' title='bbox 1205 4647 1299 4710; x_wconf 90' lang='lat' dir='ltr'>Inter</span> <span class='ocrx_word' id='word_1_343' title='bbox 1314 4648 1377 4709; x_wconf 88' lang='lat' dir='ltr'>hos</span> 
     </span>
    </p>
   </div>
   <div class='ocr_carea' id='block_1_3' title="bbox 0 0 1610 5392">
    <p class='ocr_par' dir='ltr' id='par_1_5' title="bbox 0 0 1610 5392">
     <span class='ocr_line' id='line_1_41' title="bbox 0 0 1610 5392; baseline 0 2"><span class='ocrx_word' id='word_1_344' title='bbox 0 0 1610 5392; x_wconf 95' lang='lat' dir='ltr'> </span> 
     </span>
    </p>
   </div>
  </div>
 </body>
</html>
