3210 5392
683 429 746 488 An.
769 429 839 488 root
1323 431 1378 489 207

184 571 249 634 blice
257 572 348 635 hodie
362 573 478 652 gratia
494 574 666 636 benevola
678 591 717 636 se
731 576 869 654 puellae
883 572 1119 654 desponderit.
1136 574 1278 638 Christo
1289 575 1374 656 Jesu

182 680 277 757 gloria.
291 678 388 743 Hanc
403 680 512 743 etiam
527 681 683 759 gratiam
699 680 791 744 R.‘¹¹¹³
813 681 1093 761 Methymnensis
1115 680 1238 745 Abbas
1258 681 1265 712 ¹
1284 683 1374 745 mira

184 786 389 849 benevolentia
410 787 446 849 in
469 805 536 850 nos
552 789 712 866 contulit,
732 788 963 851 benedicendi
974 789 1110 851 scilicet
1125 789 1245 852 domui
1261 806 1304 852 ac
1320 807 1373 852 ec·

183 893 279 955 clesiae
291 893 439 972 suturae,
456 895 513 957 cui
528 895 732 958 solemniter
757 896 900 975 propria
921 912 1029 958 manu
1053 897 1206 975 primum
1221 896 1375 975 lapidem

182 1000 302 1062 subiecit.
316 999 440 1063 Nonne
452 1002 578 1064 merito
587 1013 732 1081 pectora
742 1013 865 1065 nostra
878 1003 1067 1082 plurimum
1079 1003 1374 1066 exhilaravittam

182 1105 324 1170 inversum
339 1125 485 1171 cernere
496 1108 684 1181 Abbatem
698 1128 741 1172 ac
753 1128 797 1172 ex
813 1110 883 1185 illo,
901 1110 961 1190 qui
976 1127 1014 1172 se
1027 1109 1128 1172 nobis
1140 1110 1308 1172 exhibere
1320 1127 1374 1172 so·

180 1214 256 1290 lebat,
270 1226 448 1295 tantopere
463 1217 686 1279 immutatum
701 1216 727 1279 ¹?
740 1215 835 1279 Laus
851 1217 910 1293 illi,
929 1217 988 1295 qui
1004 1217 1113 1280 tantis
1128 1217 1233 1279 rebus
1248 1226 1282 1280 et
1298 1216 1374 1278 red-

182 1319 244 1383 didit
256 1333 285 1384 et
298 1340 390 1386 nunc
406 1321 570 1385 eflectum
584 1323 699 1386 reddit
715 1324 750 1385 in
762 1324 832 1385 mei
848 1323 958 1404 ipsius
974 1323 1232 1386 confusionem.

223 1427 286 1492 Duo
295 1430 610 1509 grammaticorum
627 1429 776 1492 fratrum
802 1428 961 1509 duplices
986 1430 1053 1492 hoc
1075 1430 1186 1492 natali
1206 1428 1249 1493 de
1264 1446 1374 1510 puero

181 1531 239 1612 Jesu
251 1538 421 1599 orationes
436 1537 565 1599 latinas
580 1536 824 1615 condiderunt,
845 1553 937 1617 quae
948 1536 1179 1614 exultatione,
1200 1546 1274 1599 tum
1289 1535 1374 1598 Fra·

182 1650 233 1704 tres
243 1659 277 1706 ac
291 1643 415 1707 Patres
431 1661 564 1719 omnes
577 1654 652 1707 tum
667 1645 774 1708 etiam
789 1645 967 1707 extrarios
983 1644 1088 1706 huius
1103 1643 1228 1706 domus
1243 1642 1374 1706 studio·

182 1763 232 1826 sos,
242 1751 388 1814 maxima
406 1762 488 1814 sunt
503 1761 749 1831 prosequutae.
766 1750 917 1814 Habitae
931 1751 1023 1812 enim
1038 1750 1179 1813 fuerunt
1200 1751 1235 1813 in
1252 1758 1374 1813 nostro
1413 1748 1425 1767 '

182 1859 289 1937 sacello,
307 1875 387 1920 cum
402 1858 565 1921 omnibus
580 1875 785 1923 communes
800 1868 928 1921 essent.

223 1962 307 2042 Quod
332 1965 378 2028 ad
399 1966 548 2027 salutem
570 1973 717 2045 spectat,
742 1973 795 2027 est
810 1963 972 2027 omnibus
995 1965 1083 2028 bene
1108 1980 1256 2044 semper.
1280 1961 1376 2026 Laus

182 2062 244 2133 Deo.
264 2071 333 2135 Nec
355 2082 545 2152 utcumque
570 2089 656 2135 cura
681 2072 913 2151 astringimur
937 2073 1063 2135 salutis
1088 2070 1164 2134 Pat.
1188 2070 1296 2148 Tuae,
1319 2071 1375 2133 cui

182 2168 320 2241 Dominus
334 2179 428 2241 hanc
444 2179 496 2240 sic
511 2177 661 2240 sufficiat
682 2179 840 2258 copiose,
864 2190 903 2241 ut
924 2195 968 2240 ea
992 2177 1073 2241 filiis
1097 2177 1178 2255 tuis,
1206 2174 1375 2240 Societati

179 2295 271 2365 nennpe
283 2286 362 2367 ipsi,
378 2301 468 2365 opus
480 2302 558 2348 esse
570 2285 720 2361 videtur,
738 2285 1008 2349 incrementum
1020 2283 1088 2347 Dei
1103 2284 1252 2350 servitii.

220 2389 431 2474 Methymnae
447 2391 584 2473 Campi,
605 2401 732 2472 quarto
753 2391 929 2455 Calendas
951 2391 1124 2473 Januarii,
1150 2409 1244 2455 anno
1260 2409 1282 2453 a
1301 2391 1375 2453 nati

180 2487 281 2582 [nitate]
300 2500 387 2564 1554.

219 2602 368 2672 Minimus
382 2619 417 2672 et
433 2609 566 2672 inutilis
580 2625 706 2671 servus
720 2607 758 2671 P.
773 2606 827 2684 T„

813 2792 1006 2903 Maeones
1028 2839 1074 2884 pu
1096 2820 1250 2884 Acosnn.

223 3140 472 3224 Superscrtptio
484 3144 522 3206 in
542 3150 674 3223 quarta
692 3145 849 3224 pagina:
865 3144 1066 3208 Admodum
1079 3144 1156 3207 R.d⁰
1180 3145 1214 3206 in
1234 3143 1376 3207 Christo

179 3236 331 3425 ξ-ιιοεὲῑο,
345 3251 382 3315 Ρ.
400 3252 575 3330 Magistro
595 3252 746 3331 ignatio,
769 3251 976 3332 Praeposito
1001 3254 1161 3331 generali
1186 3250 1377 3316 societatis

196 3364 249 3416 esu,
287 3375 398 3423 omae.

224 3460 289 3525 ,ileo
301 3482 422 3527 anama
443 3465 530 3527 1534.
549 3464 753 3544 Methymna
769 3464 904 3544 Campi.
923 3465 1221 3544 Quadi·imestreS‚
1243 3464 1284 3527 29
1301 3462 1376 3524 De·

179 3566 308 3635 cembris

233 3671 411 3759 Vesogium
427 3678 557 3758 sigilli.

214 3944 222 3973 ¹
241 3944 337 4000 Dldnens
347 3957 411 4000 Rnlz
422 3958 452 3999 de
464 3956 585 3999 Camars.
597 3955 663 3998 Vide
674 3966 763 4005 supra.
775 3962 793 3997 t.
806 3966 832 4005 nn,
843 3966 902 4008 pag.
915 3955 949 4008 60,
961 3963 1048 3998 annot.
1057 3957 1078 3997 ⁸2.

214 4011 223 4043 ³
241 4018 295 4069 Vide
304 4027 413 4073 Ponnrct
426 4028 581 4075 chronicon,
591 4035 609 4071 t.
623 4037 648 4079 nn.
658 4038 717 4081 pag.
728 4026 776 4079 626,
789 4027 871 4069 11681.
