<?xml version="1.0" encoding="UTF-8"?>
<!DOCTYPE html PUBLIC "-//W3C//DTD XHTML 1.0 Transitional//EN"
    "http://www.w3.org/TR/xhtml1/DTD/xhtml1-transitional.dtd">
<html xmlns="http://www.w3.org/1999/xhtml" xml:lang="en" lang="en">
 <head>
  <title>
</title>
<meta http-equiv="Content-Type" content="text/html;charset=utf-8" />
  <meta name='ocr-system' content='tesseract 3.04.00' />
  <meta name='ocr-capabilities' content='ocr_page ocr_carea ocr_par ocr_line ocrx_word'/>
</head>
<body>
  <div class='ocr_page' id='page_1' title='image "./litteraequadrim02jesugoog_0490.png"; bbox 0 0 3240 5386; ppageno 0'>
   <div class='ocr_carea' id='block_1_1' title="bbox 678 421 1376 483">
    <p class='ocr_par' dir='ltr' id='par_1_1' title="bbox 678 421 1376 483">
     <span class='ocr_line' id='line_1_1' title="bbox 678 421 1376 483; baseline 0.004 -4"><span class='ocrx_word' id='word_1_1' title='bbox 678 421 742 480; x_wconf 79' lang='grc' dir='ltr'>ΑΝ.</span> <span class='ocrx_word' id='word_1_2' title='bbox 764 422 834 481; x_wconf 88' lang='grc'>1555</span> <span class='ocrx_word' id='word_1_3' title='bbox 1318 425 1376 483; x_wconf 79' lang='grc'>479</span> 
     </span>
    </p>
   </div>
   <div class='ocr_carea' id='block_1_2' title="bbox 69 564 1446 4700">
    <p class='ocr_par' dir='ltr' id='par_1_2' title="bbox 69 564 1446 4700">
     <span class='ocr_line' id='line_1_2' title="bbox 204 564 1370 648; baseline 0.005 -21"><span class='ocrx_word' id='word_1_4' title='bbox 204 565 257 627; x_wconf 88' lang='lat' dir='ltr'>Ex</span> <span class='ocrx_word' id='word_1_5' title='bbox 272 564 462 629; x_wconf 88' lang='lat' dir='ltr'>Canonicis</span> <span class='ocrx_word' id='word_1_6' title='bbox 478 568 698 648; x_wconf 89' lang='lat' dir='ltr'>caeterisque</span> <span class='ocrx_word' id='word_1_7' title='bbox 713 568 817 631; x_wconf 89' lang='lat' dir='ltr'>huius</span> <span class='ocrx_word' id='word_1_8' title='bbox 829 568 926 632; x_wconf 87' lang='lat' dir='ltr'>urbis</span> <span class='ocrx_word' id='word_1_9' title='bbox 948 569 1201 648; x_wconf 64' lang='lat' dir='ltr'>sacerdotibus</span> <span class='ocrx_word' id='word_1_10' title='bbox 1221 570 1280 648; x_wconf 96' lang='lat' dir='ltr'>qui</span> <span class='ocrx_word' id='word_1_11' title='bbox 1299 587 1370 633; x_wconf 92' lang='lat' dir='ltr'>mo-</span> 
     </span>
     <span class='ocr_line' id='line_1_3' title="bbox 69 672 1368 756; baseline 0.005 -23"><span class='ocrx_word' id='word_1_12' title='bbox 69 673 139 719; x_wconf 63' lang='lat'>1‘</span> <span class='ocrx_word' id='word_1_13' title='bbox 153 689 218 734; x_wconf 68' lang='grc' dir='ltr'>ειη</span> <span class='ocrx_word' id='word_1_14' title='bbox 234 683 268 735; x_wconf 91' lang='lat' dir='ltr'>et</span> <span class='ocrx_word' id='word_1_15' title='bbox 284 672 480 736; x_wconf 91' lang='lat' dir='ltr'>institutum</span> <span class='ocrx_word' id='word_1_16' title='bbox 496 683 657 737; x_wconf 87' lang='lat' dir='ltr'>nostrum</span> <span class='ocrx_word' id='word_1_17' title='bbox 683 675 942 753; x_wconf 91' lang='lat' dir='ltr'>commendare,</span> <span class='ocrx_word' id='word_1_18' title='bbox 964 692 1110 756; x_wconf 82' lang='lat' dir='ltr'>seseque</span> <span class='ocrx_word' id='word_1_19' title='bbox 1130 676 1166 738; x_wconf 90' lang='lat' dir='ltr'>in</span> <span class='ocrx_word' id='word_1_20' title='bbox 1186 693 1251 738; x_wconf 89' lang='lat' dir='ltr'>nos</span> <span class='ocrx_word' id='word_1_21' title='bbox 1266 677 1368 739; x_wconf 92' lang='lat' dir='ltr'>bene-</span> 
     </span>
     <span class='ocr_line' id='line_1_4' title="bbox 69 778 1370 863; baseline 0.005 -24"><span class='ocrx_word' id='word_1_22' title='bbox 69 779 242 842; x_wconf 71' lang='lat' dir='ltr'>¹—lolos</span> <span class='ocrx_word' id='word_1_23' title='bbox 257 778 399 842; x_wconf 90' lang='lat' dir='ltr'>flectere</span> <span class='ocrx_word' id='word_1_24' title='bbox 415 781 596 860; x_wconf 85' lang='lat' dir='ltr'>incipiant,</span> <span class='ocrx_word' id='word_1_25' title='bbox 612 783 772 845; x_wconf 91' lang='lat' dir='ltr'>nonnulli</span> <span class='ocrx_word' id='word_1_26' title='bbox 784 782 1020 846; x_wconf 88' lang='lat' dir='ltr'>inueniuntur.</span> <span class='ocrx_word' id='word_1_27' title='bbox 1030 783 1123 846; x_wconf 87' lang='lat' dir='ltr'>Inter</span> <span class='ocrx_word' id='word_1_28' title='bbox 1139 800 1228 863; x_wconf 93' lang='lat' dir='ltr'>quos</span> <span class='ocrx_word' id='word_1_29' title='bbox 1242 800 1370 847; x_wconf 84' lang='lat' dir='ltr'>reuera</span> 
     </span>
     <span class='ocr_line' id='line_1_5' title="bbox 69 868 1367 967; baseline 0.004 -20"><span class='ocrx_word' id='word_1_30' title='bbox 69 868 197 947; x_wconf 79' lang='lat' dir='ltr'>ille</span> <span class='ocrx_word' id='word_1_31' title='bbox 221 886 366 949; x_wconf 89' lang='lat' dir='ltr'>minime</span> <span class='ocrx_word' id='word_1_32' title='bbox 380 887 565 966; x_wconf 89' lang='lat' dir='ltr'>reperitur,</span> <span class='ocrx_word' id='word_1_33' title='bbox 591 888 649 966; x_wconf 93' lang='lat' dir='ltr'>qui</span> <span class='ocrx_word' id='word_1_34' title='bbox 674 905 776 951; x_wconf 90' lang='lat' dir='ltr'>suam</span> <span class='ocrx_word' id='word_1_35' title='bbox 802 887 905 951; x_wconf 87' lang='lat' dir='ltr'>fidem</span> <span class='ocrx_word' id='word_1_36' title='bbox 921 889 963 967; x_wconf 89' lang='lat' dir='ltr'>(si</span> <span class='ocrx_word' id='word_1_37' title='bbox 980 891 1068 952; x_wconf 92' lang='lat' dir='ltr'>bene</span> <span class='ocrx_word' id='word_1_38' title='bbox 1084 889 1284 963; x_wconf 88' lang='lat' dir='ltr'>meministi)</span> <span class='ocrx_word' id='word_1_39' title='bbox 1302 908 1367 952; x_wconf 90' lang='lat' dir='ltr'>nos</span> 
     </span>
     <span class='ocr_line' id='line_1_6' title="bbox 69 988 1367 1075; baseline 0.004 -21"><span class='ocrx_word' id='word_1_40' title='bbox 69 988 126 1045; x_wconf 74' lang='lat' dir='ltr'>t</span> <span class='ocrx_word' id='word_1_41' title='bbox 140 993 265 1072; x_wconf 71' lang='lat' dir='ltr'>empli</span> <span class='ocrx_word' id='word_1_42' title='bbox 279 992 333 1055; x_wconf 93' lang='lat' dir='ltr'>sui</span> <span class='ocrx_word' id='word_1_43' title='bbox 348 1009 413 1055; x_wconf 89' lang='lat' dir='ltr'>usu</span> <span class='ocrx_word' id='word_1_44' title='bbox 428 994 722 1072; x_wconf 92' lang='lat' dir='ltr'>communicandi,</span> <span class='ocrx_word' id='word_1_45' title='bbox 738 1012 802 1075; x_wconf 92' lang='lat' dir='ltr'>per</span> <span class='ocrx_word' id='word_1_46' title='bbox 826 996 1027 1058; x_wconf 87' lang='lat' dir='ltr'>cautionem</span> <span class='ocrx_word' id='word_1_47' title='bbox 1042 994 1173 1068; x_wconf 84' lang='lat' dir='ltr'>datam,</span> <span class='ocrx_word' id='word_1_48' title='bbox 1189 1013 1260 1058; x_wconf 91' lang='lat' dir='ltr'>nou</span> <span class='ocrx_word' id='word_1_49' title='bbox 1277 997 1367 1059; x_wconf 87' lang='lat' dir='ltr'>citra</span> 
     </span>
     <span class='ocr_line' id='line_1_7' title="bbox 70 1100 1365 1182; baseline 0.003 -21"><span class='ocrx_word' id='word_1_50' title='bbox 70 1106 313 1178; x_wconf 71' lang='lat' dir='ltr'>nagnam</span> <span class='ocrx_word' id='word_1_51' title='bbox 332 1100 567 1163; x_wconf 82' lang='lat' dir='ltr'>temeritatem</span> <span class='ocrx_word' id='word_1_52' title='bbox 587 1110 795 1182; x_wconf 86' lang='lat' dir='ltr'>turpemque</span> <span class='ocrx_word' id='word_1_53' title='bbox 814 1103 880 1165; x_wconf 86' lang='lat' dir='ltr'>sibi</span> <span class='ocrx_word' id='word_1_54' title='bbox 901 1103 1016 1164; x_wconf 87' lang='lat' dir='ltr'>labem</span> <span class='ocrx_word' id='word_1_55' title='bbox 1036 1119 1230 1182; x_wconf 77' lang='lat' dir='ltr'>aspersam,</span> <span class='ocrx_word' id='word_1_56' title='bbox 1248 1102 1365 1180; x_wconf 76' lang='lat' dir='ltr'>fregit.</span> 
     </span>
     <span class='ocr_line' id='line_1_8' title="bbox 69 1193 1369 1288; baseline 0.002 -21"><span class='ocrx_word' id='word_1_57' title='bbox 69 1193 246 1268; x_wconf 84' lang='lat' dir='ltr'>I-lune</span> <span class='ocrx_word' id='word_1_58' title='bbox 262 1205 298 1267; x_wconf 89' lang='lat' dir='ltr'>in</span> <span class='ocrx_word' id='word_1_59' title='bbox 312 1206 505 1285; x_wconf 90' lang='lat' dir='ltr'>perniciem</span> <span class='ocrx_word' id='word_1_60' title='bbox 521 1217 679 1270; x_wconf 89' lang='lat' dir='ltr'>nostram</span> <span class='ocrx_word' id='word_1_61' title='bbox 693 1208 907 1286; x_wconf 90' lang='lat' dir='ltr'>incumbere,</span> <span class='ocrx_word' id='word_1_62' title='bbox 925 1209 1000 1271; x_wconf 92' lang='lat' dir='ltr'>eius</span> <span class='ocrx_word' id='word_1_63' title='bbox 1017 1208 1051 1270; x_wconf 93' lang='lat' dir='ltr'>in</span> <span class='ocrx_word' id='word_1_64' title='bbox 1064 1225 1129 1271; x_wconf 89' lang='lat' dir='ltr'>nos</span> <span class='ocrx_word' id='word_1_65' title='bbox 1145 1226 1254 1288; x_wconf 90' lang='lat' dir='ltr'>opera</span> <span class='ocrx_word' id='word_1_66' title='bbox 1269 1210 1369 1271; x_wconf 91' lang='lat' dir='ltr'>nullo</span> 
     </span>
     <span class='ocr_line' id='line_1_9' title="bbox 70 1312 1371 1396; baseline 0.003 -22"><span class='ocrx_word' id='word_1_67' title='bbox 70 1312 600 1396; x_wconf 66' lang='lat' dir='ltr'>negociocommonstrant.</span> <span class='ocrx_word' id='word_1_68' title='bbox 613 1313 750 1394; x_wconf 88' lang='lat' dir='ltr'>Quippe</span> <span class='ocrx_word' id='word_1_69' title='bbox 766 1315 825 1394; x_wconf 92' lang='lat' dir='ltr'>qui</span> <span class='ocrx_word' id='word_1_70' title='bbox 837 1314 944 1392; x_wconf 90' lang='lat' dir='ltr'>(solus</span> <span class='ocrx_word' id='word_1_71' title='bbox 958 1315 1050 1378; x_wconf 91' lang='lat' dir='ltr'>inter</span> <span class='ocrx_word' id='word_1_72' title='bbox 1065 1324 1226 1378; x_wconf 89' lang='lat' dir='ltr'>caeteros</span> <span class='ocrx_word' id='word_1_73' title='bbox 1246 1332 1371 1378; x_wconf 91' lang='lat' dir='ltr'>omnes</span> 
     </span>
     <span class='ocr_line' id='line_1_10' title="bbox 78 1420 1367 1501; baseline 0.002 -20"><span class='ocrx_word' id='word_1_74' title='bbox 78 1423 316 1496; x_wconf 70' lang='lat' dir='ltr'>pastores)</span> <span class='ocrx_word' id='word_1_75' title='bbox 330 1420 362 1483; x_wconf 91' lang='lat' dir='ltr'>ei</span> <span class='ocrx_word' id='word_1_76' title='bbox 373 1420 542 1499; x_wconf 76' lang='lat' dir='ltr'>subditoS,</span> <span class='ocrx_word' id='word_1_77' title='bbox 557 1421 615 1501; x_wconf 91' lang='lat' dir='ltr'>qui</span> <span class='ocrx_word' id='word_1_78' title='bbox 628 1421 673 1484; x_wconf 87' lang='lat' dir='ltr'>ad</span> <span class='ocrx_word' id='word_1_79' title='bbox 684 1438 748 1484; x_wconf 89' lang='lat' dir='ltr'>nos</span> <span class='ocrx_word' id='word_1_80' title='bbox 762 1421 951 1497; x_wconf 81' lang='lat' dir='ltr'>confitendi</span> <span class='ocrx_word' id='word_1_81' title='bbox 967 1422 1083 1500; x_wconf 85' lang='lat' dir='ltr'>gratia</span> <span class='ocrx_word' id='word_1_82' title='bbox 1099 1421 1283 1498; x_wconf 86' lang='lat' dir='ltr'>accedunt,</span> <span class='ocrx_word' id='word_1_83' title='bbox 1301 1421 1367 1484; x_wconf 87' lang='lat' dir='ltr'>dis·</span> 
     </span>
     <span class='ocr_line' id='line_1_11' title="bbox 86 1525 1372 1608; baseline 0.004 -22"><span class='ocrx_word' id='word_1_84' title='bbox 86 1527 285 1589; x_wconf 87' lang='lat' dir='ltr'>turbare</span> <span class='ocrx_word' id='word_1_85' title='bbox 298 1543 340 1590; x_wconf 89' lang='lat' dir='ltr'>ac</span> <span class='ocrx_word' id='word_1_86' title='bbox 352 1543 549 1606; x_wconf 85' lang='lat' dir='ltr'>repungere</span> <span class='ocrx_word' id='word_1_87' title='bbox 560 1529 656 1591; x_wconf 90' lang='lat' dir='ltr'>nullo</span> <span class='ocrx_word' id='word_1_88' title='bbox 669 1525 764 1608; x_wconf 90' lang='lat' dir='ltr'>[non]</span> <span class='ocrx_word' id='word_1_89' title='bbox 776 1538 881 1607; x_wconf 90' lang='lat' dir='ltr'>pacto</span> <span class='ocrx_word' id='word_1_90' title='bbox 901 1537 1046 1607; x_wconf 87' lang='lat' dir='ltr'>perstat.</span> <span class='ocrx_word' id='word_1_91' title='bbox 1061 1528 1160 1607; x_wconf 90' lang='lat' dir='ltr'>Ipsos</span> <span class='ocrx_word' id='word_1_92' title='bbox 1175 1528 1211 1590; x_wconf 92' lang='lat' dir='ltr'>in</span> <span class='ocrx_word' id='word_1_93' title='bbox 1227 1530 1372 1608; x_wconf 89' lang='lat' dir='ltr'>culpam</span> 
     </span>
     <span class='ocr_line' id='line_1_12' title="bbox 95 1631 1368 1715; baseline 0.002 -20"><span class='ocrx_word' id='word_1_94' title='bbox 95 1644 169 1695; x_wconf 70' lang='lat' dir='ltr'>et</span> <span class='ocrx_word' id='word_1_95' title='bbox 188 1631 423 1695; x_wconf 82' lang='lat' dir='ltr'>offensionem</span> <span class='ocrx_word' id='word_1_96' title='bbox 438 1650 616 1712; x_wconf 84' lang='lat' dir='ltr'>magnam,</span> <span class='ocrx_word' id='word_1_97' title='bbox 630 1635 666 1697; x_wconf 93' lang='lat' dir='ltr'>in</span> <span class='ocrx_word' id='word_1_98' title='bbox 681 1635 832 1713; x_wconf 89' lang='lat' dir='ltr'>capitale</span> <span class='ocrx_word' id='word_1_99' title='bbox 844 1634 987 1711; x_wconf 90' lang='lat' dir='ltr'>crimen,</span> <span class='ocrx_word' id='word_1_100' title='bbox 1005 1635 1041 1697; x_wconf 92' lang='lat' dir='ltr'>in</span> <span class='ocrx_word' id='word_1_101' title='bbox 1056 1634 1226 1715; x_wconf 89' lang='lat' dir='ltr'>perfidam</span> <span class='ocrx_word' id='word_1_102' title='bbox 1238 1636 1368 1697; x_wconf 88' lang='lat' dir='ltr'>tenaci·</span> 
     </span>
     <span class='ocr_line' id='line_1_13' title="bbox 102 1739 1371 1821; baseline 0.002 -20"><span class='ocrx_word' id='word_1_103' title='bbox 102 1745 261 1817; x_wconf 88' lang='lat' dir='ltr'>tatem,</span> <span class='ocrx_word' id='word_1_104' title='bbox 276 1739 311 1802; x_wconf 93' lang='lat' dir='ltr'>in</span> <span class='ocrx_word' id='word_1_105' title='bbox 323 1740 489 1814; x_wconf 87' lang='lat' dir='ltr'>schisma,</span> <span class='ocrx_word' id='word_1_106' title='bbox 499 1741 535 1803; x_wconf 96' lang='lat' dir='ltr'>in</span> <span class='ocrx_word' id='word_1_107' title='bbox 547 1741 947 1804; x_wconf 88' lang='lat' dir='ltr'>excommunicationem</span> <span class='ocrx_word' id='word_1_108' title='bbox 959 1739 1135 1819; x_wconf 88' lang='lat' dir='ltr'>incidisse,</span> <span class='ocrx_word' id='word_1_109' title='bbox 1145 1743 1371 1821; x_wconf 87' lang='lat' dir='ltr'>proclamare</span> 
     </span>
     <span class='ocr_line' id='line_1_14' title="bbox 102 1845 1446 1927; baseline 0.001 -18"><span class='ocrx_word' id='word_1_110' title='bbox 102 1863 209 1909; x_wconf 81' lang='lat' dir='ltr'>non</span> <span class='ocrx_word' id='word_1_111' title='bbox 231 1845 380 1910; x_wconf 89' lang='lat' dir='ltr'>desistit.</span> <span class='ocrx_word' id='word_1_112' title='bbox 402 1845 591 1927; x_wconf 87' lang='lat' dir='ltr'>Nunquam</span> <span class='ocrx_word' id='word_1_113' title='bbox 606 1847 692 1927; x_wconf 91' lang='lat' dir='ltr'>ipsis</span> <span class='ocrx_word' id='word_1_114' title='bbox 706 1847 839 1911; x_wconf 89' lang='lat' dir='ltr'>Christi</span> <span class='ocrx_word' id='word_1_115' title='bbox 861 1864 990 1927; x_wconf 91' lang='lat' dir='ltr'>corpus</span> <span class='ocrx_word' id='word_1_116' title='bbox 1005 1848 1368 1910; x_wconf 86' lang='lat' dir='ltr'>subministraturum:</span> <span class='ocrx_word' id='word_1_117' title='bbox 1441 1908 1446 1919; x_wconf 85' lang='grc'><strong>,</strong></span> 
     </span>
     <span class='ocr_line' id='line_1_15' title="bbox 114 1953 1370 2035; baseline -0.001 -19"><span class='ocrx_word' id='word_1_118' title='bbox 114 1969 322 2033; x_wconf 87' lang='lat' dir='ltr'>nunquam</span> <span class='ocrx_word' id='word_1_119' title='bbox 347 1953 393 2016; x_wconf 89' lang='lat' dir='ltr'>ad</span> <span class='ocrx_word' id='word_1_120' title='bbox 412 1970 515 2017; x_wconf 90' lang='lat' dir='ltr'>suum</span> <span class='ocrx_word' id='word_1_121' title='bbox 535 1956 705 2033; x_wconf 91' lang='lat' dir='ltr'>templum</span> <span class='ocrx_word' id='word_1_122' title='bbox 729 1955 863 2018; x_wconf 90' lang='lat' dir='ltr'>aditum</span> <span class='ocrx_word' id='word_1_123' title='bbox 883 1955 1140 2035; x_wconf 91' lang='lat' dir='ltr'>praebiturum,</span> <span class='ocrx_word' id='word_1_124' title='bbox 1167 1955 1203 2016; x_wconf 93' lang='lat' dir='ltr'>ni</span> <span class='ocrx_word' id='word_1_125' title='bbox 1229 1953 1370 2033; x_wconf 88' lang='lat' dir='ltr'>publica</span> 
     </span>
     <span class='ocr_line' id='line_1_16' title="bbox 118 2060 1369 2140; baseline 0 -18"><span class='ocrx_word' id='word_1_126' title='bbox 118 2076 255 2139; x_wconf 82' lang='lat' dir='ltr'>poena</span> <span class='ocrx_word' id='word_1_127' title='bbox 270 2060 369 2139; x_wconf 88' lang='lat' dir='ltr'>prius</span> <span class='ocrx_word' id='word_1_128' title='bbox 382 2061 540 2123; x_wconf 91' lang='lat' dir='ltr'>mulctati</span> <span class='ocrx_word' id='word_1_129' title='bbox 555 2061 695 2137; x_wconf 81' lang='lat' dir='ltr'>fuerint,</span> <span class='ocrx_word' id='word_1_130' title='bbox 716 2062 906 2140; x_wconf 84' lang='lat' dir='ltr'>protestari</span> <span class='ocrx_word' id='word_1_131' title='bbox 924 2078 994 2124; x_wconf 91' lang='lat' dir='ltr'>nou</span> <span class='ocrx_word' id='word_1_132' title='bbox 1017 2060 1155 2124; x_wconf 89' lang='lat' dir='ltr'>desinit.</span> <span class='ocrx_word' id='word_1_133' title='bbox 1172 2060 1285 2139; x_wconf 85' lang='lat' dir='ltr'>Quid?</span> <span class='ocrx_word' id='word_1_134' title='bbox 1301 2061 1369 2122; x_wconf 91' lang='lat' dir='ltr'>hoc</span> 
     </span>
     <span class='ocr_line' id='line_1_17' title="bbox 130 2166 1371 2247; baseline -0.002 -18"><span class='ocrx_word' id='word_1_135' title='bbox 130 2166 317 2246; x_wconf 90' lang='lat' dir='ltr'>superiori</span> <span class='ocrx_word' id='word_1_136' title='bbox 341 2168 485 2247; x_wconf 89' lang='lat' dir='ltr'>pascha,</span> <span class='ocrx_word' id='word_1_137' title='bbox 512 2168 595 2230; x_wconf 91' lang='lat' dir='ltr'>licet</span> <span class='ocrx_word' id='word_1_138' title='bbox 618 2187 639 2230; x_wconf 87' lang='lat' dir='ltr'>a</span> <span class='ocrx_word' id='word_1_139' title='bbox 659 2166 740 2228; x_wconf 80' lang='lat' dir='ltr'><strong>D.¹¹⁰</strong></span> <span class='ocrx_word' id='word_1_140' title='bbox 762 2167 938 2247; x_wconf 90' lang='lat' dir='ltr'>Episcopo</span> <span class='ocrx_word' id='word_1_141' title='bbox 959 2184 1182 2246; x_wconf 91' lang='lat' dir='ltr'>summopere</span> <span class='ocrx_word' id='word_1_142' title='bbox 1209 2176 1371 2245; x_wconf 85' lang='lat' dir='ltr'>rogatus,</span> 
     </span>
     <span class='ocr_line' id='line_1_18' title="bbox 133 2271 1371 2354; baseline 0.001 -20"><span class='ocrx_word' id='word_1_143' title='bbox 133 2272 210 2336; x_wconf 90' lang='lat' dir='ltr'>imo</span> <span class='ocrx_word' id='word_1_144' title='bbox 237 2274 367 2352; x_wconf 79' lang='lat' dir='ltr'>iussuS,</span> <span class='ocrx_word' id='word_1_145' title='bbox 394 2290 456 2335; x_wconf 91' lang='lat' dir='ltr'>eos</span> <span class='ocrx_word' id='word_1_146' title='bbox 478 2274 686 2352; x_wconf 85' lang='lat' dir='ltr'>angelorum</span> <span class='ocrx_word' id='word_1_147' title='bbox 711 2291 802 2354; x_wconf 92' lang='lat' dir='ltr'>pane</span> <span class='ocrx_word' id='word_1_148' title='bbox 824 2273 968 2336; x_wconf 88' lang='lat' dir='ltr'>reficere</span> <span class='ocrx_word' id='word_1_149' title='bbox 990 2274 1116 2336; x_wconf 90' lang='lat' dir='ltr'>renuit.</span> <span class='ocrx_word' id='word_1_150' title='bbox 1138 2271 1229 2352; x_wconf 89' lang='lat' dir='ltr'>Quid</span> <span class='ocrx_word' id='word_1_151' title='bbox 1251 2273 1371 2352; x_wconf 78' lang='lat' dir='ltr'>plura?</span> 
     </span>
     <span class='ocr_line' id='line_1_19' title="bbox 137 2379 1372 2459; baseline -0.001 -17"><span class='ocrx_word' id='word_1_152' title='bbox 137 2379 363 2442; x_wconf 89' lang='lat' dir='ltr'>hebdomada</span> <span class='ocrx_word' id='word_1_153' title='bbox 378 2389 514 2457; x_wconf 89' lang='lat' dir='ltr'>sancta,</span> <span class='ocrx_word' id='word_1_154' title='bbox 531 2380 697 2443; x_wconf 89' lang='lat' dir='ltr'>sacrandi</span> <span class='ocrx_word' id='word_1_155' title='bbox 711 2397 820 2443; x_wconf 89' lang='lat' dir='ltr'>causa</span> <span class='ocrx_word' id='word_1_156' title='bbox 832 2381 882 2459; x_wconf 89' lang='lat' dir='ltr'>(ut</span> <span class='ocrx_word' id='word_1_157' title='bbox 894 2381 1003 2443; x_wconf 92' lang='lat' dir='ltr'>moris</span> <span class='ocrx_word' id='word_1_158' title='bbox 1015 2380 1078 2458; x_wconf 89' lang='lat' dir='ltr'>est)</span> <span class='ocrx_word' id='word_1_159' title='bbox 1091 2379 1215 2442; x_wconf 93' lang='lat' dir='ltr'>domos</span> <span class='ocrx_word' id='word_1_160' title='bbox 1229 2396 1372 2458; x_wconf 90' lang='lat' dir='ltr'>percur-</span> 
     </span>
     <span class='ocr_line' id='line_1_20' title="bbox 139 2485 1370 2566; baseline 0 -18"><span class='ocrx_word' id='word_1_161' title='bbox 139 2504 223 2549; x_wconf 87' lang='lat' dir='ltr'>rens</span> <span class='ocrx_word' id='word_1_162' title='bbox 238 2487 398 2565; x_wconf 84' lang='lat' dir='ltr'>singulas</span> <span class='ocrx_word' id='word_1_163' title='bbox 413 2487 446 2564; x_wconf 93' lang='lat' dir='ltr'>(o</span> <span class='ocrx_word' id='word_1_164' title='bbox 467 2487 557 2550; x_wconf 90' lang='lat' dir='ltr'>bone</span> <span class='ocrx_word' id='word_1_165' title='bbox 577 2487 684 2562; x_wconf 81' lang='lat' dir='ltr'>DeuS,</span> <span class='ocrx_word' id='word_1_166' title='bbox 702 2488 869 2550; x_wconf 89' lang='lat' dir='ltr'>miserere</span> <span class='ocrx_word' id='word_1_167' title='bbox 888 2489 1026 2566; x_wconf 89' lang='lat' dir='ltr'>precor)</span> <span class='ocrx_word' id='word_1_168' title='bbox 1047 2486 1154 2549; x_wconf 88' lang='lat' dir='ltr'>aedes</span> <span class='ocrx_word' id='word_1_169' title='bbox 1168 2485 1214 2548; x_wconf 90' lang='lat' dir='ltr'>ad</span> <span class='ocrx_word' id='word_1_170' title='bbox 1229 2502 1295 2548; x_wconf 92' lang='lat' dir='ltr'>nos</span> <span class='ocrx_word' id='word_1_171' title='bbox 1311 2485 1370 2548; x_wconf 89' lang='lat' dir='ltr'>ad·</span> 
     </span>
     <span class='ocr_line' id='line_1_21' title="bbox 140 2591 1375 2674; baseline -0.002 -18"><span class='ocrx_word' id='word_1_172' title='bbox 140 2594 362 2657; x_wconf 88' lang='lat' dir='ltr'>uentantium</span> <span class='ocrx_word' id='word_1_173' title='bbox 383 2595 596 2672; x_wconf 78' lang='lat' dir='ltr'>transilienS,</span> <span class='ocrx_word' id='word_1_174' title='bbox 619 2612 680 2657; x_wconf 90' lang='lat' dir='ltr'>eas</span> <span class='ocrx_word' id='word_1_175' title='bbox 705 2611 797 2674; x_wconf 89' lang='lat' dir='ltr'>aqua</span> <span class='ocrx_word' id='word_1_176' title='bbox 817 2610 920 2656; x_wconf 90' lang='lat' dir='ltr'>sacra</span> <span class='ocrx_word' id='word_1_177' title='bbox 946 2593 1159 2673; x_wconf 89' lang='lat' dir='ltr'>participare</span> <span class='ocrx_word' id='word_1_178' title='bbox 1186 2593 1310 2654; x_wconf 91' lang='lat' dir='ltr'>noluit.</span> <span class='ocrx_word' id='word_1_179' title='bbox 1336 2591 1375 2654; x_wconf 87' lang='lat' dir='ltr'>Is</span> 
     </span>
     <span class='ocr_line' id='line_1_22' title="bbox 140 2700 1371 2788; baseline -0.002 -26"><span class='ocrx_word' id='word_1_180' title='bbox 140 2712 326 2779; x_wconf 89' lang='lat' dir='ltr'>praeterea</span> <span class='ocrx_word' id='word_1_181' title='bbox 337 2718 459 2764; x_wconf 90' lang='lat' dir='ltr'>eorum</span> <span class='ocrx_word' id='word_1_182' title='bbox 474 2711 604 2779; x_wconf 77' lang='lat' dir='ltr'>patreS,</span> <span class='ocrx_word' id='word_1_183' title='bbox 621 2709 763 2779; x_wconf 88' lang='lat' dir='ltr'>matres,</span> <span class='ocrx_word' id='word_1_184' title='bbox 781 2701 967 2778; x_wconf 78' lang='lat' dir='ltr'>coniugeS,</span> <span class='ocrx_word' id='word_1_185' title='bbox 985 2701 1079 2763; x_wconf 92' lang='lat' dir='ltr'>uelut</span> <span class='ocrx_word' id='word_1_186' title='bbox 1095 2700 1371 2788; x_wconf 60' lang='lat' dir='ltr'>consentientes</span> 
     </span>
     <span class='ocr_line' id='line_1_23' title="bbox 139 2805 1370 2870; baseline -0.003 0"><span class='ocrx_word' id='word_1_187' title='bbox 139 2807 303 2870; x_wconf 89' lang='lat' dir='ltr'>eumdem</span> <span class='ocrx_word' id='word_1_188' title='bbox 328 2807 520 2870; x_wconf 89' lang='lat' dir='ltr'>incurrisse</span> <span class='ocrx_word' id='word_1_189' title='bbox 542 2825 699 2870; x_wconf 89' lang='lat' dir='ltr'>errorem</span> <span class='ocrx_word' id='word_1_190' title='bbox 724 2809 760 2870; x_wconf 91' lang='lat' dir='ltr'>in</span> <span class='ocrx_word' id='word_1_191' title='bbox 781 2807 937 2869; x_wconf 90' lang='lat' dir='ltr'>animum</span> <span class='ocrx_word' id='word_1_192' title='bbox 957 2806 1105 2869; x_wconf 89' lang='lat' dir='ltr'>induxit.</span> <span class='ocrx_word' id='word_1_193' title='bbox 1122 2805 1204 2868; x_wconf 92' lang='lat' dir='ltr'>Fuit</span> <span class='ocrx_word' id='word_1_194' title='bbox 1219 2822 1304 2867; x_wconf 90' lang='lat' dir='ltr'>sane</span> <span class='ocrx_word' id='word_1_195' title='bbox 1327 2805 1370 2866; x_wconf 90' lang='lat' dir='ltr'>ri·</span> 
     </span>
     <span class='ocr_line' id='line_1_24' title="bbox 138 2912 1368 2992; baseline -0.003 -16"><span class='ocrx_word' id='word_1_196' title='bbox 138 2914 306 2992; x_wconf 90' lang='lat' dir='ltr'>diculum,</span> <span class='ocrx_word' id='word_1_197' title='bbox 333 2914 392 2976; x_wconf 92' lang='lat' dir='ltr'>ubi</span> <span class='ocrx_word' id='word_1_198' title='bbox 417 2931 562 2976; x_wconf 91' lang='lat' dir='ltr'>cernere</span> <span class='ocrx_word' id='word_1_199' title='bbox 582 2914 689 2991; x_wconf 90' lang='lat' dir='ltr'>licuit,</span> <span class='ocrx_word' id='word_1_200' title='bbox 715 2913 841 2992; x_wconf 91' lang='lat' dir='ltr'>quibus</span> <span class='ocrx_word' id='word_1_201' title='bbox 859 2912 1054 2975; x_wconf 88' lang='lat' dir='ltr'>rationibus</span> <span class='ocrx_word' id='word_1_202' title='bbox 1077 2912 1182 2974; x_wconf 87' lang='lat' dir='ltr'>istam</span> <span class='ocrx_word' id='word_1_203' title='bbox 1197 2928 1368 2973; x_wconf 87' lang='lat' dir='ltr'>uesanam</span> 
     </span>
     <span class='ocr_line' id='line_1_25' title="bbox 138 3017 1373 3096; baseline -0.004 -13"><span class='ocrx_word' id='word_1_204' title='bbox 138 3031 295 3083; x_wconf 88' lang='lat' dir='ltr'>mentem</span> <span class='ocrx_word' id='word_1_205' title='bbox 317 3020 509 3083; x_wconf 81' lang='lat' dir='ltr'>consultam</span> <span class='ocrx_word' id='word_1_206' title='bbox 521 3020 636 3083; x_wconf 91' lang='lat' dir='ltr'>habet:</span> <span class='ocrx_word' id='word_1_207' title='bbox 654 3020 782 3083; x_wconf 89' lang='lat' dir='ltr'>adhibe</span> <span class='ocrx_word' id='word_1_208' title='bbox 798 3037 860 3082; x_wconf 91' lang='lat' dir='ltr'>oro</span> <span class='ocrx_word' id='word_1_209' title='bbox 877 3020 1043 3096; x_wconf 86' lang='lat' dir='ltr'>animum,</span> <span class='ocrx_word' id='word_1_210' title='bbox 1061 3018 1108 3080; x_wconf 91' lang='lat' dir='ltr'>mi</span> <span class='ocrx_word' id='word_1_211' title='bbox 1123 3017 1239 3080; x_wconf 86' lang='lat' dir='ltr'>Pater.</span> <span class='ocrx_word' id='word_1_212' title='bbox 1257 3017 1373 3079; x_wconf 86' lang='lat' dir='ltr'>Huius</span> 
     </span>
     <span class='ocr_line' id='line_1_26' title="bbox 138 3123 1367 3204; baseline -0.001 -17"><span class='ocrx_word' id='word_1_213' title='bbox 138 3127 297 3190; x_wconf 90' lang='lat' dir='ltr'>animum</span> <span class='ocrx_word' id='word_1_214' title='bbox 312 3136 411 3189; x_wconf 89' lang='lat' dir='ltr'>tanta</span> <span class='ocrx_word' id='word_1_215' title='bbox 425 3127 564 3190; x_wconf 87' lang='lat' dir='ltr'>insania</span> <span class='ocrx_word' id='word_1_216' title='bbox 576 3126 613 3189; x_wconf 91' lang='lat' dir='ltr'>P.</span> <span class='ocrx_word' id='word_1_217' title='bbox 631 3126 760 3189; x_wconf 90' lang='lat' dir='ltr'>Rector</span> <span class='ocrx_word' id='word_1_218' title='bbox 772 3127 969 3189; x_wconf 88' lang='lat' dir='ltr'>absterrere</span> <span class='ocrx_word' id='word_1_219' title='bbox 981 3129 1165 3204; x_wconf 83' lang='lat' dir='ltr'>exoptans,</span> <span class='ocrx_word' id='word_1_220' title='bbox 1180 3124 1212 3185; x_wconf 94' lang='lat' dir='ltr'>ei</span> <span class='ocrx_word' id='word_1_221' title='bbox 1225 3123 1367 3186; x_wconf 91' lang='lat' dir='ltr'>obuiam</span> 
     </span>
     <span class='ocr_line' id='line_1_27' title="bbox 137 3230 1367 3313; baseline -0.002 -17"><span class='ocrx_word' id='word_1_222' title='bbox 137 3233 246 3311; x_wconf 88' lang='lat' dir='ltr'>sacto,</span> <span class='ocrx_word' id='word_1_223' title='bbox 263 3243 403 3312; x_wconf 90' lang='lat' dir='ltr'>praeter</span> <span class='ocrx_word' id='word_1_224' title='bbox 418 3236 519 3312; x_wconf 90' lang='lat' dir='ltr'>plura</span> <span class='ocrx_word' id='word_1_225' title='bbox 539 3233 625 3308; x_wconf 88' lang='lat' dir='ltr'>alia,</span> <span class='ocrx_word' id='word_1_226' title='bbox 643 3233 753 3313; x_wconf 91' lang='lat' dir='ltr'>ipsius</span> <span class='ocrx_word' id='word_1_227' title='bbox 773 3233 973 3312; x_wconf 85' lang='lat' dir='ltr'>opinionem</span> <span class='ocrx_word' id='word_1_228' title='bbox 992 3230 1198 3306; x_wconf 84' lang='lat' dir='ltr'>refellentia,</span> <span class='ocrx_word' id='word_1_229' title='bbox 1223 3239 1367 3293; x_wconf 86' lang='lat' dir='ltr'>nostrae</span> 
     </span>
     <span class='ocr_line' id='line_1_28' title="bbox 140 3336 1374 3419; baseline -0.002 -18"><span class='ocrx_word' id='word_1_230' title='bbox 140 3337 330 3402; x_wconf 88' lang='lat' dir='ltr'>Societatis</span> <span class='ocrx_word' id='word_1_231' title='bbox 354 3340 540 3419; x_wconf 86' lang='lat' dir='ltr'>priuilegia</span> <span class='ocrx_word' id='word_1_232' title='bbox 564 3340 778 3418; x_wconf 87' lang='lat' dir='ltr'>assignauit,</span> <span class='ocrx_word' id='word_1_233' title='bbox 802 3357 892 3419; x_wconf 89' lang='lat' dir='ltr'>quae</span> <span class='ocrx_word' id='word_1_234' title='bbox 914 3337 1055 3415; x_wconf 86' lang='lat' dir='ltr'>quidem</span> <span class='ocrx_word' id='word_1_235' title='bbox 1076 3337 1150 3415; x_wconf 88' lang='lat' dir='ltr'>ipse</span> <span class='ocrx_word' id='word_1_236' title='bbox 1177 3336 1374 3415; x_wconf 88' lang='lat' dir='ltr'>explodens</span> 
     </span>
     <span class='ocr_line' id='line_1_29' title="bbox 139 3440 1367 3526; baseline -0.006 -17"><span class='ocrx_word' id='word_1_237' title='bbox 139 3464 184 3509; x_wconf 90' lang='lat' dir='ltr'>ac</span> <span class='ocrx_word' id='word_1_238' title='bbox 200 3463 264 3525; x_wconf 92' lang='lat' dir='ltr'>pro</span> <span class='ocrx_word' id='word_1_239' title='bbox 278 3445 387 3509; x_wconf 92' lang='lat' dir='ltr'>nihilo</span> <span class='ocrx_word' id='word_1_240' title='bbox 401 3446 570 3526; x_wconf 76' lang='lat' dir='ltr'>pendenS,</span> <span class='ocrx_word' id='word_1_241' title='bbox 587 3464 668 3524; x_wconf 91' lang='lat' dir='ltr'>non,</span> <span class='ocrx_word' id='word_1_242' title='bbox 686 3446 808 3525; x_wconf 90' lang='lat' dir='ltr'>iuquit,</span> <span class='ocrx_word' id='word_1_243' title='bbox 826 3445 870 3508; x_wconf 87' lang='lat' dir='ltr'>ad</span> <span class='ocrx_word' id='word_1_244' title='bbox 890 3446 957 3507; x_wconf 94' lang='lat' dir='ltr'>hoc</span> <span class='ocrx_word' id='word_1_245' title='bbox 973 3440 1230 3523; x_wconf 87' lang='lat' dir='ltr'>assequendum</span> <span class='ocrx_word' id='word_1_246' title='bbox 1245 3456 1367 3505; x_wconf 88' lang='lat' dir='ltr'>uestra</span> 
     </span>
     <span class='ocr_line' id='line_1_30' title="bbox 139 3549 1372 3633; baseline -0.005 -17"><span class='ocrx_word' id='word_1_247' title='bbox 139 3555 261 3616; x_wconf 92' lang='lat' dir='ltr'>ualent</span> <span class='ocrx_word' id='word_1_248' title='bbox 275 3553 473 3633; x_wconf 87' lang='lat' dir='ltr'>priuilegia,</span> <span class='ocrx_word' id='word_1_249' title='bbox 490 3563 679 3632; x_wconf 88' lang='lat' dir='ltr'>propterea</span> <span class='ocrx_word' id='word_1_250' title='bbox 693 3552 787 3632; x_wconf 93' lang='lat' dir='ltr'>quod</span> <span class='ocrx_word' id='word_1_251' title='bbox 802 3552 874 3616; x_wconf 91' lang='lat' dir='ltr'>uim</span> <span class='ocrx_word' id='word_1_252' title='bbox 890 3561 924 3613; x_wconf 89' lang='lat' dir='ltr'>et</span> <span class='ocrx_word' id='word_1_253' title='bbox 937 3549 1142 3613; x_wconf 85' lang='lat' dir='ltr'>facultatem</span> <span class='ocrx_word' id='word_1_254' title='bbox 1157 3566 1270 3627; x_wconf 90' lang='lat' dir='ltr'>suam,</span> <span class='ocrx_word' id='word_1_255' title='bbox 1293 3549 1372 3610; x_wconf 90' lang='lat' dir='ltr'>sine</span> 
     </span>
     <span class='ocr_line' id='line_1_31' title="bbox 141 3654 1371 3740; baseline -0.003 -18"><span class='ocrx_word' id='word_1_256' title='bbox 141 3660 292 3723; x_wconf 87' lang='lat' dir='ltr'>alicuius</span> <span class='ocrx_word' id='word_1_257' title='bbox 315 3659 550 3740; x_wconf 89' lang='lat' dir='ltr'>praeiudicio,</span> <span class='ocrx_word' id='word_1_258' title='bbox 578 3657 673 3740; x_wconf 90' lang='lat' dir='ltr'>[non]</span> <span class='ocrx_word' id='word_1_259' title='bbox 698 3660 875 3723; x_wconf 87' lang='lat' dir='ltr'>obtinent:</span> <span class='ocrx_word' id='word_1_260' title='bbox 904 3657 1159 3738; x_wconf 88' lang='lat' dir='ltr'>praeiudicium</span> <span class='ocrx_word' id='word_1_261' title='bbox 1183 3672 1249 3718; x_wconf 92' lang='lat' dir='ltr'>nec</span> <span class='ocrx_word' id='word_1_262' title='bbox 1274 3654 1371 3718; x_wconf 89' lang='lat' dir='ltr'>aliud</span> 
     </span>
     <span class='ocr_line' id='line_1_32' title="bbox 139 3761 1371 3847; baseline -0.006 -17"><span class='ocrx_word' id='word_1_263' title='bbox 139 3767 330 3846; x_wconf 91' lang='lat' dir='ltr'>quicquam</span> <span class='ocrx_word' id='word_1_264' title='bbox 350 3776 451 3829; x_wconf 89' lang='lat' dir='ltr'>sonat</span> <span class='ocrx_word' id='word_1_265' title='bbox 473 3784 578 3847; x_wconf 88' lang='lat' dir='ltr'>quam</span> <span class='ocrx_word' id='word_1_266' title='bbox 597 3777 699 3829; x_wconf 90' lang='lat' dir='ltr'>extra</span> <span class='ocrx_word' id='word_1_267' title='bbox 719 3765 904 3829; x_wconf 91' lang='lat' dir='ltr'>iudicium:</span> <span class='ocrx_word' id='word_1_268' title='bbox 926 3763 988 3826; x_wconf 90' lang='lat' dir='ltr'>sed</span> <span class='ocrx_word' id='word_1_269' title='bbox 1010 3761 1045 3824; x_wconf 92' lang='lat' dir='ltr'>id</span> <span class='ocrx_word' id='word_1_270' title='bbox 1064 3763 1102 3825; x_wconf 91' lang='lat' dir='ltr'>fit</span> <span class='ocrx_word' id='word_1_271' title='bbox 1125 3770 1225 3824; x_wconf 91' lang='lat' dir='ltr'>extra</span> <span class='ocrx_word' id='word_1_272' title='bbox 1251 3778 1371 3823; x_wconf 88' lang='lat' dir='ltr'>meum</span> 
     </span>
     <span class='ocr_line' id='line_1_33' title="bbox 138 3868 1367 3953; baseline -0.007 -17"><span class='ocrx_word' id='word_1_273' title='bbox 138 3874 321 3953; x_wconf 90' lang='lat' dir='ltr'>iudicium;</span> <span class='ocrx_word' id='word_1_274' title='bbox 342 3890 428 3953; x_wconf 82' lang='lat' dir='ltr'>ergo</span> <span class='ocrx_word' id='word_1_275' title='bbox 444 3883 511 3936; x_wconf 85' lang='lat' dir='ltr'>etc.</span> <span class='ocrx_word' id='word_1_276' title='bbox 533 3873 584 3936; x_wconf 87' lang='lat' dir='ltr'>Ea</span> <span class='ocrx_word' id='word_1_277' title='bbox 600 3886 634 3936; x_wconf 92' lang='lat' dir='ltr'>et</span> <span class='ocrx_word' id='word_1_278' title='bbox 649 3874 718 3936; x_wconf 88' lang='lat' dir='ltr'>alia</span> <span class='ocrx_word' id='word_1_279' title='bbox 733 3874 776 3935; x_wconf 90' lang='lat' dir='ltr'>iis</span> <span class='ocrx_word' id='word_1_280' title='bbox 792 3872 919 3935; x_wconf 88' lang='lat' dir='ltr'>similia</span> <span class='ocrx_word' id='word_1_281' title='bbox 943 3870 1161 3950; x_wconf 90' lang='lat' dir='ltr'>sophismata</span> <span class='ocrx_word' id='word_1_282' title='bbox 1183 3868 1367 3946; x_wconf 77' lang='lat' dir='ltr'>colligenS,</span> 
     </span>
     <span class='ocr_line' id='line_1_34' title="bbox 140 3975 1370 4058; baseline -0.004 -16"><span class='ocrx_word' id='word_1_283' title='bbox 140 3980 302 4044; x_wconf 89' lang='lat' dir='ltr'>manibus</span> <span class='ocrx_word' id='word_1_284' title='bbox 317 3979 416 4042; x_wconf 91' lang='lat' dir='ltr'>libris</span> <span class='ocrx_word' id='word_1_285' title='bbox 430 3980 579 4055; x_wconf 76' lang='lat' dir='ltr'>refertiS,</span> <span class='ocrx_word' id='word_1_286' title='bbox 596 3979 665 4042; x_wconf 95' lang='lat' dir='ltr'>huc</span> <span class='ocrx_word' id='word_1_287' title='bbox 681 3990 785 4058; x_wconf 89' lang='lat' dir='ltr'>atque</span> <span class='ocrx_word' id='word_1_288' title='bbox 800 3979 869 4040; x_wconf 88' lang='lat' dir='ltr'>huc</span> <span class='ocrx_word' id='word_1_289' title='bbox 891 3977 1093 4040; x_wconf 87' lang='lat' dir='ltr'>discurrens</span> <span class='ocrx_word' id='word_1_290' title='bbox 1107 4023 1114 4053; x_wconf 94' lang='lat'>,</span> <span class='ocrx_word' id='word_1_291' title='bbox 1137 3975 1370 4054; x_wconf 92' lang='lat' dir='ltr'>plurimorum</span> 
     </span>
     <span class='ocr_line' id='line_1_35' title="bbox 108 4080 1368 4165; baseline -0.005 -16"><span class='ocrx_word' id='word_1_292' title='bbox 108 4091 111 4093; x_wconf 74' lang='grc'><strong>’</strong></span> <span class='ocrx_word' id='word_1_293' title='bbox 138 4098 330 4165; x_wconf 88' lang='lat' dir='ltr'>penetrans</span> <span class='ocrx_word' id='word_1_294' title='bbox 344 4085 478 4162; x_wconf 92' lang='lat' dir='ltr'>domos,</span> <span class='ocrx_word' id='word_1_295' title='bbox 496 4086 563 4148; x_wconf 89' lang='lat' dir='ltr'>ista</span> <span class='ocrx_word' id='word_1_296' title='bbox 579 4103 642 4147; x_wconf 88' lang='lat' dir='ltr'>sua</span> <span class='ocrx_word' id='word_1_297' title='bbox 659 4094 867 4163; x_wconf 84' lang='lat' dir='ltr'>argumenta</span> <span class='ocrx_word' id='word_1_298' title='bbox 884 4082 1085 4161; x_wconf 87' lang='lat' dir='ltr'>sophisticis</span> <span class='ocrx_word' id='word_1_299' title='bbox 1101 4080 1368 4143; x_wconf 88' lang='lat' dir='ltr'>collectionibus</span> 
     </span>
     <span class='ocr_line' id='line_1_36' title="bbox 138 4186 1372 4272; baseline -0.005 -18"><span class='ocrx_word' id='word_1_300' title='bbox 138 4193 419 4272; x_wconf 89' lang='lat' dir='ltr'>tortionibusque</span> <span class='ocrx_word' id='word_1_301' title='bbox 440 4193 696 4272; x_wconf 90' lang='lat' dir='ltr'>scripturarum</span> <span class='ocrx_word' id='word_1_302' title='bbox 721 4191 844 4253; x_wconf 81' lang='lat' dir='ltr'>fulcire</span> <span class='ocrx_word' id='word_1_303' title='bbox 859 4191 991 4252; x_wconf 92' lang='lat' dir='ltr'>nititur:</span> <span class='ocrx_word' id='word_1_304' title='bbox 1020 4198 1057 4250; x_wconf 94' lang='lat' dir='ltr'>ut</span> <span class='ocrx_word' id='word_1_305' title='bbox 1072 4187 1130 4266; x_wconf 93' lang='lat' dir='ltr'>qui</span> <span class='ocrx_word' id='word_1_306' title='bbox 1146 4186 1192 4248; x_wconf 84' lang='lat' dir='ltr'>ad</span> <span class='ocrx_word' id='word_1_307' title='bbox 1218 4203 1284 4249; x_wconf 90' lang='lat' dir='ltr'>nos</span> <span class='ocrx_word' id='word_1_308' title='bbox 1313 4204 1372 4248; x_wconf 91' lang='lat' dir='ltr'>ac-</span> 
     </span>
     <span class='ocr_line' id='line_1_37' title="bbox 139 4293 1366 4379; baseline -0.003 -19"><span class='ocrx_word' id='word_1_309' title='bbox 139 4298 280 4376; x_wconf 90' lang='lat' dir='ltr'>cedunt,</span> <span class='ocrx_word' id='word_1_310' title='bbox 302 4315 494 4379; x_wconf 91' lang='lat' dir='ltr'>eorumque</span> <span class='ocrx_word' id='word_1_311' title='bbox 516 4308 681 4377; x_wconf 89' lang='lat' dir='ltr'>parentes</span> <span class='ocrx_word' id='word_1_312' title='bbox 706 4308 740 4360; x_wconf 88' lang='lat' dir='ltr'>et</span> <span class='ocrx_word' id='word_1_313' title='bbox 759 4298 939 4375; x_wconf 78' lang='lat' dir='ltr'>coniugeS,</span> <span class='ocrx_word' id='word_1_314' title='bbox 963 4293 1366 4357; x_wconf 89' lang='lat' dir='ltr'>excommunicationem</span> 
     </span>
     <span class='ocr_line' id='line_1_38' title="bbox 139 4397 1368 4484; baseline -0.007 -17"><span class='ocrx_word' id='word_1_315' title='bbox 139 4405 332 4469; x_wconf 89' lang='lat' dir='ltr'>incurrisse</span> <span class='ocrx_word' id='word_1_316' title='bbox 347 4405 534 4484; x_wconf 85' lang='lat' dir='ltr'>probatum</span> <span class='ocrx_word' id='word_1_317' title='bbox 553 4422 595 4467; x_wconf 88' lang='lat' dir='ltr'>ac</span> <span class='ocrx_word' id='word_1_318' title='bbox 614 4413 781 4466; x_wconf 89' lang='lat' dir='ltr'>testatum</span> <span class='ocrx_word' id='word_1_319' title='bbox 797 4403 865 4466; x_wconf 89' lang='lat' dir='ltr'>det.</span> <span class='ocrx_word' id='word_1_320' title='bbox 889 4401 918 4465; x_wconf 93' lang='grc' dir='ltr'>Ο</span> <span class='ocrx_word' id='word_1_321' title='bbox 944 4398 1196 4479; x_wconf 86' lang='lat' dir='ltr'>benignissime</span> <span class='ocrx_word' id='word_1_322' title='bbox 1216 4397 1316 4479; x_wconf 90' lang='lat' dir='ltr'>Jesu,</span> <span class='ocrx_word' id='word_1_323' title='bbox 1334 4410 1368 4461; x_wconf 94' lang='lat' dir='ltr'>te</span> 
     </span>
     <span class='ocr_line' id='line_1_39' title="bbox 139 4504 1369 4592; baseline -0.006 -18"><span class='ocrx_word' id='word_1_324' title='bbox 139 4514 323 4592; x_wconf 90' lang='lat' dir='ltr'>deprecor,</span> <span class='ocrx_word' id='word_1_325' title='bbox 341 4509 510 4573; x_wconf 88' lang='lat' dir='ltr'>discussis</span> <span class='ocrx_word' id='word_1_326' title='bbox 525 4510 689 4588; x_wconf 79' lang='lat' dir='ltr'>tenebriS,</span> <span class='ocrx_word' id='word_1_327' title='bbox 708 4512 822 4573; x_wconf 91' lang='lat' dir='ltr'>lucem</span> <span class='ocrx_word' id='word_1_328' title='bbox 839 4509 987 4572; x_wconf 90' lang='lat' dir='ltr'>rationis</span> <span class='ocrx_word' id='word_1_329' title='bbox 1003 4507 1083 4568; x_wconf 91' lang='lat' dir='ltr'>huic</span> <span class='ocrx_word' id='word_1_330' title='bbox 1100 4504 1208 4567; x_wconf 92' lang='lat' dir='ltr'>menti</span> <span class='ocrx_word' id='word_1_331' title='bbox 1222 4505 1369 4584; x_wconf 83' lang='lat' dir='ltr'>reddas,</span> 
     </span>
     <span class='ocr_line' id='line_1_40' title="bbox 138 4613 839 4700; baseline -0.009 -18"><span class='ocrx_word' id='word_1_332' title='bbox 138 4613 208 4700; x_wconf 86' lang='lat' dir='ltr'>qua</span> <span class='ocrx_word' id='word_1_333' title='bbox 224 4636 351 4682; x_wconf 92' lang='lat' dir='ltr'>uerum</span> <span class='ocrx_word' id='word_1_334' title='bbox 366 4636 388 4680; x_wconf 89' lang='lat' dir='ltr'>a</span> <span class='ocrx_word' id='word_1_335' title='bbox 402 4616 491 4681; x_wconf 82' lang='lat' dir='ltr'>salso</span> <span class='ocrx_word' id='word_1_336' title='bbox 506 4617 707 4681; x_wconf 86' lang='lat' dir='ltr'>discernere</span> <span class='ocrx_word' id='word_1_337' title='bbox 723 4626 839 4696; x_wconf 91' lang='lat' dir='ltr'>queat.</span> 
     </span>
    </p>
   </div>
   <div class='ocr_carea' id='block_1_3' title="bbox 0 0 1624 5386">
    <p class='ocr_par' dir='ltr' id='par_1_3' title="bbox 0 0 1624 5386">
     <span class='ocr_line' id='line_1_41' title="bbox 0 0 1624 5386; baseline 0 0"><span class='ocrx_word' id='word_1_338' title='bbox 0 0 1624 5386; x_wconf 95' lang='lat' dir='ltr'> </span> 
     </span>
    </p>
   </div>
  </div>
 </body>
</html>
