3210 5392
696 442 761 501 Aa.
783 443 854 502 1554
1334 451 1392 511 153

179 584 283 648 bonum
297 585 527 667 abundemus,
540 606 605 669 pro
618 587 720 651 nobis
733 587 891 667 digneris
902 589 1135 672 intercedere,
1148 611 1218 674 quo
1233 595 1387 674 posthac

182 691 312 756 utiliores
323 694 419 757 serui
439 711 518 758 esse
533 696 723 775 possimus.

226 797 411 880 Messanae,
431 802 469 866 13
483 800 702 882 Septembris
724 804 811 868 1554.
902 855 904 858 ,

391 907 435 971 R.
452 908 490 971 P.
507 909 548 973 T.

554 1017 690 1081 Inutilis
704 1019 740 1080 in
754 1018 818 1082 X.⁰
831 1019 914 1101 Jesu
927 1037 1063 1100 seruus,

814 1234 978 1301 Auaron
1000 1257 1025 1301 n
1045 1237 1224 1304 Conanro.

232 1548 482 1632 Superscrrptio
497 1553 536 1616 in
551 1561 683 1634 quarta
692 1556 852 1635 pagina:
866 1555 891 1636 †
905 1556 984 1620 R.‘¹⁰
1004 1557 1039 1619 in
1051 1555 1158 1621 Chro.
1171 1556 1269 1621 Patri
1284 1558 1388 1638 Igna-

188 1654 225 1716 tio
234 1657 266 1719 de
274 1657 419 1739 Loyola,
433 1658 641 1740 Praeposito
653 1661 821 1726 Generali
835 1661 1024 1727 Societatis
1038 1663 1134 1745 Jesu.
1152 1663 1276 1728 Roma.

231 1763 299 1828 Aba
311 1783 433 1829 manu,
452 1766 540 1830 1554.
557 1767 734 1832 Messana·
747 1768 1015 1849 Quadrimestre
1029 1770 1087 1833 del
1100 1769 1309 1835 settembre.

239 1869 421 1952 Vestigium
436 1890 538 1937 cerae
553 1875 684 1937 rubrae
696 1874 827 1954 sigilli.

643 2515 900 2599 COOXXVI

221 2850 401 2915 Theodorus
417 2857 575 2918 Peltabus

247 2951 330 3014 Patri
345 2955 477 3029 Ignatio
490 2955 532 3015 de
545 2956 685 3030 Loyola.

277 3053 427 3127 Neapoli,
445 3055 479 3113 15
492 3053 700 3129 Septembris
712 3056 781 3115 1551
804 3056 825 3113 ¹.

755 3266 777 3338 †

222 3474 489 3554 Quadrimestris
504 3478 622 3541 exacti
637 3493 855 3556 successum,
873 3477 952 3540 R.⁶¹e
973 3478 1008 3541 in
1023 3479 1086 3542 X.⁰
1102 3478 1219 3558 Pater,
1236 3499 1296 3560 ea,
1314 3499 1385 3561 qua
1473 3498 1474 3502 ¹

179 3573 282 3648 iussum
296 3595 363 3662 est,
379 3585 554 3648 breuitate
569 3584 854 3664 perstringimus.

220 3685 279 3754 Res
299 3692 471 3768 literaria,
495 3702 532 3755 ut
553 3692 633 3755 inde
655 3691 827 3755 narrandi
849 3691 988 3755 initium
1010 3702 1189 3770 sumatur,
1205 3693 1383 3757 foeliciori

179 3804 257 3865 llam
270 3817 428 3880 unquam
452 3816 561 3862 cursu
585 3798 757 3878 procedit.
774 3797 974 3876 Lectiones
993 3799 1037 3861 ob
1051 3799 1180 3862 nimios
1196 3810 1315 3863 aestus
1330 3801 1380 3863 in·

178 3902 331 3970 termissas
347 3906 394 3970 ad
408 3906 577 3969 calendas
593 3904 777 3981 OctobriS,
796 3906 1062 3985 resumpsimus,
1078 3906 1205 3987 quibus
1217 3915 1290 3970 tres
1304 3924 1381 3971 ora·

179 4000 264 4075 tiones
272 4031 352 4076 cum
360 4013 495 4093 aliquot
506 4013 678 4091 uersibus,
689 4013 918 4076 inliteratum
930 4013 1272 4078 commendationem
1285 4032 1381 4077 com·

180 4116 285 4198 tostis,
296 4120 558 4200 praemisimus.

222 4222 458 4291 Confitentium
482 4245 525 4291 ac
551 4226 888 4292 communicantium
909 4244 1104 4291 concursus
1125 4228 1305 4291 mensibus
1325 4229 1384 4291 his

184 4362 361 4388 N...

212 4461 217 4490 ¹
238 4469 416 4528 autographae
435 4471 461 4515 ln
480 4471 575 4525 duplici
585 4471 655 4525 folio,
673 4481 718 4514 nn.
732 4470 772 4514 1t7
782 4477 807 4513 et
828 4470 875 4514 118.
890 4469 920 4514 ln
934 4468 967 4512 iis
981 4468 1035 4512 fere
1053 4468 1149 4522 omniu,
1160 4480 1225 4523 quae
1237 4469 1263 4513 ln
1278 4470 1385 4521 litteris,

183 4527 249 4582 lanu
257 4541 367 4594 Januartt
379 4547 407 4587 el
416 4543 453 4586 ⁶.⁸
462 4541 524 4598 Mali
535 4543 613 4594 datis,
624 4549 684 4586 sunt
695 4542 775 4596 dicta,
787 4550 948 4598 repetuntur.
960 4543 1080 4588 Sericum
1096 4542 1224 4595 quaedam
1238 4541 1291 4584 alia
1302 4540 1382 4584 etiam

183 4599 230 4660 ¹¹³1·
238 4622 293 4666 que
304 4617 329 4660 ln
337 4616 445 4670 litteris,
457 4624 522 4670 quas
533 4615 660 4662 norimus.
671 4627 721 4658 non
732 4617 906 4670 reperiuntur,
917 4617 966 4660 hoc
981 4614 1122 4667 exemplar.
1134 4614 1182 4656 abs
1192 4613 1269 4655 dublo
1280 4623 1312 4654 ex
1330 4611 1385 4655 illis

184 4672 265 4734 ⁸¹¹¹⁸iue
273 4687 336 4732 torte
349 4686 450 4733 litteris
460 4687 609 4740 condatum,
620 4688 751 4742 integrum
762 4689 788 4732 in
798 4690 883 4733 lucem
894 4689 972 4732 edere
982 4690 1154 4741 opportunum
1165 4685 1292 4728 duximus.
