3210 5392
653 460 718 518 Art.
739 459 809 519 1555
1289 456 1346 516 099

90 602 216 681 mino,
235 602 292 666 cui
307 604 496 683 negocium
515 604 610 667 istud
635 613 748 667 totum
773 603 975 684 frequenter
999 601 1288 666 commendamus
1305 610 1341 664 et

90 709 365 773 committimus
380 710 445 773 sub
468 710 619 774 Vestrae
630 709 860 774 Reuerendae
875 708 1103 772 Paternitatis
1126 708 1339 785 obedientia,

90 815 151 879 nil
166 815 248 879 fere
262 816 357 879 aliud
372 828 574 897 spectantes
589 826 623 880 et
635 818 857 897 suspirantes
868 833 976 897 quam
987 816 1107 879 uidere
1122 815 1216 878 diem
1228 814 1338 892 illum,

90 940 178 1005 quo
195 922 283 986 nudi
297 921 431 986 nudum
446 923 626 987 Christum
640 925 739 1004 sequi
754 927 948 987 ualeamus.

162 1027 224 1093 De
239 1028 278 1092 Ρ.
295 1028 475 1094 Ursmari¹
491 1030 646 1111 negotio,
663 1031 746 1112 quia
761 1030 918 1094 nondum
932 1027 1148 1110 expeditum,
1166 1038 1338 1091 tacemus.

163 1133 401 1199 Reuerendae
416 1135 569 1199 Vestrae
583 1136 812 1202 Pateruitatis
825 1136 989 1218 precibus
1005 1145 1039 1199 et
1065 1133 1250 1198 sacrificiis
1275 1151 1342 1197 nos

90 1259 234 1306 omnes
245 1243 435 1322 plurimum
451 1243 749 1307 commendamus.

165 1347 337 1428 Tornaci,
354 1359 483 1412 octauo
499 1349 556 1413 die
570 1349 780 1414 Nouembris
798 1349 886 1412 1555.

312 1454 353 1518 R.
371 1455 416 1519 V.
434 1456 473 1520 P.

512 1566 676 1627 seruulus
691 1564 835 1643 inutilis,

753 1777 945 1858 Qururmus
969 1778 1178 1844 Canutius.

165 2094 439 2175 Superscriptio
455 2097 493 2158 in
508 2096 626 2160 altera
636 2099 795 2178 pagina:
813 2097 891 2162 R.‘¹⁰
911 2099 947 2163 in
972 2098 1113 2164 Christo
1137 2098 1246 2178 Patri,
1266 2097 1337 2163 Do

90 2202 204 2266 mino
217 2201 265 2267 M.
279 2201 417 2281 Ignatio
431 2203 474 2266 de
485 2203 621 2281 Loiola,
635 2204 844 2286 Praeposito
860 2205 1027 2271 Generaii
1039 2204 1227 2271 Societatis
1238 2205 1335 2288 Jesu‚

90 2306 258 2373 Romae.

164 2413 253 2478 Alia
277 2432 402 2478 manu:
421 2415 508 2479 1555.
536 2416 701 2482 Tornaci.
719 2417 907 2498 Quintinus
923 2419 1094 2485 Chariant
1108 2420 1202 2499 (sic).
1220 2419 1330 2502 5(sic)

90 2518 332 2612 Nouembris,
983 2530 986 2536 '

165 2626 217 2694 Et
232 2627 320 2691 aiiii:
351 2627 483 2708 Questo
499 2636 518 2693 e
533 2640 628 2694 stato
643 2633 702 2695 un’
720 2631 850 2697 huomo
862 2644 976 2698 santo.

177 2734 380 2814 Vestigium
395 2752 496 2800 cerae
510 2736 641 2816 sigilli.

147 2976 160 3008 ί
187 2974 281 3020 Patris
287 2975 409 3022 Ursmari
419 2975 546 3034 Goyssou.
