3210 5392
199 432 256 493 702
598 433 1056 498 errsnasoonourussrnus

199 596 324 643 earum
344 596 387 644 ac
411 576 578 660 Episcopi
598 578 771 660 suffragio
796 578 984 660 inuitatus,
1010 578 1108 644 haud
1131 580 1311 660 vulgarem
1327 578 1391 661 ips‘e

200 686 481 750 consolationem
496 687 609 751 attuli.
1420 672 1426 681 '

259 790 421 873 Denique
435 792 473 856 in
489 791 656 874 oppidulo
670 790 834 873 Soriaco,
847 793 884 858 in
895 793 1059 858 Prioratu
1074 791 1120 857 de
1138 792 1292 858 Laueme
1309 808 1391 875 prope

199 898 403 980 Maringurn
428 897 438 932 ¹
461 900 606 980 urbem
631 898 726 980 apud
749 898 906 964 Montem
925 898 1106 964 Morinum
1130 899 1235 964 nobis
1253 898 1389 975 uicinum,

198 1015 305 1087 atque
318 1004 533 1088 Euscopiae,
552 1006 722 1088 Episcopi
744 1006 843 1089 jussu
857 1007 1030 1071 concione
1041 1006 1178 1088 habita,
1196 1002 1390 1071 verbumDei

202 1114 388 1194 energiam
411 1130 514 1178 suam
540 1114 715 1192 exercuit,
741 1130 849 1194 quarn
870 1121 1026 1179 testatur
1048 1113 1154 1179 fauor
1179 1115 1339 1192 omnium,
1357 1110 1390 1176 ai

198 1218 365 1285 sacrificii
383 1237 408 1284 a
425 1236 483 1285 me
503 1218 675 1285 offerendi
694 1219 929 1285 ministerium
946 1221 1154 1302 promiscuo
1173 1226 1390 1287 concursura

199 1336 342 1392 caetera
364 1325 403 1391 id
423 1343 537 1407 genus
560 1326 703 1392 indicia.
720 1325 1015 1409 Ryomensesrue
1028 1326 1158 1393 lterum
1172 1328 1221 1393 ad
1232 1329 1389 1393 solemneu

197 1434 242 1499 de
270 1436 578 1516 eleemosynarum
610 1434 798 1499 conatione
832 1450 1054 1514 sermonem,
1082 1434 1256 1499 trimestri
1283 1448 1389 1515 quoque

197 1541 314 1622 spatio
328 1538 451 1604 haberi
465 1541 619 1619 solitum,
636 1539 848 1619 inuitarunt3
869 1540 996 1622 quibus
1006 1537 1196 1622 Episcopi,
1211 1556 1289 1605 meo
1299 1550 1388 1603 taum

196 1647 315 1711 omnia
329 1647 565 1728 permittentis
575 1646 722 1711 arbitrio
741 1663 834 1729 quae
844 1647 892 1712 ad
905 1663 1049 1712 sacrum
1063 1646 1132 1710 hoc
1150 1647 1322 1728 negotium
1332 1658 1386 1725 per·

196 1753 326 1832 tinent,
339 1752 471 1836 jndicio
487 1742 726 1818 consentaneo
751 1752 968 1835 suffragatus
991 1768 1081 1818 sum.
1097 1752 1308 1817 Issiorlorum
1324 1747 1386 1814 reii-

197 1869 273 1925 tum
291 1859 442 1940 adorno,
463 1870 499 1924 et
514 1861 554 1924 in
578 1860 769 1925 Abbatiam
793 1858 977 1925 Steensem
995 1858 1255 1941 profectionem
1275 1857 1386 1923 instituo

197 1977 281 2031 ante
294 1966 517 2044 Adueuturu,
534 1982 638 2049 quem
655 1966 795 2032 Biliomi
812 1968 1004 2048 (repulsam
1021 1969 1140 2048 passis
1161 1962 1387 2049 Ryornensibuu

196 2082 233 2138 et
247 2072 565 2150 lssiodorenslous>
578 2074 677 2139 verbi
692 2075 889 2139 ministerio
902 2072 1110 2154 quotidiano
1118 2069 1386 2139 ‘intentnsrraml

195 2197 293 2261 gam.
306 2179 377 2245 Sed
387 2181 431 2247 de
441 2199 509 2262 me,
522 2183 602 2263 plus
616 2183 704 2246 satis
715 2181 830 2246 inutili
841 2198 885 2247 ac
896 2179 1098 2261 delicatulo,
1112 2182 1187 2246 iam
1197 2183 1294 2245 satis.

253 2286 431 2353 Dominus
439 2286 683 2370 Hieronymus
694 2287 843 2352 Bassius
854 2304 902 2352 ex
915 2303 985 2370 quo
999 2288 1187 2353 Aruernos
1197 2287 1326 2365 reuisit,
1339 2279 1387 2364 piis

194 2394 350 2474 negotiis
363 2411 496 2459 vacare
505 2411 583 2459 non
597 2408 726 2459 cessat.
740 2392 855 2459 Feriis
866 2392 1262 2460 Sanctorumtomnium
1280 2389 1389 2474 (quibus

194 2516 252 2565 me
265 2502 430 2566 canonici
443 2499 625 2566 Ecclesiae
649 2500 846 2565 cathedrali
869 2510 1046 2583 optarant,
1072 2503 1256 2582 repulsam
1280 2501 1319 2565 ab
1329 2490 1389 2575 Epi·

195 2624 317 2690 scopo,
332 2606 537 2673 Biliomaeis
550 2606 781 2689 suffragante,
804 2608 903 2689 passi
916 2611 1047 2686 tamen)
1064 2607 1294 2673 claromonte
1305 2606 1339 2671 iu
1349 2613 1392 2684 pl·

194 2715 314 2779 roecia
322 2712 442 2780 Divae
465 2712 629 2796 Virginis
651 2714 698 2778 du
723 2712 808 2779 Port
829 2732 911 2780 curn
934 2713 1222 2797 frequentissimo
1244 2703 1399 2779 audiorio

195 2823 428 2887 concionatus
442 2830 506 2901 est,
524 2821 653 2903 aciam
668 2822 793 2887 diebus
800 2821 956 2903 singulis
979 2821 1017 2884 in
1041 2819 1264 2887 xenodochio
1286 2804 1407 2886 sacrifi·

195 2931 264 3009 cio,
280 2928 380 2992 verbi
402 2928 609 3004 ministerio,
637 2944 832 3009 pauperum
859 2936 1030 3007 paternae
1054 2928 1284 2991 sollicitudini
1296 2920 1418 2991 vacat·

192 3035 288 3117 apud
302 3034 409 3099 Dm
430 3033 690 3100 cancellarium
705 3033 784 3098 Κέω
803 3030 950 3098 Domini
965 3033 1117 3114 hospitio
1138 3035 1332 3099 honorario
1354 3026 1427 3097 eff·

190 3152 325 3224 ceptus,
343 3142 438 3223 apud
453 3159 556 3223 quern
570 3140 737 3206 familiari
752 3139 1006 3204 consuetudine
1020 3139 1128 3220 degit.
1144 3140 1278 3206 Verbis
1296 3133 1430 3205 conse

191 3250 251 3331 qui
265 3266 439 3331 nequeam
453 3258 623 3331 quantum
636 3250 673 3312 in
684 3266 728 3312 ea
734 3248 826 3311 vrbe
837 3246 1060 3311 auctoritatis
1071 3244 1245 3312 Societati
1256 3237 1431 3312 conciliffi

189 3357 237 3420 rit
261 3365 336 3420 tam
359 3355 490 3435 exiguo
511 3357 681 3435 temporis
702 3354 834 3436 spatio,
856 3369 1032 3435 quamque
1052 3353 1199 3417 uberem
1221 3345 1431 3419 animoru(

189 3462 331 3542 frugem
341 3463 413 3526 iam
427 3462 621 3541 collegerit.

251 3569 422 3650 Magister
435 3567 561 3633 Petrus
580 3565 724 3632 Canalis
747 3566 945 3648 Euscopiae
969 3576 1004 3630 et
1030 3565 1247 3648 Episcopum
1271 3565 1431 3633 extimi!

189 3678 265 3741 lare
279 3676 325 3739 ad
339 3675 487 3754 Collegii
501 3675 716 3738 erectionem
730 3676 880 3751 laborat,
908 3692 950 3738 ac
972 3674 1040 3756 piis
1064 3673 1223 3738 moribus
1249 3693 1293 3739 ac
1314 3677 1431 3740 collo!

190 3783 282 3864 quils
306 3782 486 3846 fraternae
500 3780 853 3856 correctioni-studet3
871 3781 930 3861 qui
941 3781 972 3844 si
991 3780 1234 3845 valetudinem
1246 3784 1431 3863 paulatin

187 3897 384 3970 recuperet,
401 3888 593 3952 maximam
608 3888 815 3953 eruditionis
826 3904 869 3951 ac
883 3887 1070 3969 probitatis
1090 3903 1177 3951 suae
1192 3906 1295 3969 spem
1318 3890 1431 3954 nobit

189 3996 348 4076 praebet,
365 4012 580 4076 quamquam
595 4012 661 4058 nec
676 3995 780 4058 modo
794 3994 928 4058 inutilis
944 3994 1000 4058 sit.

250 4100 580 4166 Revereudissimns
593 4099 780 4180 Dominus,
798 4102 957 4166 vestibus
967 4100 1179 4165 necessariis
1194 4100 1402 4166 ministratis
1418 4110 1431 4147 ·'

188 4226 314 4290 preces
329 4218 472 4273 nostras
491 4209 565 4272 suis
589 4209 822 4290 eleemosynis
844 4208 924 4289 jure
947 4207 1180 4273 meritissimo-
1203 4210 1431 4290 promentuz

189 4325 243 4380 est
258 4315 470 4396 nuperrime.

249 4422 340 4486 Vale
355 4423 391 4485 in
405 4421 486 4485 D.¹¹⁰
506 4421 590 4504 Jesu
607 4420 759 4502 Christo,
786 4422 892 4486 Pater
916 4421 1255 4501 obseruandissime,
1283 4430 1431 4502 nosque

227 4662 235 4696 t
264 4660 421 4715 Maringuee.
