3210 5392
171 425 175 430 ”
190 421 246 480 458
577 423 749 481 errauns
763 438 1033 490 ounnntussrnss

192 567 320 641 allecti,
338 584 380 628 ac
396 568 451 630 his
466 568 725 631 honestissimis
739 568 923 631 literarum
938 567 1064 631 studiis
1076 565 1233 643 distenti,
1246 574 1323 630 tum
1338 566 1401 629 faci

192 675 259 736 lius
274 693 293 735 a
310 676 549 754 praesentium
565 678 784 754 uoluptatum
800 674 980 738 blanditiis
994 683 1220 750 reuocentur,
1236 685 1313 735 tum
1327 672 1401 735 socii

189 782 268 844 cius
283 781 328 844 ad
344 783 544 845 castitatem
558 794 592 846 et
608 799 749 846 omnem
764 783 932 846 virtutem
945 781 1231 861 amplectandam
1243 781 1401 854 stimulen

192 899 260 966 tur,
277 897 351 951 tum
366 888 507 952 demum
522 890 676 952 alacrius
691 890 737 953 ad
751 899 895 952 nostrae
916 888 1100 966 religionis
1118 895 1348 951 sacramenta
1368 904 1401 950 ct

187 996 407 1073 ignoscenda,
421 998 681 1061 exsuscitentur
692 1008 728 1060 et
739 984 1010 1060 inflammentur.
1020 995 1049 1058 F
1050 994 1388 1058 raterSebastianus

189 1101 340 1180 insignis
355 1101 486 1166 Christi
499 1111 616 1183 poeta,
638 1104 741 1167 simul
761 1121 841 1167 cum
862 1103 1013 1166 caeteris
1034 1100 1167 1165 Christi
1192 1101 1321 1181 poetis
1343 1117 1401 1163 cor

190 1209 339 1288 spirauit
362 1220 400 1272 ut
424 1225 544 1272 musas
568 1210 723 1272 lasciuas
749 1218 924 1288 vagantes
950 1226 993 1271 ac
1023 1208 1145 1271 exules
1172 1224 1218 1270 ex
1243 1207 1393 1270 Amonii

189 1315 368 1378 montibus
387 1315 620 1379 etHeliconis
643 1316 836 1379 verticibus
856 1324 1010 1392 reuocet,
1032 1324 1067 1378 et
1088 1315 1125 1377 in
1144 1312 1243 1394 Syon
1264 1325 1300 1376 et
1321 1313 1401 1377 Itab

190 1422 282 1485 rium
297 1434 331 1484 et
346 1421 442 1502 Syna
458 1424 598 1486 excelsa
614 1422 773 1502 reducat;
787 1440 829 1486 ac
844 1422 1070 1500 incunabula,
1084 1422 1274 1501 praesepia
1291 1420 1401 1484 Christ

188 1529 332 1606 condat,
349 1530 600 1609 horrentiaque
623 1530 779 1593 eiusdem
801 1547 900 1592 arma
915 1530 1126 1608 laboresque
1141 1527 1343 1609 sapientius
1356 1528 1402 1591 soi

190 1634 328 1716 tiusque
344 1639 503 1714 gentium
518 1639 634 1716 poetis
649 1645 765 1700 canat.
783 1636 976 1716 Discipulis
991 1636 1098 1715 igitur
1114 1644 1228 1697 artem
1243 1635 1401 1713 poeticar

190 1741 338 1804 mirifico
353 1742 498 1806 tradidit
513 1743 663 1806 artificio
679 1752 891 1822 exercetque
907 1742 985 1804 illos
1000 1741 1219 1804 carminibus
1233 1740 1401 1804 iaciendis

190 1846 363 1929 Discipuli
379 1849 563 1928 diligenter
580 1849 661 1912 huic
677 1850 746 1912 arti
761 1866 906 1928 operam
921 1848 1007 1911 dant
1022 1864 1064 1911 ac
1079 1848 1236 1911 studiose
1261 1847 1401 1910 carmin.

190 1955 355 2033 condunt,
384 1967 534 2036 suntque
559 1957 736 2036 plerisque
760 1955 987 2018 admirationi
1011 1955 1048 2017 in
1071 1954 1139 2017 hac
1163 1955 1265 2032 vrbe,
1293 1955 1328 2016 in
1351 1971 1401 2033 qus

188 2063 294 2141 pauci
308 2062 529 2141 reperiuntur
541 2062 624 2126 huic
639 2063 708 2125 arti
723 2062 842 2125 dediti.

251 2166 556 2245 Quemadmodum
581 2186 648 2232 nos
673 2169 768 2233 domi
793 2170 1008 2249 gesserimus
1031 2179 1136 2248 atque
1164 2168 1200 2230 in
1223 2168 1401 2230 iuuentuti:

186 2274 442 2337 institutionem
458 2275 759 2339 elaborauerimus
775 2276 843 2338 hoc
858 2293 968 2353 anno,
985 2275 1072 2337 satis
1093 2275 1311 2354 explicatum
1328 2274 1401 2336 arbi

187 2389 273 2442 tror.
291 2379 453 2461 Sequitur
470 2393 507 2444 ut
522 2382 610 2445 haee
626 2381 739 2445 officia
755 2399 959 2463 persequar,
976 2398 1066 2460 quae
1081 2381 1260 2461 pertinent
1276 2380 1323 2443 ad
1345 2380 1401 2442 ani

188 2504 327 2550 morum
349 2489 480 2551 cultum
495 2498 529 2551 et
551 2488 596 2551 ad
613 2490 708 2551 vitae
723 2490 919 2552 communis
934 2487 1189 2551 institutionem
1212 2501 1247 2549 et
1263 2486 1399 2566 discipli

187 2610 281 2656 nam.
296 2594 420 2657 Patres
435 2595 543 2674 igitur
558 2613 655 2658 more
667 2605 701 2659 et
716 2596 874 2658 instituto
890 2594 1080 2658 Societatis
1095 2594 1325 2657 intenderunt
1341 2593 1397 2655 ani

188 2716 284 2763 mum
297 2701 472 2781 frequenti
494 2701 757 2765 confessionum
776 2702 907 2765 actioni
923 2712 1028 2781 atque
1043 2700 1297 2781 mysteriorum
1311 2700 1401 2778 largi

184 2807 284 2871 tioni.
302 2808 408 2871 Pater
422 2809 451 2871 F
454 2810 636 2872 ranciscus
652 2809 836 2871 Brunellus
851 2809 1082 2872 concionatus
1097 2816 1151 2870 est
1163 2808 1198 2869 in
1211 2808 1343 2887 templo
1355 2805 1399 2869 Di

185 2931 251 2976 uae
267 2914 399 2976 Luciae
415 2916 576 2977 omnibus
591 2914 699 2993 seriis,
716 2917 893 2978 instruens
909 2914 1130 2994 potissimum
1145 2913 1268 2976 fideles
1288 2913 1401 2977 doctri

186 3038 230 3081 na
248 3022 453 3084 christiana.

244 3127 450 3192 Praefectus
471 3128 536 3191 suit
556 3128 592 3191 Ρ.
610 3129 825 3192 Franciscus
847 3127 1000 3191 Palmius
1024 3128 1068 3191 ab
1093 3127 1272 3206 Episcopo
1299 3126 1394 3190 Bono

186 3236 299 3297 niensi
314 3234 325 3265 ³
341 3237 541 3298 lustrationi
556 3247 589 3299 et
606 3253 777 3298 censurae
792 3235 1045 3299 iurisdictionis
1060 3232 1082 3312 ⁴,
1100 3235 1136 3297 in
1151 3251 1221 3312 qua
1237 3232 1401 3297 censendi

185 3350 221 3402 et
236 3342 450 3404 instituenda
474 3344 593 3404 nescio
610 3360 656 3405 an
672 3344 750 3422 plus
765 3342 896 3405 doloris
912 3341 1113 3421 conceperit
1129 3357 1174 3402 an
1191 3341 1323 3404 laboris
1338 3357 1396 3403 sus

185 3448 330 3526 ceperit.
348 3448 463 3510 Tanta
479 3450 643 3512 nimirum
664 3458 717 3511 est
738 3449 936 3511 animarum
956 3448 1108 3523 iactura,
1135 3457 1235 3509 tanta
1262 3447 1397 3526 discipli

185 3571 252 3615 riae
269 3556 399 3616 veteris
414 3557 644 3633 perturbatio,
662 3565 760 3618 tanta
776 3572 915 3617 morum
929 3555 1156 3634 peruersitas
1177 3565 1280 3616 tanta
1300 3571 1401 3617 sacer

184 3661 308 3722 dotum
330 3660 459 3724 Christi
477 3662 679 3740 ignorantia
701 3674 734 3724 et
755 3679 866 3741 error,
884 3671 983 3724 tanta
999 3661 1150 3740 denique
1165 3661 1401 3723 uniuersorun

187 3767 366 3847 turpitudo
383 3779 416 3830 et
431 3769 577 3830 malitia.
595 3768 746 3831 Proinde
761 3770 797 3830 in
813 3769 880 3830 hac
896 3780 969 3830 tam
984 3769 1101 3847 ampla
1118 3784 1232 3829 messe
1248 3768 1401 3846 copiosa!

184 3883 220 3935 et
236 3891 386 3953 magnas
401 3875 549 3954 percipit
561 3876 693 3954 fruges
712 3875 794 3938 dum
809 3876 936 3954 impios
951 3883 986 3936 et
997 3873 1220 3937 facinorosos
1230 3873 1401 3936 Ecclesia«

186 3982 390 4044 muneribus
406 3982 518 4054 orbat,
536 3982 601 4043 hos
615 3993 726 4060 notat,
750 3983 889 4044 illorum
910 3997 1028 4043 mores
1048 3980 1151 4059 regit,
1173 3980 1264 4043 alios
1284 3990 1401 4043 monet

336 4141 396 4148 .—

225 4225 233 4255 ¹
263 4223 369 4266 Polanci
380 4222 503 4265 librarius
518 4221 659 4275 scripserat
671 4221 696 4265 in
715 4220 848 4273 Chronico,
860 4232 917 4265 eum
933 4220 964 4263 de
979 4220 1132 4264 Bononiensi
1151 4218 1268 4273 Collegio
1279 4219 1308 4264 fit
1322 4231 1401 4264 sermc

184 4296 249 4341 haec
261 4298 351 4338 verba:
364 4301 481 4348 opero-«2
491 4293 526 4336 ad
537 4295 664 4346 ntagistri
673 4293 790 4348 Joanm's
802 4293 970 4344 sebastiani:
980 4292 1026 4336 sed
1037 4293 1104 4335 linea
1114 4302 1193 4346 super
1209 4293 1320 4336 verbum
1334 4292 1401 4347 Joar

184 4367 228 4408 nis
240 4367 318 4409 ducta
328 4375 376 4409 est.

223 4438 234 4468 ²
263 4436 314 4490 Slc;
326 4439 471 4480 Ammonis?

224 4509 235 4540 ⁸
262 4508 521 4563 JoanneCampeggi.

226 4583 237 4614 ⁴
264 4582 339 4625 Haud
351 4581 434 4634 facile,
449 4588 577 4635 putamus.
592 4582 648 4635 quis
664 4581 749 4635 cupiet
767 4591 909 4624 sermonem
926 4579 968 4622 hic
984 4579 1027 4632 agi
1038 4580 1068 4622 de
1080 4579 1352 4623 visitanda‘dt‘oecest'
1361 4575 1390 4619 B·

182 4657 316 4698 nontensi.
