3210 5392
629 441 692 502 Au.
714 442 782 502 1500

276 925 490 972 Praecedeutlum
500 927 626 983 Stephani
637 929 750 974 Baroelll
765 930 911 975 litterarum
921 932 1006 976 latina
1023 933 1109 976 versio
1120 932 1137 976 ¹.

621 1254 782 1414 JhS.†M.⁸

147 1540 226 1606 Pax
236 1542 293 1606 Xi

145 1648 224 1712 R.de
243 1649 360 1713 Pater:
378 1650 497 1714 Pauca
513 1669 535 1715 a
549 1653 651 1716 nobis
664 1652 822 1717 Mutinae
837 1662 982 1734 peracta
996 1654 1151 1718 breuiter
1174 1654 1237 1718 tibi
1257 1671 1315 1718 ex·

90 1755 324 1834 plicabuntur.
351 1756 446 1822 Inter
469 1767 621 1822 matrem
645 1769 680 1822 et
697 1758 806 1823 filiam
825 1777 867 1823 ac
890 1776 1062 1839 generum
1083 1760 1172 1823 adeo
1190 1761 1314 1840 grauis

92 1863 269 1927 nimicitia
284 1875 373 1942 erat,
390 1874 429 1927 vt
444 1867 538 1929 mala
552 1883 644 1929 vnus
659 1874 784 1930 eontra
798 1867 905 1930 alium
920 1866 1096 1946 cogitaret
1106 1865 1130 1945 ·;
1147 1867 1241 1948 quod
1252 1884 1313 1929 au·

90 1969 185 2033 liens
200 1971 290 2033 alter
307 1971 453 2034 Patrum
467 1972 582 2051 primo
607 1972 731 2035 vocari
753 1970 852 2051 jubet
877 1980 1036 2050 matrem,
1063 1972 1190 2036 deinde
1209 1990 1312 2052 gene·

90 2093 174 2155 um,
192 2084 226 2139 et
242 2076 373 2140 auditis
388 2078 559 2158 partibuS,
577 2079 751 2159 simulque
766 2087 870 2142 vtens
886 2079 1019 2143 auxilio
1035 2079 1150 2143 curati
1169 2079 1312 2143 tandem

90 2192 174 2246 nter
191 2198 264 2261 e05,
282 2182 359 2247 Deo
376 2183 529 2263 fauente,
545 2202 617 2264 pax
632 2186 828 2265 composita
842 2195 907 2249 est.

141 2287 392 2353 Confessarius
406 2308 452 2353 ex
466 2291 598 2354 nostris
612 2301 763 2354 vocatus
778 2302 817 2355 vt
831 2291 1002 2356 inuiseret
1017 2293 1205 2374 quemdam
1222 2308 1310 2355 mer·

90 2404 242 2459 :atorem
254 2412 460 2476 pauperem,
476 2398 581 2461 ualde
595 2397 772 2461 infirmum
786 2416 857 2462 non
877 2400 990 2462 solum
1016 2400 1177 2479 corporis
1201 2398 1312 2463 sedet

90 2503 234 2581 mimae,
252 2514 441 2583 propterea
456 2504 551 2584 quod
565 2522 636 2567 non
650 2503 766 2568 suerat
788 2505 971 2569 consessus
992 2507 1029 2570 in
1051 2505 1233 2586 paschate,
1250 2505 1310 2569 ha·

90 2625 168 2672 >ens
180 2609 300 2673 odium
315 2609 487 2673 aduersus
502 2611 701 2691 quemdam,
718 2621 752 2674 et
767 2611 930 2691 cupiebat
945 2629 983 2675 se
1000 2613 1191 2687 vindicare,
1210 2612 1240 2675 si
1256 2629 1309 2675 so·

90 2732 153 2780 um
167 2717 352 2797 potuisset;
369 2717 432 2780 sed
448 2735 512 2797 per
527 2717 689 2781 eumdem
704 2717 945 2782 consessorem
959 2719 1123 2782 inductus
1134 2730 1189 2783 est
1203 2718 1249 2782 ad
1260 2718 1308 2782 sa·

90 2822 245 2886 :iendam
258 2840 395 2903 pacem,
412 2834 457 2902 et,
471 2825 624 2904 receptis
635 2824 871 2888 sanctissimis
882 2825 1125 2902 sacramentis
1140 2825 1309 2904 migrauit

90 2928 125 2992 td
140 2928 349 2993 Dominum.
366 2930 442 3010 Qua
459 2931 502 2995 de
517 2948 555 2994 re
571 2940 686 2995 motus
700 2932 776 2994 eius
801 2932 923 3009 frater,
949 2931 1009 3011 qui
1033 2941 1110 2993 erat
1125 2940 1159 2993 et
1182 2932 1307 3011 ipsein

90 3036 205 3100 eodem
219 3049 377 3116 peccato,
395 3047 430 3101 et
444 3037 609 3102 inductus
623 3055 687 3118 per
701 3038 862 3101 eumdem
882 3038 1015 3101 dictum
1035 3034 1304 3117 confessarium,

90 3142 262 3206 :oufessus
277 3154 341 3207 est,
359 3143 457 3209 Ciuis
482 3145 625 3225 quidam
650 3156 842 3224 aegrotans
861 3144 1030 3207 accersiri
1048 3143 1148 3223 J'ubet
1168 3143 1305 3207 confes-

90 3266 197 3312 ¹‚orem
212 3267 258 3312 ex
272 3251 414 3330 nostris,
433 3268 514 3314 cum
528 3269 598 3331 quo
622 3251 706 3314 fecit
730 3250 1001 3328 confessionem,
1028 3259 1063 3313 et
1083 3249 1235 3329 receptis
1250 3267 1304 3313 sa·

90 3355 270 3419 :ramentis
286 3357 549 3434 ecclesiasticis
566 3357 651 3420 obiit
667 3356 760 3420 diem
772 3373 885 3419 suum.

134 3461 209 3525 Nec
223 3471 258 3525 te
272 3463 383 3526 latere
398 3464 502 3527 debet
516 3466 560 3528 de
575 3481 724 3528 romano
738 3464 809 3541 illo,
827 3465 884 3527 cui
902 3463 1045 3526 nomine
1064 3471 1140 3525 erat
1160 3461 1305 3542 Stepha-

90 3586 142 3631 lus
167 3569 363 3647 Cardellus,
380 3570 440 3650 qui
464 3571 569 3649 graui
593 3571 717 3634 morbo
744 3569 902 3648 aflectus
926 3570 975 3632 ita
1001 3569 1046 3631 ad
1071 3586 1133 3632 cor
1149 3569 1252 3632 rediit
1266 3579 1305 3632 vt

90 3693 182 3756 ‚aepe
196 3677 401 3756 loqueretur
416 3675 459 3740 de
474 3676 541 3740 Dei
557 3676 801 3740 misericordia
817 3677 883 3740 sibi
893 3695 915 3739 a
934 3676 1010 3741 Deo
1025 3677 1131 3754 facta,
1156 3687 1190 3739 et
1211 3675 1305 3737 adhi-

90 3783 145 3846 lita
161 3784 322 3863 diligenti
333 3801 419 3847 cura
433 3802 454 3847 a
466 3783 571 3847 Patre
585 3793 719 3859 nostro,
736 3801 888 3863 quocum
900 3783 1087 3862 aliquoties
1098 3793 1152 3845 est
1168 3782 1305 3845 confes-

90 3908 145 3968 us,
168 3892 409 3954 sacrosanctis
425 3891 659 3955 sacramentis
674 3892 829 3954 munitus
841 3889 1054 3953 obdormiuit
1075 3890 1112 3952 in
1138 3887 1301 3951 Domino.

133 3997 201 4060 Vir
215 3998 370 4078 quidam,
387 3999 447 4078 qui
463 4015 534 4060 vna
550 4015 631 4060 cum
647 3997 791 4060 muliere
806 3998 842 4059 in
855 4006 1003 4076 peccato
1023 3995 1176 4086 mortali.
1185 3992 1302 4072 J'acue·

90 4115 127 4167 ‘at
142 4103 164 4166 8
177 4106 235 4166 vel
248 4104 268 4165 9
282 4106 397 4182 annis,
414 4105 610 4184 praemissa
626 4103 849 4166 consessione
864 4102 964 4165 duxit
986 4118 1065 4164 earn
1080 4101 1116 4162 in
1140 4116 1300 4174 uxorem;

90 4220 256 4273 *raeterea
271 4210 355 4273 data
370 4220 451 4274 sunt
467 4210 637 4273 exercitia
649 4209 771 4290 juueni
783 4208 957 4270 bonarum
968 4207 1132 4287 partium,
1150 4205 1300 4285 quicum

111 4380 120 4411 ¹
150 4377 253 4433 Duplex
273 4384 313 4423 eut
331 4379 426 4422 harum
441 4378 591 4421 litterarum
609 4376 752 4432 exemplum
771 4375 970 4429 autographum.
986 4373 1101 4417 Primum
1113 4373 1138 4416 lu
1148 4372 1209 4416 sollo
1225 4373 1300 4417 unico

90 4449 152 4501 .l69,
164 4450 189 4494 ln
200 4462 250 4505 quo
262 4449 390 4504 quaedam
401 4449 515 4493 subdidit
531 4459 608 4492 manu
622 4447 728 4503 propria
740 4445 767 4490 P.
778 4445 890 4499 joannes
904 4443 941 4488 Le
952 4443 1082 4497 Pellenen
1099 4448 1172 4487 caret
1187 4442 1300 4487 subacri-

90 4522 165 4566 tlone.
177 4521 331 4573 Secundum,
342 4521 440 4564 infolio
452 4520 532 4564 etiam
542 4520 626 4573 unico,
637 4520 706 4563 nullo
716 4528 822 4561 numero
833 4517 991 4566 distinctum.
1002 4522 1075 4559 caret
1083 4515 1123 4558 his
1133 4525 1149 4557 a
1158 4513 1185 4558 P.
1194 4513 1231 4558 Le
1245 4514 1300 4558 Pel·

90 4594 146 4637 ttier
156 4593 261 4640 additis.
272 4594 317 4636 red
329 4591 578 4645 superscriptionem
588 4590 725 4645 qnamdam
736 4589 823 4641 habet,
837 4598 913 4641 quam
922 4585 990 4630 inira
1001 4586 1210 4630 transcribemus.

110 4662 122 4694 ¹
150 4663 356 4708 machinaretur
366 4664 447 4706 habet
457 4663 569 4706 alterum
580 4663 732 4716 exemplum.
