3210 5392
724 110 788 168 Au.
811 109 881 169 1555
1361 109 1417 167 393

209 261 355 332 versatus,
370 255 565 320 domestico
580 256 735 336 quodam
751 265 851 335 patre
878 254 1053 327 consulto,
1069 263 1258 334 postquam
1280 255 1412 332 proies-

205 351 320 423 sionem
331 372 487 425 nostram
501 363 611 442 probe
627 363 773 425 edoctus
788 372 853 438 est,
871 360 915 424 ad
931 361 1128 441 spiritualia
1144 361 1315 423 exercitia
1330 378 1410 423 sese

204 466 310 530 Statuit
328 467 504 548 conferre,
532 470 760 548 ingressurus
784 469 950 532 nimirum
974 465 1189 532 Societatem
1211 468 1242 529 si
1263 468 1413 530 subinde

200 567 397 638 admittatur.
412 574 487 639 Nec
512 575 789 639 verohominem
814 586 972 638 moratur
997 591 1055 637 res
1081 575 1279 655 praediueS,
1304 592 1412 654 quam

196 679 348 759 possidet,
364 699 430 745 nec
443 683 539 745 aliud
555 682 747 763 quidquam
762 681 928 746 deterret.
945 681 1070 760 Populi
1085 690 1203 743 autem
1215 681 1273 760 pia
1289 680 1408 742 aedifi·

194 783 282 848 catio
293 789 417 851 crescit
430 788 468 851 in
482 788 569 868 dies;
586 789 654 853 hac
679 790 890 870 praesertim
914 786 1134 851 hebdomade
1159 803 1264 850 sacra
1281 787 1412 850 mirum

190 881 230 946 in
245 895 371 959 modum
390 896 531 959 suerunt
548 894 722 973 delectati,
750 905 941 976 conspecto
964 904 1191 958 monumento
1219 894 1412 973 officiisque

186 987 319 1080 dillinis,
335 1019 427 1083 quae
441 1011 527 1065 tono
542 1002 723 1079 mediocri,
745 1004 797 1065 sic
820 1004 913 1065 enim
928 1002 1209 1082 praescripserat
1235 1000 1272 1063 P.
1289 999 1412 1064 ndster

180 1088 393 1172 Franciscus
409 1106 431 1187 ¹,
447 1125 571 1172 sumus
584 1109 767 1172 modulati.
794 1108 859 1172 Cui
883 1117 1101 1172 mercatores
1125 1109 1316 1188 populares
1338 1124 1413 1170 ma-

174 1201 277 1277 xime
294 1215 507 1293 institerunt,
530 1216 817 1280 concionatorem
838 1216 990 1296 aliquem
1010 1213 1199 1278 Societatis
1219 1213 1414 1293 efflagitan-

169 1308 245 1391 tes,
262 1338 305 1384 ex
319 1338 389 1402 quo
404 1321 588 1386 hominum
603 1320 827 1385 affectionem
841 1323 942 1384 iuxta
957 1321 1068 1401 ipsius
1087 1320 1288 1384 doctrinam
1307 1320 1414 1382 facile

161 1421 232 1479 est
247 1425 449 1491 aduertere.

148 1614 177 1630 ..
232 1525 350 1598 Porro
365 1532 491 1598 Patres
506 1552 549 1599 ac
564 1536 693 1599 fratres
708 1535 751 1598 de
766 1538 880 1600 salute
902 1535 990 1598 bene
1012 1535 1142 1598 habent
1168 1546 1202 1597 et
1218 1535 1361 1597 omnino
1378 1536 1415 1597 in

141 1631 307 1705 ”suem
319 1653 476 1721 pergunt
496 1641 623 1705 studiis
642 1659 685 1704 ac
704 1642 880 1722 negociis;
901 1658 1041 1704 necnon
1063 1652 1097 1704 et
1122 1640 1274 1705 aedificii
1297 1641 1416 1703 nostri

132 1734 269 1810 opus
282 1746 458 1812 foeliciter
473 1764 552 1812 sese
565 1748 687 1812 habet:
704 1749 761 1811 cui
777 1749 843 1812 hoc
866 1765 951 1811 vere
972 1765 1148 1813 summam
1170 1765 1326 1825 manum,
1344 1748 1413 1811 Do·

121 1837 273 1916 ¹¹11'110
284 1865 477 1933 annuente,
493 1853 570 1919 fore
587 1855 836 1934 imponendam
847 1853 1036 1918 credimus.

111 2028 125 2040 ,
223 1951 307 2024 Det
322 1961 427 2024 nobis
442 1960 604 2025 Christus
619 1962 772 2042 optimus
787 1963 965 2025 maximus
981 1962 1016 2025 in
1037 1961 1075 2024 P.
1093 1961 1191 2025 Tuae
1212 1961 1413 2024 obedientia

106 2046 324 2148 'ntegra
337 2068 541 2149 persistere,
557 2086 663 2150 quem
678 2081 716 2131 vt
742 2069 906 2148 dignetur
931 2086 1147 2132 conseruare
1167 2069 1202 2131 in
1228 2069 1282 2131 sui
1298 2068 1419 2130 maius

99 2150 372 2238 Se1'uitium
386 2191 528 2255 semper
542 2192 741 2255 precamur.

226 2272 473 2360 Methymnae
489 2280 626 2362 Campi,
639 2282 659 2344 4
673 2281 854 2345 Kalendas
869 2282 984 2346 Maias
1002 2282 1089 2344 1555.

225 2381 393 2451 Filiolus
408 2388 577 2451 minimus
591 2396 626 2451 et
642 2388 809 2468 indignus
822 2387 861 2452 P.
879 2389 933 2467 T„

828 2656 1008 2738 Josaenus
1029 2674 1076 2719 na
1097 2655 1251 2721 Acosrn.

228 2922 511 3005 Superscrtptio
521 2923 560 2985 in
572 2931 704 3005 quarta
717 2925 912 3006 paginas³s
931 2923 1133 2988 Admodum
1157 2922 1235 2987 R.d⁰
1256 2923 1295 2986 ln
1320 2922 1416 3003 Xpo.

62 2984 299 3107 lhatti,
336 3027 436 3094 Patri
469 3030 620 3111 ignatio,
652 3030 860 3112 Praeposito
896 3031 1065 3095 Generali
1094 3028 1284 3094 Societatis
1316 3029 1416 3112 Jesu,

173 3143 330 3201 Omae.

246 3242 331 3305 Alia
346 3258 470 3305 manu:
488 3241 576 3305 1555.
592 3242 800 3324 Methymna
815 3243 953 3324 Campi,
968 3241 1265 3324 Quadrimestres‚
1278 3244 1375 3308 Maii.

248 3349 371 3412 Manet
386 3349 584 3428 vestigium
598 3366 699 3413 cerae
713 3356 747 3414 et
762 3351 892 3430 sigilli.

118 3475 390 3512 κ”“--ο-ιι

207 3583 230 3617 ¹
268 3588 295 3634 P.
305 3588 462 3635 Francincua
473 3589 504 3633 de
515 3588 601 3645 Baria.
610 3589 676 3634 Vide
687 3602 775 3645 supra,
786 3604 845 3647 pag.
860 3593 908 3636 373.
