3210 5392
187 413 242 473 228
574 415 745 473 erraala
760 429 1032 482 ounuanrasraas
1093 458 1097 465 .

188 563 361 640 gesimum
378 571 543 641 quartum
558 560 715 640 attigerit
729 562 872 639 annum)
886 570 958 624 tres
974 561 1115 640 linguas
1131 562 1181 624 ita
1196 570 1304 639 tenet,
1320 571 1361 625 ut
1382 563 1403 625 ir

188 669 342 748 qualibet
366 668 506 731 illarum
530 669 677 731 multum
703 670 886 747 solumque
912 668 1115 730 elaborasse
1148 668 1324 732 uideatur.
1353 668 1403 732 Es

188 775 328 855 quidem
343 775 378 837 in
392 776 503 838 latina
517 776 639 854 lingua
653 775 758 838 ualde
778 774 975 855 expeditus;
991 791 1163 854 graecam
1184 776 1233 838 ita
1250 785 1361 851 tenet,
1378 795 1401 839 u

188 900 267 945 earn
282 883 394 962 possit
409 883 546 962 publice
562 882 729 963 profiteri,
747 899 877 963 eosque
891 881 975 945 feeit
987 883 1023 945 in
1038 882 1192 946 hebraea
1204 884 1327 963 lingua
1341 902 1403 965 pro

187 1007 344 1071 gressus
361 1001 398 1054 ut
411 1008 524 1070 paruo
540 990 661 1053 labore
676 1000 796 1070 posset
811 999 922 1052 totam
937 1006 1079 1052 sacram
1098 991 1268 1070 paginam
1293 991 1403 1055 intelli

187 1115 273 1176 gere
290 1107 408 1177 atque,
432 1097 461 1159 si
481 1114 539 1158 res
559 1097 808 1176 postulauerit,
826 1096 1071 1174 interpretari:
1097 1096 1143 1160 ad
1166 1097 1255 1159 haec
1278 1099 1403 1161 accedi

187 1204 281 1284 quod
296 1205 391 1267 sitin
406 1214 482 1266 arte
498 1204 634 1267 medica
646 1205 837 1267 laureatus.
853 1202 918 1265 His
930 1202 1070 1266 dotibus
1086 1204 1134 1266 ita
1151 1204 1291 1266 cunctis
1313 1213 1403 1268 notu

188 1320 275 1389 erat,
291 1321 330 1374 ut
345 1311 461 1374 nullus
471 1311 612 1390 ignoret
626 1327 664 1373 se
679 1319 824 1390 nostrae
838 1308 1007 1373 Societati
1022 1308 1223 1373 tradidisse:
1239 1311 1338 1391 quod
1352 1329 1403 1374 ne

189 1435 322 1498 paucos
342 1436 407 1481 nec
422 1435 548 1498 parum
562 1417 795 1480 scholasticos
817 1417 1019 1479 commouit.
1037 1416 1139 1480 Alius
1153 1418 1261 1481 etiam
1276 1418 1403 1482 schola

186 1527 299 1589 sticus
313 1534 479 1605 acceptus
493 1536 562 1598 est,
579 1524 763 1587 latinitatis
777 1523 886 1604 probe
900 1524 1048 1602 peritus
1065 1524 1193 1603 aliique
1207 1533 1282 1587 tres
1297 1526 1403 1605 singu

186 1633 228 1694 lis
243 1631 373 1710 singuli
386 1631 459 1693 suis
474 1631 613 1693 dotibus
628 1631 790 1711 praediti.

245 1738 366 1802 Vnum
380 1738 416 1800 id
430 1738 604 1818 reliquum
619 1747 683 1815 est,
706 1748 743 1801 ut
764 1738 806 1801 de
828 1738 1071 1818 spiritualibus
1090 1739 1271 1801 exercitiis
1297 1739 1403 1819 aliqui

186 1845 313 1907 dicam.
329 1844 476 1907 Fratres
490 1860 623 1922 omnes,
641 1861 686 1907 ex
700 1861 769 1924 quo
785 1843 822 1907 P.
838 1844 976 1908 Natalis
991 1843 1036 1908 ad
1051 1862 1090 1908 se
1105 1845 1268 1922 accessit,
1285 1846 1403 1909 mirun

184 1952 220 2014 in
236 1953 440 2030 regularum
456 1951 704 2015 observatione
720 1963 801 2016 sunt
814 1952 966 2028 solliciti,
980 1952 1074 2033 quod
1086 1952 1174 2016 satis
1183 1962 1238 2015 est
1250 1963 1403 2032 apertun

185 2059 406 2122 obedientiae
426 2058 677 2121 testimonium.
694 2058 772 2121 Hoc
791 2061 904 2122 solum
920 2058 1046 2123 videor
1061 2058 1145 2122 mihi
1159 2069 1290 2122 cuncta
1305 2057 1403 2122 fuiss

185 2167 400 2244 complexus
418 2181 499 2227 cum
514 2165 545 2227 is
559 2164 653 2245 apud
673 2183 737 2228 nos
757 2164 955 2229 censendus
974 2166 1020 2228 sit
1039 2164 1295 2245 perfectionem
1310 2167 1403 2229 attin

183 2288 279 2351 gere,
296 2271 356 2350 qui
370 2272 472 2351 plene
486 2271 591 2334 suerit
606 2271 673 2334 sibi
687 2281 878 2352 praecepta
894 2283 1106 2352 exequutus;
1128 2272 1162 2334 id
1178 2279 1310 2350 tamen,
1328 2290 1402 2353 quo

183 2378 278 2440 niam
294 2377 384 2440 inter
399 2378 470 2440 alia
481 2377 634 2441 maxime
645 2378 750 2455 lucet,
764 2378 941 2455 adiiciam,
955 2379 1092 2455 maiori,
1107 2394 1214 2459 quam
1225 2377 1333 2442 facile
1345 2379 1403 2444 dic

183 2484 310 2563 possit,
332 2500 371 2546 se
391 2494 513 2547 mutuo
539 2501 661 2547 amore
685 2485 864 2565 prosequi,
889 2484 1162 2565 desyderantes,
1187 2494 1225 2547 ut
1248 2486 1403 2551 coniicio

182 2591 345 2670 discipuli
359 2590 435 2654 ueri
450 2593 562 2654 nostri
577 2590 781 2655 seruatoris
795 2592 931 2654 haberi.

196 2729 201 2737 ·
242 2696 373 2761 Omnes
387 2716 407 2761 a
423 2708 469 2769 te,
486 2696 529 2761 R.
546 2697 598 2774 Ρ.,
620 2699 749 2761 obnixe
765 2700 1000 2779 postulamus,
1023 2709 1061 2761 ut
1076 2715 1141 2761 nos
1155 2699 1226 2762 tuis
1247 2699 1403 2779 precibu

180 2805 244 2881 (uti
259 2814 293 2867 te
306 2804 426 2867 facere
441 2805 630 2883 credimus)
646 2806 734 2868 uelis
750 2805 932 2869 adiuuare.

240 2911 437 2987 valentiae,
454 2911 598 2975 Calend.
617 2911 778 2992 Januarii
794 2913 877 2974 anni
896 2911 985 2974 1555.

238 3016 336 3080 Tuae
351 3017 444 3081 Rll*e
460 3017 688 3082 Paternitatis
703 3035 828 3081 seruus
843 3019 879 3081 in
894 3018 1049 3094 Christo¹

748 3232 982 3296 Hnsnouvuus
1003 3248 1050 3295 nu
1072 3231 1250 3296 Rraappn.
