3210 5392
644 1108 954 1194 CCCLXXXV

220 1458 447 1521 Fructuosus
460 1460 588 1533 Andre,

285 1557 338 1617 Ec
350 1560 593 1618 commissione
609 1559 718 1619 Patris
733 1561 837 1621 Marci
850 1561 1001 1634 Georgii,

317 1659 404 1718 Patri
417 1658 547 1732 ignatio
560 1659 601 1719 de
619 1658 759 1732 Loyola.

348 1755 469 1825 Ebora,
484 1756 502 1814 2
514 1756 593 1831 Maji
608 1757 678 1814 1555
691 1757 711 1811 ¹.

755 1982 851 2123 Jhssts.

485 2277 687 2340 Admodum
702 2276 780 2341 R.de
797 2277 833 2340 in
847 2275 988 2340 Christo
1003 2275 1120 2339 Pater.

248 2377 369 2447 Gratia
384 2393 418 2448 et
434 2401 534 2447 amor
549 2383 692 2447 Domini
706 2383 820 2446 nostri
834 2383 918 2465 Jesu
933 2381 1064 2446 Christi
1077 2383 1121 2445 sit
1133 2399 1273 2463 semper
1294 2384 1330 2446 in
1346 2401 1420 2447 arn·

200 2481 266 2547 mis
278 2492 415 2555 uostris.
431 2489 558 2554 Arnen.

255 2591 346 2672 Quod
360 2598 511 2678 primum
526 2595 570 2660 ad
587 2606 621 2659 te
636 2597 801 2674 scribam,
818 2595 894 2659 R.de
914 2596 964 2674 Ρ.,
982 2596 1159 2674 illuderit,
1177 2613 1266 2677 quos
1286 2597 1323 2658 in
1350 2598 1421 2677 spi·

200 2688 462 2785 ritupatresque
477 2720 519 2765 ac
535 2703 665 2767 fratres
689 2702 837 2765 iecerint
863 2719 1085 2782 progressus.
1114 2703 1259 2767 Utinam
1289 2704 1419 2766 scirem

194 2805 434 2888 quoquomodo
446 2811 645 2890 exprimere
661 2808 837 2887 ardorem,
860 2808 1082 2887 charitatem,
1105 2810 1272 2889 propriae
1297 2810 1421 2872 uolun-

194 2903 281 2974 tatis
292 2916 568 2997 abnegationem,
586 2933 676 2996 quae
692 2916 728 2978 in
743 2915 905 2979 omnibus
926 2925 1130 2994 cernuntur,
1153 2933 1224 2979 una
1246 2932 1328 2978 cum
1349 2924 1421 2978 stu-

191 3002 262 3076 d¹⁸0
277 3024 419 3101 quodam
448 3032 554 3103 atque
580 3023 699 3086 animo
729 3023 919 3098 seruiendi,
947 3040 990 3085 ac
1016 3024 1147 3085 multos
1176 3022 1328 3101 labores,
1352 3022 1421 3086 Dei

189 3107 367 3194 Creatoris
392 3129 505 3192 nostri
517 3146 637 3205 causa,
664 3128 852 3206 tolerandi,
882 3139 988 3208 atque
1013 3128 1101 3190 adeo
1128 3127 1363 3191 obedientiam
1385 3138 1419 3191 et

185 3225 454 3300 submissionem
470 3235 588 3312 animi,
606 3252 686 3314 qua,
704 3244 849 3314 propter
870 3234 1032 3297 eumdem
1054 3234 1256 3312 Dominum,
1279 3251 1345 3297 nos
1361 3251 1418 3297 su·

183 3336 345 3406 periotes
360 3344 481 3432 colunt
496 3351 531 3404 et
546 3342 747 3418 obseruant,
772 3341 901 3417 omnia,
925 3339 1003 3403 Deo
1018 3341 1147 3420 gratia,
1169 3350 1366 3421 augescunt
1384 3341 1420 3403 in

180 3428 269 3504 dies
280 3451 391 3530 magis
407 3460 513 3530 atque
528 3449 655 3527 magis,
672 3465 837 3527 nouaque
858 3448 1005 3510 subinde
1026 3447 1259 3527 promouendi
1286 3447 1420 3512 deside-

179 3538 248 3605 ria
263 3555 511 3634 accenduntur;
527 3555 694 3635 quoniam
705 3553 804 3616 Deus
816 3554 973 3616 omnium
984 3562 1110 3616 auctor
1122 3562 1186 3632 est,
1201 3555 1231 3617 is
1244 3571 1337 3618 unus
1348 3556 1418 3617 lau-

176 3641 304 3724 detur,

250 3758 304 3830 De
317 3769 467 3849 spiritali
480 3768 608 3844 fructu,
626 3783 731 3846 quem
745 3764 917 3829 Dominus
933 3767 1173 3847 superioribus
1193 3765 1213 3826 4
1234 3768 1416 3830 mensibus

176 3869 360 3936 proximis
371 3891 434 3954 per
447 3872 550 3936 huius
565 3872 713 3952 Collegii
728 3873 911 3952 operarios
927 3883 1108 3951 praestare
1122 3873 1243 3951 uoluit,
1261 3882 1299 3935 ut
1314 3874 1421 3954 parti·

179 3973 335 4042 eulatim
349 3980 394 4044 ad
408 3989 456 4058 te,
474 3978 552 4043 R.de
569 3980 619 4057 Ρ.,
637 3980 907 4060 perscriberem,
925 3980 1167 4043 necessarium
1182 3977 1300 4061 ess[et]
1316 3982 1421 4060 plane

182 4076 349 4149 Pluribus
363 4088 466 4150 solito
481 4103 600 4166 agere.
620 4085 688 4149 Tot
704 4084 876 4148 beneficia
901 4085 999 4149 Deus
1025 4084 1201 4150 Dominus
1226 4096 1346 4150 noster
1362 4086 1422 4150 dat

188 4192 326 4266 multis,
339 4204 375 4256 ut
389 4194 496 4257 scribi
512 4212 533 4256 a
548 4210 604 4257 me
617 4205 678 4256 aut
695 4193 764 4256 dici
777 4194 838 4255 uix
851 4196 921 4256 ullo
935 4192 1038 4255 modo
1047 4195 1195 4273 possint.
1208 4194 1306 4257 Deus
1317 4194 1420 4257 bone!

192 4302 302 4368 quam
318 4302 409 4363 multi
424 4300 530 4363 aliam
545 4301 640 4362 vitae
656 4300 833 4362 rationem
849 4301 1036 4363 instituunt
1053 4300 1097 4362 ab
1114 4301 1172 4363 illa
1195 4301 1421 4380 negligentis·

197 4397 282 4468 Sima
312 4420 351 4465 ac
373 4407 597 4483 solutissima‚
625 4424 732 4486 quam
759 4417 863 4468 antea
885 4418 1072 4486 sequentes
1100 4407 1150 4468 sic
1174 4408 1324 4470 daemon
1349 4409 1423 4473 suis

202 4549 407 4572 ΧΑ

228 4641 235 4671 ¹
255 4645 458 4702 Autocrapnae
471 4647 566 4701 duplici
577 4647 646 4716 folio,
661 4657 702 4690 un.
712 4646 753 4689 626
764 4646 847 4691 01627.
