3210 5392
683 443 746 502 Aa.
769 443 839 502 loni
1317 445 1385 505 211·

224 587 278 651 Sed
288 589 389 652 venio
410 587 456 651 ad
470 589 612 668 pietatis
626 588 739 653 officia
755 606 776 651 a
798 590 930 652 nostris
946 591 1083 653 maiora
1097 606 1204 670 quam
1219 591 1371 655 antehac

181 696 324 771 germanis
338 695 520 774 praestita.
537 693 627 758 Nam
643 713 722 758 cum
742 696 777 758 in
802 696 876 758 dies
896 697 1011 775 magis
1026 713 1068 759 ac
1083 698 1197 776 magis
1214 694 1370 762 Societa-

181 801 212 862 tis
222 811 346 865 nostrae
360 802 516 881 cognitio
531 815 680 879 crescat,
698 803 735 866 fit
750 814 788 865 vt
803 803 909 866 etiam
924 805 1042 883 plures
1057 805 1218 882 germani
1233 816 1368 868 nostro·

180 924 235 970 rum
246 925 383 988 operam
398 908 443 971 ad
458 926 541 972 suos
556 909 712 972 infirmos
729 909 924 972 visitandos
950 909 1142 989 requirant,
1164 912 1290 990 quibus
1304 929 1371 992 pro

179 1015 246 1077 virli
256 1015 457 1079 satisfacere
472 1016 681 1095 studuimus;
698 1034 781 1079 nam
804 1016 965 1095 plurimis
983 1033 1109 1079 sacrae
1128 1018 1299 1081 ecclesiae
1313 1035 1368 1081 sa-

179 1132 323 1185 cramenta
347 1121 490 1186 suerunt
515 1122 761 1186 administrata
784 1139 917 1202 magno
943 1141 1024 1187 cum
1048 1123 1174 1202 fructu,
1196 1134 1236 1188 vt
1261 1126 1369 1189 etiam

178 1243 323 1305 speremus
337 1246 410 1306 eos
426 1229 486 1309 qui
501 1230 756 1292 conualuerunt
771 1247 932 1309 corpore,
948 1231 1040 1294 hanc
1055 1233 1247 1295 salutarem
1262 1231 1368 1295 medi·

179 1334 264 1398 cinam
275 1336 416 1399 sauciae
432 1337 540 1399 menti
551 1335 769 1417 frequentius
783 1336 1014 1401 adhibituros.

216 1440 335 1506 Dealiis
347 1459 487 1523 quoque
493 1443 718 1522 grauioribus
728 1445 834 1507 rebus
846 1461 952 1524 saepe
961 1446 1191 1508 consuluntur
1199 1444 1264 1508 PP.
1277 1444 1369 1524 NN.;

180 1565 237 1611 nan
247 1547 286 1613 D.
300 1549 435 1616 Canisii
453 1567 562 1630 opera
578 1550 696 1614 multis
716 1551 751 1612 in
776 1550 945 1629 negociis,
969 1551 1152 1630 religionis
1172 1553 1370 1615 catholicae

181 1653 385 1723 reformationi
398 1657 667 1738 pertinentibus,
683 1657 794 1720 vtitur
818 1656 932 1736 Regia
951 1657 1132 1736 MaiestaS,
1155 1659 1255 1720 cuius
1271 1659 1368 1721 iussu

180 1759 351 1828 edomatum
363 1764 610 1847 compendium
621 1764 803 1827 doctrinae
815 1764 1029 1827 christianae
1041 1765 1111 1827 iam
1123 1766 1218 1845 typis
1229 1764 1371 1827 deman-

181 1865 252 1933 datur
271 1871 288 1931 ¹.
312 1870 503 1934 Praeterea
521 1889 568 1936 ex
585 1871 826 1935 contuberniis
850 1871 1100 1950 studiosorum,
1129 1888 1219 1952 quae
1244 1872 1370 1934 bursas

182 1988 284 2052 vocant,
303 1979 473 2059 paulatim
499 1978 724 2042 eliminantur
744 1980 965 2056 corruptelae
985 1988 1019 2040 et
1040 1979 1181 2051 abusus
1208 1995 1251 2040 ac
1278 1979 1370 2041 bona

179 2077 375 2149 ‚introducitur
390 2085 587 2166 disciplina.
604 2085 644 2147 ln
658 2095 777 2149 monte
791 2085 933 2164 quidem
945 2095 1046 2148 aurto
1061 2082 1083 2162 ¹,
1100 2095 1139 2147 vt
1151 2094 1293 2163 vocant,
1309 2087 1371 2149 'vbi

183 2186 331 2267 aliquando
346 2194 466 2273 plures
480 2201 561 2254 sunt
575 2208 683 2272 quam
699 2191 758 2255 100
778 2208 962 2274 pauperes,
985 2192 1129 2271 exponit
1143 2190 1182 2253 P.
1200 2191 1372 2255 Godanus

184 2280 458 2362 domnicisdiebus
473 2299 654 2379 aprandio
666 2298 864 2363 doctrinam
880 2297 1122 2376 christianam,
1139 2299 1266 2380 quibus
1281 2309 1315 2362 et
1327 2300 1372 2363 de

184 2403 303 2468 vestibus
315 2406 535 2486 prouidetur,
552 2406 708 2469 corrasis
722 2406 804 2469 hinc
818 2405 900 2469 inde
915 2405 1008 2484 apud
1034 2406 1121 2468 istos
1137 2406 1313 2486 principes
1328 2425 1370 2469 ac

185 2506 280 2574 nobiles
292 2513 524 2576 eleemosinis.
1379 2525 1381 2529 ·

225 2611 302 2681 Haec
316 2628 410 2693 sunt,
426 2618 466 2682 P.
482 2618 536 2695 R.‚
555 2636 645 2699 quae
661 2618 848 2681 scribenda
869 2635 907 2681 se
923 2617 1127 2697 offerebant,
1145 2637 1246 2700 quae,
1264 2620 1294 2682 si
1309 2621 1370 2682 mi-

185 2731 230 2780 nus
240 2731 306 2788 tuae
320 2726 558 2806 expectationi
574 2725 706 2788 faciunt
731 2726 830 2804 satis,
856 2743 899 2788 eo
919 2726 1094 2804 libentius,
1111 2735 1271 2789 nostram
1286 2726 1369 2789 iate·
1386 2756 1389 2761 ·

185 2837 240 2888 mur
252 2833 504 2914 negligentiam,
522 2851 590 2914 quo
616 2850 682 2896 nos
703 2833 786 2896 hinc
807 2832 946 2896 facilius
971 2850 1155 2912 speramus
1172 2832 1216 2895 V.
1239 2832 1278 2895 P.
1295 2851 1371 2913 pre·

184 2942 241 2995 cun
258 2937 421 3004 iuuandos
446 2941 613 3010 subsidio,
634 2952 674 3003 vt
692 2957 831 3020 semper
851 2939 1108 3019 beneplacitam
1129 2938 1196 3002 Dei
1212 2942 1372 3004 volunta·

184 3041 234 3098 tem
244 3053 270 3105 et
281 3045 473 3126 intelligere
489 3059 522 3110 et
538 3048 731 3127 adimplere
745 3064 927 3126 queamus.

227 3140 363 3217 Viennae
378 3154 414 3216 in
429 3154 588 3230 Austria‚
605 3155 625 3216 4
640 3153 986 3235 CalendasJanuarii
1004 3155 1091 3215 1555.

226 3248 302 3322 Tuae
315 3260 542 3325 Paternitatis
557 3260 824 3339 indignissimus
839 3263 1001 3324 seruulus
1012 3273 1047 3324 ct
1062 3261 1098 3323 in
1112 3259 1193 3323 D.¹¹⁰
1208 3261 1310 3339 filius,

585 3474 753 3536 Enaanus
775 3473 1007 3536 Anaurrauus
1029 3473 1249 3538 Lnomnusrs.

225 3780 471 3872 Srtperscriptro
489 3792 529 3855 t'n
547 3798 679 3873 quarta
696 3793 852 3872 pagina.
879 3740 963 3858 llis.
988 3794 1128 3858 Literae
1154 3796 1173 3857 t
1201 3799 1389 3861 mensium

178 3876 293 3974 collegii
306 3901 348 3964 de
361 3899 539 3964 Societate
553 3900 636 3980 jesu
652 3899 745 3980 apud
762 3899 941 3964 Viennam
956 3901 1134 3965 Austriae.

224 3999 290 4068 elir'a
302 4024 423 4070 manu.
444 4006 530 4069 1555.
546 4006 697 4069 Vienna.
715 4006 1001 4085 Quadrimestres
1015 4008 1056 4070 29
1070 4007 1290 4073 Decembris.

225 4101 321 4176 Extat
335 4112 534 4192 vestigium
546 4129 646 4175 cerae
657 4118 690 4175 et
705 4113 835 4192 sigilli.

182 4232 356 4264 χ..-

211 4299 218 4331 ¹
237 4308 362 4362 Sernoest
373 4318 404 4360 de
417 4316 528 4360 Summa
546 4318 685 4360 doctrinae
702 4317 879 4366 christianae,
897 4317 927 4359 de
946 4329 996 4371 qna
1009 4319 1067 4361 vide
1085 4318 1299 4373 Buauasnnueaa
1310 4321 1375 4366 Ent-

181 4368 265 4437 ⁸ititarg
273 4390 324 4432 und
333 4392 405 4433 erste
415 4388 601 4442 Entatcktung
609 4390 658 4432 der
667 4388 851 4433 Catachismaa
860 4391 908 4431 das
915 4390 1017 4441 setigen
1026 4389 1125 4433 Petrus
1134 4391 1267 4442 canisius,
1275 4403 1301 4437 er
1309 4395 1375 4449 ejus·

182 4437 419 4505 “inflammans
431 4460 534 4504 canisii
544 4460 687 4516 Epistulae
695 4464 720 4504 et
730 4462 824 4511 Aeta,t
848 4471 865 4514 1,
876 4463 1030 4515 praesertlm
1040 4473 1101 4516 pag.
1110 4463 1159 4507 522.

184 4578 189 4589 ¹
212 4514 221 4546 ³
239 4524 325 4576 Attrita
335 4539 375 4577 est
385 4532 427 4576 hic
438 4532 531 4576 charta
541 4544 588 4576 nec
599 4533 705 4586 proinde
716 4534 780 4576 certl
788 4544 875 4576 sumus
886 4533 945 4586 quid
954 4533 988 4576 slt
998 4534 1131 4587 scriptum.
1144 4535 1276 4579 Poraxcus
1286 4543 1374 4580 autem

183 4584 317 4652 mortuam,
325 4604 343 4647 1.
353 4613 385 4656 e.,
395 4603 574 4648 difficultatem
589 4604 674 4653 eluslt‚
690 4604 728 4648 lta
743 4605 864 4647 scribens:
875 4602 919 4646 “ln
936 4605 1048 4658 quadam
1067 4612 1153 4650 autem
1171 4609 1374 4662 congregntlonc

183 4660 298 4721 miletum,
308 4675 349 4717 ubl
359 4681 463 4718 eentum
472 4682 498 4718 et
508 4675 619 4729 amplius
629 4682 712 4726 erant,
722 4676 867 4729 exponebat
879 4674 906 4718 P.
918 4674 1058 4719 Gauianus
1061 4706 1114 4719 ......
1118 4709 1129 4731 „
