3210 5392
639 454 702 513 Au.
725 454 795 513 last
1276 457 1334 515 163-

88 608 132 667 la
148 615 246 667 terra
258 602 310 666 sia
326 602 442 665 uscito
455 601 480 663 il
501 618 614 664 suono
626 610 660 663 et
682 600 877 663 rimbombo
891 601 979 677 loro,
997 601 1077 663 altri
1091 601 1193 681 padri
1207 611 1241 664 et
1255 602 1323 664 fra-

92 711 176 773 telli
190 709 247 790 piu
260 708 409 786 antichi,
426 708 505 771 cioe
525 706 563 770 P.
580 706 708 770 Daniel
725 705 745 785 ¹,
763 705 800 769 P.
817 706 936 770 Pietro
951 707 1107 771 Uenosto
1128 718 1162 771 et
1187 709 1233 771 M.
1252 709 1324 772 An·

88 818 182 896 gelo
209 814 389 890 Pollicino,
418 813 611 894 predicano
638 813 674 876 di
694 814 881 884 continuo,
900 814 1095 893 parimente
1118 816 1149 877 le
1174 815 1262 878 leste
1288 817 1324 879 in

88 922 234 986 diuersi
256 921 462 986 monasterii
484 937 550 984 con
568 921 748 999 singulare
773 921 881 983 lrutto
896 919 985 984 delle
1007 922 1173 1001 religiose
1200 924 1324 987 cheul

94 1047 188 1093 sono
210 1038 246 1093 et
260 1029 390 1103 odeno‚
407 1037 442 1092 et
462 1028 607 1091 risorma
624 1027 706 1090 delli
721 1029 774 1090 lor
789 1029 957 1105 costumi,
976 1028 1047 1091 uita
1063 1040 1097 1092 et
1122 1031 1194 1093 uoti
1217 1032 1272 1094 ch'
1291 1035 1325 1094 al

94 1136 252 1217 Signore
266 1138 385 1200 hanno
400 1151 595 1217 promesso.

156 1244 192 1308 A
204 1252 328 1325 questo
343 1243 448 1307 modo
463 1245 491 1305 s'
508 1242 651 1306 attende
676 1261 739 1323 per
762 1243 845 1321 ogni
861 1242 965 1305 modo
982 1255 1014 1305 et
1038 1261 1142 1308 uerso
1158 1247 1325 1326 possibile

93 1368 161 1431 per
175 1351 292 1414 uerita
310 1360 344 1413 et
368 1367 456 1413 uera
482 1349 671 1413 occasione
694 1366 714 1410 a
737 1350 947 1412 annuntiare
972 1352 1035 1427 x.⁰,
1063 1369 1133 1414 non
1158 1354 1293 1417 solone
1315 1357 1326 1418 i

90 1458 216 1538 giomi
230 1457 267 1521 di
280 1457 390 1536 festa,
407 1474 464 1520 ma
480 1456 647 1520 etiamdio
671 1456 817 1536 profesti
833 1465 866 1518 et
882 1456 1014 1531 feriali,
1032 1459 1280 1524 conciosiach‘e
1302 1463 1325 1524 il

92 1565 212 1628 Padre
226 1562 308 1628 Don
323 1564 434 1627 Paulo
449 1562 570 1627 Rettor
588 1574 710 1626 nostro
725 1562 736 1593 ¹
749 1566 840 1626 nella
855 1564 974 1627 chiesa
996 1566 1018 1627 il
1036 1582 1163 1629 uenere
1175 1567 1323 1647 insegna

85 1682 128 1736 et
143 1671 292 1752 predica
306 1672 340 1734 la
354 1670 509 1735 dottrina
524 1671 718 1734 christiana
731 1688 799 1733 con
814 1688 987 1735 concorso
1000 1672 1043 1735 de
1055 1674 1152 1737 molti
1164 1692 1235 1737 non
1248 1678 1324 1739 solo

86 1779 229 1843 scolari
243 1778 334 1842 dello
349 1778 466 1841 studio
481 1779 657 1855 generale,
673 1795 730 1840 ma
745 1778 779 1840 d’
793 1779 882 1840 altre
898 1794 1047 1858 persone
1062 1778 1095 1840 d’
1111 1780 1194 1860 ogni
1206 1785 1325 1847 condi-

92 1887 204 1949 tione.
224 1885 270 1949 Di
284 1876 383 1947 ta'nta
399 1893 434 1947 et
448 1893 507 1947 tan
524 1883 668 1947 assidua
684 1885 853 1947 instantia
866 1885 930 1946 che
943 1886 1033 1947 colla
1046 1886 1287 1966 predicatione
1303 1892 1325 1954 il

91 1992 248 2073 Signore
263 2001 386 2055 nostro
402 1991 438 2054 fa
463 1992 499 2054 in
514 2002 638 2071 questa
664 1991 749 2054 cittit
773 2009 836 2071 per
859 1993 870 2053 i
885 1993 962 2055 suoi
988 1994 1140 2058 ministri
1155 1996 1246 2059 della
1262 2015 1325 2061 son

89 2099 318 2181 Compagnia
334 2109 536 2179 opportuna
548 2108 583 2161 et
594 2099 929 2178 importunamente,
943 2117 1030 2162 sono
1043 2105 1232 2167 commossi
1243 2108 1326 2167 mol-

95 2209 123 2271 ti
139 2207 322 2287 peccatori
336 2222 596 2285 accorgersene
617 2205 673 2268 del
691 2204 864 2284 profondo
880 2207 969 2269 delle
983 2208 1047 2270 lor’
1068 2211 1325 2291 scelleratezze,

93 2315 189 2378 nelle
204 2315 300 2395 quali
314 2314 429 2377 ormai
439 2330 525 2376 eran
536 2314 733 2388 sommersi‚
745 2323 779 2375 et
790 2313 949 2393 risorger
963 2331 1025 2393 per
1037 2333 1122 2378 uera
1134 2300 1326 2397 penitentia

98 2431 134 2485 et
145 2421 360 2485 consession'
371 2420 451 2484 delli
462 2422 516 2483 lor
528 2420 676 2500 peccati,
691 2421 747 2483 nei
759 2421 853 2500 quali
863 2439 907 2482 ue
919 2424 953 2483 n’
967 2440 1076 2485 erano
1089 2425 1206 2488 alcuni
1218 2424 1263 2489 da
1278 2427 1325 2506 10,

97 2531 182 2592 altri
196 2528 242 2592 da
255 2527 296 2592 20
315 2529 400 2591 anni
414 2527 584 2607 giammai
598 2527 800 2605 confessati,
823 2539 857 2591 et
873 2529 987 2607 questi
1010 2529 1250 2595 incontinente
1271 2552 1327 2596 co·

101 2634 296 2698 minciorno
310 2636 345 2697 la
359 2636 413 2697 lor
427 2633 619 2713 penitentia
644 2635 723 2696 coll’
741 2651 847 2713 opere
866 2634 1121 2716 dimonstrare,
1137 2641 1325 2718 perciochd

109 2743 221 2805 alcuni
235 2743 300 2805 che
324 2743 347 2804 l’
376 2741 481 2804 altrui
506 2742 616 2804 robba
642 2758 704 2821 per
728 2739 851 2803 fraude
877 2745 1125 2821 usurpatosiet
1151 2757 1326 2812 rettenuto

110 2847 300 2927 haueuano‚
315 2848 338 2911 l'
355 2850 427 2911 han
443 2848 616 2910 restituito
628 2859 662 2910 et
675 2865 754 2909 reso
767 2847 811 2909 ad
825 2848 981 2926 ogniuno
995 2851 1017 2911 il
1033 2867 1108 2930 suo,
1121 2854 1178 2914 nel
1194 2855 1250 2916 cui
1267 2840 1328 2918 nu-

114 2969 201 3017 mero
214 2972 281 3018 uno
292 2961 312 3018 e
324 2966 419 3018 stato
433 2955 501 3017 che
516 2962 618 3017 cento
634 2954 735 3016 scudi
750 2971 921 3034 appresso
936 2957 969 3017 al
984 2957 1102 3034 giusto
1119 2959 1277 3040 padrone
1293 2973 1327 3025 ct

119 3074 304 3135 possessore
319 3062 469 3125 restitui.

171 3165 263 3245 Altri,
280 3169 412 3248 iqualli
440 3184 506 3230 con
529 3169 560 3231 le
576 3168 629 3229 lor
645 3169 839 3230 concubine
865 3166 910 3230 da
937 3170 1044 3249 lungo
1068 3181 1186 3253 tempo
1203 3173 1327 3240 inuolti

126 3269 288 3353 iaceuano,
305 3275 336 3337 si
357 3278 433 3337 son'
451 3275 657 3355 suiluppati‚
675 3284 710 3337 et
724 3291 786 3355 per
802 3275 822 3336 l’
849 3274 946 3338 iddio
961 3278 1078 3355 gratia
1105 3288 1139 3342 et
1161 3280 1194 3342 la
1210 3297 1327 3346 sacra·

131 3383 255 3445 mentale
269 3381 492 3444 confessione
522 3381 600 3443 latti
625 3382 745 3444 mondi
766 3391 800 3443 et
820 3382 917 3444 netti.
945 3382 989 3445 Et
1005 3400 1068 3463 per
1093 3386 1158 3448 che
1179 3391 1328 3454 sarebbe

133 3479 214 3562 longo
228 3506 246 3550 a
260 3490 336 3552 dire
352 3489 384 3551 le
398 3505 505 3567 opere
530 3489 746 3567 particolari,
774 3488 867 3568 quali
890 3506 953 3568 per
979 3507 1098 3554 mezzo
1125 3493 1205 3556 delli
1226 3497 1329 3575 padri

134 3590 298 3658 consessori
313 3595 337 3657 il
352 3593 503 3673 Signore
517 3597 544 3656 s’
562 3600 580 3656 e
600 3595 754 3673 degnato
780 3594 873 3671 lare,
898 3596 933 3658 in
949 3600 1186 3662 annomerarli
1203 3601 1235 3664 d’
1258 3622 1328 3667 una

138 3688 229 3763 inune
244 3719 313 3764 non
340 3702 386 3763 mi
407 3700 582 3764 accaderh
602 3701 800 3777 dimorare,
825 3719 882 3764 ma
908 3703 1056 3766 ridurmi
1076 3706 1143 3768 alle
1159 3708 1219 3787 piu
1236 3727 1328 3773 com-

137 3805 208 3866 muni
219 3818 249 3870 et
262 3809 432 3887 generali,
449 3808 493 3870 de
508 3809 603 3888 quali
619 3809 733 3887 quella
749 3826 820 3870 non
840 3813 860 3870 e
874 3807 919 3870 da
936 3820 1055 3873 tacere
1080 3823 1114 3874 et
1140 3815 1265 3878 lassar'
1284 3818 1328 3880 da

137 3900 192 3970 dise
203 3917 394 3994 qualmente
409 3916 466 3977 nel
481 3915 608 3994 giorno
631 3914 710 3978 dell'
728 3916 943 3978 Assuntione
959 3915 1050 3979 della
1071 3918 1156 3981 Bm
1173 3922 1329 4002 Vergine

138 4007 160 4067 Si
170 4024 230 4081 Son'
243 4020 433 4085 consessati
448 4030 483 4084 et
497 4022 745 4084 communicati
760 4024 853 4084 nella
869 4023 990 4085 chiesa
1006 4037 1128 4089 nostra
1149 4027 1330 4108 daggento

139 4127 256 4190 persone
267 4147 334 4192 con
346 4127 567 4192 edificatione
578 4129 715 4207 grande
727 4129 762 4191 di
775 4132 881 4191 molte
890 4132 978 4193 altre
990 4133 1099 4211 genti,
1112 4118 1216 4197 ch'al
1227 4154 1332 4202 meno

137 4216 165 4280 di
175 4233 256 4298 tanta
270 4235 447 4299 deuotion'
459 4246 493 4297 et
508 4236 600 4298 buon
616 4237 703 4298 odor
718 4236 753 4297 di
768 4236 849 4314 quei
866 4235 983 4300 deuoti
999 4257 1042 4302 ne
1056 4256 1143 4303 sono
1156 4244 1240 4307 stati
1252 4262 1333 4324 par·

140 4331 262 4412 recipiet
275 4344 308 4405 al
323 4341 487 4406 imitarne
502 4342 608 4422 spintl
624 4353 658 4405 et
674 4343 793 4404 mossi.

145 4488 320 4520 χ

175 4601 182 4634 ¹
204 4609 508 4676 Rhanrelpaeyuroeck.
536 4616 548 4639 ·’

176 4671 186 4704 ⁸
205 4679 227 4726 P.
235 4685 321 4735 Paulus
331 4691 479 4736 d'Achlllia.
