3210 5392
301 437 356 496 4¹26
700 440 1156 501 errertaeouaoantasraes

302 584 351 645 ita
367 593 447 644 sunt
462 584 593 662 placati
614 593 661 659 ut,
679 584 723 646 iis
737 601 808 645 non
824 583 954 660 inuitis,
971 582 1028 661 pia
1052 581 1205 661 quadam
1220 579 1418 642 ambitione
1432 588 1466 641 et
1479 578 1527 642 in·

302 689 397 751 uidia
413 689 551 766 ductae,
569 690 598 751 si
613 689 668 752 fas
682 700 735 752 est
751 690 879 766 dicere,
904 706 1026 751 omnes
1048 688 1164 751 adbuc
1184 687 1358 767 propositi
1383 686 1531 749 tenacis-

301 796 412 858 simae
425 798 650 876 perstiterint.
666 797 793 876 Atque,
807 808 844 860 ut
856 797 1015 859 omittam
1026 795 1191 876 reliquas,
1202 794 1287 874 quid
1295 793 1357 856 uni
1366 793 1535 873 priuatim

298 903 470 966 acciderit
485 905 707 984 paucissimis
727 905 854 967 dicam.

362 1009 550 1072 Admonet·
563 1012 681 1074 multis
700 1012 818 1075 uerbis
838 1028 947 1073 senex
966 1020 1066 1089 pater
1081 1009 1189 1071 filiam
1211 1007 1486 1070 adolescentem
1501 1018 1538 1069 ut

300 1114 510 1179 Dominieae
526 1116 808 1181 Resurrectionis
822 1117 951 1180 festum
967 1134 1054 1179 auro
1075 1115 1321 1194 licentiorique
1336 1114 1468 1178 habitu
1484 1130 1538 1177 or-

300 1232 384 1284 nata
401 1224 563 1298 celebret,
582 1241 690 1304 aegre
705 1224 848 1287 tandem
863 1235 898 1286 et
912 1223 1014 1302 quasi
1029 1223 1064 1286 ui
1089 1223 1265 1302 impetrat:
1284 1229 1392 1300 paret
1407 1221 1538 1300 impor-

301 1337 386 1391 tuno
403 1331 513 1409 patris
529 1331 675 1410 imperio
698 1330 853 1411 prudens
872 1341 905 1393 et
925 1331 1074 1394 honesta
1096 1329 1209 1406 uirg0;
1230 1329 1279 1390 ita
1305 1329 1538 1391 extrinsecus

298 1447 458 1513 ornatur,
492 1447 529 1499 ut
561 1448 738 1501 terrenum
773 1439 1025 1517 mortalemque
1047 1447 1185 1516 patrem
1206 1436 1383 1514 placaret,
1412 1434 1538 1497 intrin-

296 1558 401 1604 secus
426 1555 543 1606 autem
563 1544 716 1607 cilicium
737 1545 860 1623 induit,
880 1553 918 1606 ut
940 1543 1083 1606 coelesti
1108 1541 1376 1620 immortalique
1398 1556 1536 1620 sponso

297 1651 465 1727 placeret,
490 1651 646 1713 hircinas
671 1662 766 1714 setas
790 1651 885 1714 molli
908 1650 1129 1729 delicataque
1153 1657 1252 1710 ueste
1273 1658 1435 1726 tegente,
1470 1663 1537 1709 nec

299 1765 380 1817 ante
394 1755 555 1835 deposuit
570 1774 675 1836 quam
690 1775 754 1820 suo
770 1757 836 1820 sibi
858 1757 955 1819 licuit
978 1754 1099 1818 ornari
1118 1755 1234 1831 modo,
1252 1753 1422 1816 muliebri
1437 1752 1537 1816 omni

298 1862 428 1925 mundo
448 1863 619 1943 deposito.

358 1967 518 2032 lamuero
541 1981 789 2050 praeterquam
815 1971 907 2051 quod
931 1970 1025 2033 domi
1054 1967 1295 2032 consessiones
1322 1967 1532 2042 audiuntur,

296 2074 383 2136 foris
417 2077 605 2140 conciones
638 2077 828 2154 habentur,
863 2078 1025 2140 doctrina
1060 2075 1255 2139 christiana
1286 2074 1531 2154 praedicatur,

296 2182 436 2259 paruuli
462 2193 495 2245 et
520 2183 730 2261 grandiores
749 2184 958 2258 edocentur;
985 2183 1112 2246 Patres
1131 2182 1191 2262 qui
1212 2181 1305 2261 apud
1327 2199 1397 2244 nos
1419 2191 1532 2261 agunt

297 2286 491 2350 firmandae
519 2290 618 2369 pacis
643 2291 813 2354 authores
838 2300 934 2366 sunt,
961 2289 991 2352 si
1016 2306 1106 2369 quos
1132 2288 1253 2351 uident
1278 2288 1411 2366 quibus
1439 2289 1532 2351 inter

295 2410 333 2455 se
362 2411 433 2456 non
462 2397 668 2459 conueniat:
698 2398 917 2459 inueteratae
945 2397 1136 2458 multorum
1168 2395 1368 2458 simultates
1405 2411 1530 2458 eorum

294 2499 478 2578 diligentia
500 2501 655 2580 sedatae,
673 2503 772 2566 multi
792 2521 837 2566 ex
859 2503 1011 2566 inimicis
1031 2503 1135 2565 amici
1150 2502 1237 2566 lacti
1255 2512 1350 2564 sunt.
1370 2501 1440 2564 Per
1463 2501 1528 2564 hos

295 2607 403 2669 etiam
423 2607 497 2671 dies
520 2609 641 2672 sedula
663 2610 767 2672 datur
786 2627 893 2690 opera
910 2621 947 2672 ut
972 2619 1073 2672 uetus
1088 2620 1121 2672 et
1136 2608 1342 2672 intestinum
1357 2624 1528 2688 quorum·

294 2713 375 2775 dam
391 2713 508 2778 odium
525 2717 764 2794 extinguatur,
782 2715 874 2779 unde
888 2716 1043 2780 ciuitatis
1062 2715 1166 2796 hujus
1191 2715 1434 2794 tranquillitas
1451 2715 1525 2777 fere

292 2822 408 2883 omnis
423 2834 457 2883 et
473 2821 664 2885 concordia
680 2823 824 2901 pendet:
851 2823 886 2886 in
906 2822 1187 2886 confessionibus
1206 2838 1344 2902 quoque
1359 2821 1524 2884 effectum

291 2938 345 2989 est
360 2939 398 2991 ut
414 2928 609 2992 detractam
625 2930 768 3008 lamam,
785 2929 899 2993 saetas
915 2929 1074 3009 injuriaS,
1101 2931 1129 2991 si
1150 2928 1249 3008 cujus
1265 2929 1440 2991 honorem
1455 2931 1521 2991 lae·

290 3035 430 3113 sissent,
459 3037 608 3114 siquem
633 3037 727 3098 l‘erro
750 3049 810 3098 aut
833 3035 983 3099 fustibus
1005 3037 1216 3116 pulsassent,
1244 3052 1388 3115 quoquo
1416 3034 1519 3098 modo
1595 3084 1597 3089 .

291 3152 434 3220 possent
455 3144 552 3204 multi
571 3144 796 3206 resarcirent.
814 3142 1003 3206 Redditum
1018 3154 1072 3205 est
1086 3142 1280 3205 minoribus
1296 3153 1384 3205 natu
1399 3155 1434 3205 et
1448 3143 1518 3222 qui·
1575 3186 1597 3199 ,

290 3247 356 3310 bus
368 3259 490 3311 tenues
507 3249 695 3312 admodum
708 3260 808 3312 erant
830 3249 993 3313 fortunae
1009 3248 1174 3329 quicquid
1191 3259 1309 3312 aetate
1338 3260 1373 3311 et
1388 3249 1516 3313 diuitiis
1550 3279 1597 3329 ἃ

288 3357 489 3434 superiores
505 3357 585 3418 ludo
601 3358 748 3436 turpiter
764 3356 1014 3436 acquisierant,
1032 3356 1078 3418 ad
1093 3357 1186 3418 mille
1202 3373 1312 3435 usque
1328 3368 1512 3419 coronatos
1525 3382 1597 3439 Q,

289 3479 416 3524 aureos
432 3474 466 3525 et
482 3483 523 3525 eo
541 3466 629 3543 pluS,
648 3465 715 3526 illis
730 3477 855 3526 contra
877 3464 1104 3526 reddentibus
1125 3463 1155 3526 si
1174 3463 1258 3542 quid
1282 3463 1348 3525 sibi
1363 3481 1410 3526 ex
1425 3462 1597 3578 turp'fq

289 3569 348 3631 illo
370 3580 518 3647 quaestu
539 3581 756 3645 accesserat,
779 3587 944 3649 magnam
965 3571 1130 3633 nimirum
1155 3571 1328 3649 pecuniae
1353 3572 1438 3648 uim;
1459 3585 1597 3668 ree}-³

288 3675 382 3738 enim
395 3677 484 3738 inter
500 3694 560 3738 eos
577 3679 760 3755 agebatur,
778 3678 834 3756 qui
855 3675 1050 3756 principem
1066 3687 1185 3739 teneat
1202 3677 1236 3738 in
1251 3675 1445 3755 Republica
1464 3678 1568 3754 iffi
1595 3753 1597 3776 Ι

286 3799 379 3845 cum.
407 3783 450 3845 Et
472 3800 685 3863 quamquam
706 3784 804 3846 initio
824 3801 955 3847 nouum
977 3783 1040 3845 sibi
1064 3801 1153 3845 onus
1173 3783 1306 3862 imponi
1324 3784 1508 3846 uideretur
1548 3836 1597 3882 11·

287 3889 468 3951 moderate
493 3900 611 3951 tamen
631 3890 874 3970 patienterque
894 3890 1147 3966 sustinuerunt,
1174 3890 1283 3951 multo
1303 3906 1464 3953 sermone
1582 3945 1597 3986 a

287 3997 417 4058 nostris
429 3996 545 4058 edocti
559 3997 794 4058 conscientias
807 3996 908 4059 aliter
921 3996 1107 4059 exonerari
1119 4013 1189 4058 non
1202 4014 1318 4076 posse.
1336 3997 1432 4060 Inter
1444 3995 1594 4084 aL-ia

286 4119 370 4164 uero
396 4103 601 4178 ministeria,
630 4103 755 4181 quibus
782 4104 970 4182 populares
986 4101 1105 4180 juuari
1124 4103 1250 4179 solent,
1275 4103 1360 4166 illud
1376 4113 1430 4166 est
1444 4120 1596 4182 t-*tn

285 4218 494 4285 extremum,
511 4209 605 4288 quod
631 4208 790 4287 languidi
812 4208 884 4271 fere
910 4225 1032 4271 omnes
1057 4218 1091 4270 et
1113 4209 1204 4270 male
1225 4208 1398 4273 babentes
1419 4227 1439 4271 a
1468 4218 1597 4277 ffic-

284 4315 367 4376 stris
391 4315 603 4392 inuisuntur,
627 4315 841 4377 salutaribus
860 4315 979 4378 uerbis
999 4325 1216 4392 recreantur,
1234 4315 1278 4376 ad
1299 4316 1597 4378 nouissimos

285 4421 363 4482 illos
375 4438 599 4500 congressus
613 4422 642 4483 si
654 4422 714 4501 qui
726 4422 796 4484 sint
808 4421 913 4483 morti
922 4419 995 4499 jam
1007 4421 1169 4501 proximi,
1187 4422 1326 4485 fortiter
1337 4423 1459 4486 instru
1472 4432 1596 4478 1—-111

283 4537 352 4589 tur.
366 4526 465 4605 Quae
480 4546 536 4590 res
551 4545 593 4590 eo
610 4528 795 4607 processit,
814 4538 851 4590 ut
866 4529 983 4590 nullus
998 4528 1107 4590 ferme
1122 4528 1157 4589 in
1170 4528 1256 4591 urbe
1266 4528 1311 4599 sit
1327 4530 1443 4592 minus
1505 4518 1597 4578 “1⁶11

283 4651 340 4696 ma
356 4635 556 4697 ualetudine
572 4652 676 4714 quem
688 4634 811 4697 Patres
826 4651 897 4696 non
919 4634 1086 4708 inuisant,
1110 4652 1204 4697 nunc
1227 4636 1282 4698 his
1304 4636 1402 4700 horis
1422 4656 1443 4716 q
1462 4638 1594 4686 1..:ra
