3210 5392
436 1034 649 1080 Praecedentlum
662 1033 749 1078 Patris
759 1034 864 1086 Joannls
874 1034 976 1079 xnarez
987 1037 1133 1080 litterarum
1145 1036 1225 1078 latina
1236 1035 1322 1078 versio
1334 1037 1351 1077 ¹.

857 1250 931 1367 riis

310 1543 537 1610 Admodum
552 1546 812 1609 Reuerende'in
827 1545 888 1608 X.⁰
900 1544 1016 1608 Pater.

306 1643 409 1716 Pax
424 1653 567 1717 Christi.

310 1753 539 1822 Intellexisti
566 1758 776 1822 crediderim
797 1756 953 1831 abunde,
979 1756 1081 1819 Pater
1101 1756 1360 1836 amantissime,
1381 1777 1427 1821 ex
1445 1760 1501 1839 iis,

208 1863 364 1927 <luas
377 1867 423 1930 ad
437 1877 471 1929 te
487 1866 629 1930 circiter
644 1865 819 1928 decimum
836 1865 1023 1944 septimum
1034 1863 1205 1926 kalendas
1217 1862 1331 1927 Maias
1343 1865 1501 1930 misimus

210 1952 405 2050 literas,
421 1989 512 2053 quae
528 1971 626 2035 Deus
641 1970 722 2052 Opt.
739 1971 835 2035 Max.
853 1971 1047 2034 ministerio
1060 1986 1194 2048 eorum,
1212 1971 1271 2050 qui
1286 1982 1368 2034 sunt
1383 1973 1419 2034 in
1435 1974 1502 2036 hac

213 2069 373 2156 Vrbe,
390 2088 533 2143 nostrae
547 2077 747 2158 Societatis,
764 2077 998 2158 dignatusest
1014 2075 1167 2155 operari;
1183 2076 1307 2139 eadem
1327 2087 1443 2141 autem
1467 2090 1501 2143 et

212 2178 365 2248 quae
379 2185 509 2250 Christi
524 2187 736 2262 doctrinam,
752 2186 891 2266 priuata
904 2183 1090 2263 colloquia,
1104 2192 1138 2244 et
1150 2199 1241 2262 quae
1253 2183 1298 2246 ad
1310 2185 1502 2248 conciones

210 2282 429 2356 publicas
454 2294 615 2369 attinent,
635 2309 705 2371 quo
731 2289 854 2354 ordine
879 2292 992 2353 relata
1017 2299 1102 2352 tunc
1125 2289 1284 2366 fuerunt,
1311 2291 1497 2355 immutata

211 2391 417 2462 Prorsus
431 2399 477 2462 ad
491 2415 606 2463 nonas
620 2415 732 2478 vsque
746 2397 870 2478 Junias
881 2408 1121 2474 permansere;
1138 2411 1208 2474 quo
1220 2394 1277 2457 die
1289 2394 1394 2460 Pater
1405 2397 1499 2462 Gon·

210 2495 370 2566 lalez
391 2506 495 2568 simul
517 2521 597 2568 cum
612 2504 719 2568 Patre
740 2502 846 2566 Auila
867 2501 1068 2566 Cordubam
1086 2510 1122 2564 et
1143 2499 1357 2582 Granatam,
1381 2505 1440 2567 vbi
1463 2507 1499 2568 in

209 2601 553 2676 praesentiarum
568 2622 691 2691 agunt,
709 2611 904 2674 decessere:
922 2609 1048 2671 exinde
1063 2608 1123 2686 qui
1141 2609 1379 2687 superfulmus
1400 2613 1497 2691 quin-

205 2706 333 2773 que
357 2727 485 2798 patres
502 2735 584 2782 cum
599 2719 678 2782 aliis
693 2719 848 2799 quinque
868 2715 1052 2793 fratribus,
1070 2731 1221 2777 messem
1240 2715 1284 2777 ab
1305 2718 1357 2780 eis
1381 2718 1496 2783 incoe-

203 2810 370 2886 ptam
383 2827 513 2906 colligi,
530 2835 702 2906 quantum
716 2825 837 2888 diuina
858 2824 976 2905 gratia
998 2825 1178 2902 concedit,
1195 2823 1371 2889 metimus.
1392 2826 1497 2889 Vnde

199 2917 320 2984 9¹⁸3
332 2934 523 3013 eleguntur
538 2933 678 2996 articuli
693 2931 773 2995 fidei
784 2931 933 3011 singulis
943 2932 1066 2996 diebus
1077 2933 1264 2999 dominicis
1274 2935 1310 2998 in
1322 2933 1495 2996 vestibulo

195 3006 397 3103 domus
410 3047 565 3111 nostrae,
582 3040 628 3103 ad
642 3056 792 3120 quorum
806 3040 993 3103 lectionem
1006 3040 1095 3104 adeo
1108 3058 1238 3121 magna
1250 3042 1430 3105 hominum
1442 3042 1497 3104 vis

192 3128 424 3225 Cor1iluit,
441 3156 480 3210 ut
493 3146 567 3225 vix,
584 3146 700 3226 posito
712 3144 815 3224 juxta
829 3145 925 3209 iores
944 3157 1125 3225 suggestu,
1143 3165 1217 3210 vox
1232 3148 1497 3211 concionatoris

188 3214 438 3329 (alioquin
453 3256 526 3317 alta
541 3263 576 3317 et
590 3253 701 3331 clara)
717 3253 762 3316 ab
778 3254 940 3315 omnibus
963 3253 1077 3317 audiri
1091 3255 1215 3335 possit.

317 3352 392 3423 Est
406 3361 509 3424 nobis
523 3377 543 3423 e
558 3361 705 3440 regione
721 3360 931 3423 coenobium
945 3360 1123 3441 quoddam
1138 3361 1343 3425 monialium
1363 3361 1497 3425 ordinis

181 3421 370 3529 Be{iti
388 3467 583 3546 Dominici,
605 3469 777 3549 probatae
797 3466 939 3546 quidem
959 3467 1160 3531 sanctitatis
1177 3468 1267 3532 inter
1293 3486 1416 3532 omnes
1437 3468 1496 3531 Hi-

180 3545 461 3638 Spaienses:
487 3591 610 3638 earum
628 3573 868 3638 confessarius
892 3591 974 3637 cum
998 3573 1156 3638 audisset
1180 3575 1236 3638 die
1261 3577 1426 3656 quadam,
1450 3595 1496 3639 ex

179 3651 360 3741 Cena
373 3682 439 3745 sibi
455 3683 491 3745 in
511 3682 682 3745 coenobio
701 3680 888 3757 destinata,
909 3679 1107 3760 praefatam
1126 3681 1356 3746 articulorum
1377 3685 1494 3746 lectio-

177 3755 362 3864 net’n,
376 3789 425 3851 ita
440 3802 557 3852 motus
571 3789 648 3866 luit,
664 3797 703 3852 ut
716 3787 886 3866 Priorem,
900 3804 1004 3867 quem
1015 3788 1083 3867 ipsi
1099 3798 1241 3865 vocant,
1258 3789 1397 3867 adierit,
1415 3807 1495 3853 cum

177 3862 344 4011 {¹1¹0
357 3897 480 3959 saltem
494 3897 563 3959 hoc
578 3897 668 3975 egit,
685 3903 724 3957 ut
744 3894 868 3957 diebus
887 3894 1062 3974 aliquibus
1082 3895 1118 3957 in
1138 3896 1343 3958 monialium
1363 3899 1495 3975 templo

200 3975 371 4064 “Quo
390 4003 591 4066 laberetur.

333 4103 529 4174 Educentur
553 4109 660 4172 etiam
685 4108 721 4187 ii,
748 4108 868 4188 quiin
894 4124 1039 4171 carcere
1065 4106 1276 4184 detinentur,
1295 4107 1494 4171 doctrinam

180 4163 408 4295 Christi,
436 4234 508 4279 non
533 4232 614 4278 cum
639 4232 751 4296 parua
781 4216 938 4277 omnium
963 4214 1192 4295 acceptione:
1218 4213 1387 4277 adsumus
1410 4214 1494 4277 item

182 4287 285 4354 Εὖ
293 4325 482 4386 lisolaturi
503 4339 576 4399 θος,
600 4323 659 4402 qui
678 4321 891 4384 damnantur
907 4320 952 4383 ad
973 4330 1139 4396 mortem,
1164 4321 1224 4384 vbi
1246 4317 1433 4400 aliquando
1448 4339 1493 4384 ex

195 4447 478 4512 Nm.-

299 4589 324 4622 ⁸
349 4602 543 4658 autographae,
554 4602 683 4656 dupllciln
694 4602 764 4649 lolio.
779 4601 862 4654 prlmo
872 4611 896 4642 n.
906 4600 954 4648 527,
972 4602 1056 4643 altero
1071 4610 1119 4642 non
1135 4606 1278 4652 numerium
1295 4601 1320 4643 ln
1338 4600 1375 4644 els
1391 4605 1493 4645 tantum

196 4628 429 4729 Nulo,
439 4687 455 4721 ι
464 4675 553 4718 verbls
564 4674 593 4717 Ρ.
610 4673 647 4724 V„
658 4679 698 4717 est
708 4683 785 4717 manu
795 4672 875 4726 lpolus
887 4672 973 4714 Pattls
984 4670 1085 4714 lluarez
