3210 5392
625 439 687 495 An.
710 437 779 493 1511)
899 446 904 454 “
1209 433 1212 439 ’
1262 437 1313 495 581

91 599 152 646 ner
166 600 229 663 por
243 585 332 647 obrn
359 587 410 648 los
435 586 571 648 buenos
588 583 732 645 desseos
756 601 823 662 que
848 592 992 644 nuestro
1017 580 1128 644 Senor
1143 583 1194 645 les
1210 582 1255 645 da
1271 581 1314 644 de

91 689 185 753 snbir
198 695 220 753 1
234 693 269 753 ln
283 691 490 772 perfection‚
506 711 530 770 y
546 691 650 771 piden
667 691 699 752 al
716 688 752 751 P.
777 689 988 752 Villanuena
1012 688 1313 753 ordinariamente

91 796 139 858 ies
153 796 196 859 de
208 798 357 861 licencia
372 816 458 878 para
471 798 578 861 hazer
594 797 900 872 mortificaciones‚
924 815 946 874 y
971 795 1259 859 senaladamente
1274 813 1313 858 se

91 919 239 983 procura
252 904 294 967 de
306 905 410 968 todos
425 906 458 967 la
475 904 709 966 obseruancin
734 903 846 966 delas
873 904 991 980 regias
1017 921 1040 981 y
1054 901 1211 982 perfecta
1236 903 1315 966 obe·

91 1008 227 1073 diencia
239 1010 421 1074 conforme
437 1017 457 1074 a
474 1014 507 1074 la
521 1011 692 1073 voluntad
709 1011 751 1072 de
767 1010 812 1072 V.
831 1009 868 1072 P.

146 1114 263 1197 Aqucl
276 1136 345 1199 que
361 1130 420 1181 tan
436 1117 592 1198 perfecto
608 1117 790 1180 obediente
805 1118 875 1194 fue,
889 1134 956 1196 quc
968 1134 1006 1179 es
1019 1116 1159 1179 Christo
1169 1125 1314 1178 nuestro

93 1220 212 1302 Senos,
228 1242 292 1286 nos
307 1226 351 1288 de
363 1243 404 1288 su
420 1226 645 1288 sanctissima
661 1224 785 1303 gracia
801 1241 889 1303 para
901 1241 968 1302 que
982 1240 1124 1286 seamos
1133 1224 1223 1285 tales
1232 1223 1313 1286 obe—

91 1329 222 1393 dientes
237 1333 359 1411 quales
375 1331 418 1394 V,
435 1331 472 1394 P.
489 1331 625 1407 dessein
642 1349 666 1410 y
681 1348 719 1393 es
731 1347 840 1392 razon
852 1347 919 1409 que
935 1346 1021 1392 seon
1036 1330 1089 1392 ios
1106 1346 1173 1408 que
1189 1345 1254 1391 son
1271 1328 1316 1391 de

93 1437 121 1500 la
137 1435 330 1518 Compnfiia
347 1439 389 1501 de
405 1440 508 1519 aquei
524 1456 591 1518 que
607 1439 719 1500 murio
735 1456 798 1517 por·
812 1437 1028 1500 obediencia.

151 1542 202 1606 En
214 1547 266 1608 los
281 1545 516 1625 sacrificiosy
543 1545 730 1608 oraciones
752 1545 794 1608 de
814 1545 858 1607 V.
882 1543 920 1607 P.
948 1544 1107 1624 pedimos
1128 1543 1232 1606 todos
1254 1544 1314 1606 hu-

94 1650 264 1715 nilmente
288 1670 346 1715 ser
372 1652 667 1728 encomendadoS‚
695 1669 783 1732 para
799 1669 866 1732 que
886 1653 918 1714 el
933 1650 1046 1714 Seiior
1061 1668 1125 1713 nos
1138 1650 1181 1713 de
1208 1654 1316 1713 asen-

99 1755 139 1816 tir
159 1759 340 1838 ycumplir
356 1777 399 1821 en
415 1758 498 1821 todo
515 1776 556 1821 su
572 1758 692 1821 diuina
708 1758 889 1821 voluntad.

158 1859 258 1927 Deste
273 1865 432 1943 Collegio
448 1865 491 1928 de
508 1867 540 1928 la
557 1865 753 1945 Componia
780 1866 823 1927 de
844 1864 920 1945 Jhs
937 1863 980 1927 de
1000 1863 1202 1939 Plasencia,
1218 1862 1256 1926 31
1274 1863 1316 1926 de

95 1963 230 2043 Agosto
247 1973 323 2034 1555
339 1977 439 2035 anos

159 2070 208 2140 De
222 2079 265 2141 V.
282 2079 320 2143 P.
339 2076 410 2157 hijo
426 2079 526 2141 inritil
541 2096 586 2141 en
601 2080 633 2141 el
648 2078 771 2142 Senot.

271 2185 341 2248 Por
357 2184 549 2248 comission
564 2185 621 2247 del
636 2183 673 2246 P.
692 2183 914 2262 Villanueua,

855 2381 1118 2458 †Goqucnz.†

619 2997 791 3082 CDXII

101 3278 343 3373 1*Princiscus
357 3313 513 3382 Morales,

176 3407 231 3468 Ex
244 3411 486 3471 commissione
498 3411 608 3470 Patris
620 3410 725 3469 Marci
740 3409 889 3483 Georgii,

216 3511 305 3570 Patri
319 3510 448 3583 Ignatio
462 3509 503 3568 de
519 3510 656 3584 Loyola.

248 3608 371 3676 Ebora,
385 3607 418 3666 31
434 3609 580 3681 Augusti
595 3608 695 3665 15551.

696 3820 717 3891 †

651 3897 754 3978 Jesus

132 4088 358 4175 Reuerende
372 4112 409 4175 in
423 4111 565 4175 Christo
582 4111 698 4175 Pater.

90 4288 100 4300 ⁸
138 4210 261 4281 Amor
275 4219 360 4301 Jesu
378 4217 522 4293 Christi,
540 4230 573 4282 et
588 4219 707 4298 gratia
722 4216 843 4281 Sancti
857 4215 1011 4296 Spiritus
1031 4216 1076 4278 sit
1098 4230 1237 4291 semper
1258 4231 1316 4276 no·

90 4307 237 4389 18Qum.
254 4324 382 4389 Amen.

146 4422 203 4496 Ex
228 4433 283 4511 iis,
310 4449 401 4512 quae
427 4433 601 4513 superiori
622 4431 871 4512 quadrimestri
895 4430 939 4493 nd
961 4440 1006 4506 te,
1030 4427 1135 4490 Pater
1157 4428 1314 4503 colende,

89 4555 302 4600 k-

135 4662 144 4695 ⁸
167 4673 355 4729 Autogrnpbae
366 4675 391 4717 in
402 4674 463 4718 solio
473 4674 576 4727 duplici.
585 4685 626 4718 nn.
637 4674 678 4716 528
687 4681 711 4716 et
722 4673 770 4715 529.
842 4716 845 4722 ,
