3240 5386
188 404 243 462 708
567 401 741 460 Lmrnnaa
760 416 1035 469 ouanmuasrnns

188 551 261 628 piet
276 549 383 611 etiam
398 556 432 610 et
448 547 584 624 domus,
602 546 682 610 licet
702 547 844 626 exigua,
862 564 925 627 per
946 564 1104 610 amorem
1120 547 1299 626 eiusdem,
1328 563 1430 629 quem

189 673 269 719 cum
284 655 375 717 coeli
391 671 517 734 capere
532 672 603 717 non
618 664 775 734 possent,
791 654 906 734 potuit
918 665 1037 717 tamen
1052 655 1159 719 vuius
1171 655 1342 735 Virginis
1355 666 1421 719 rte·

189 779 249 825 rus
261 762 435 841 accipere.

249 866 459 932 scholastici
474 866 546 930 sere
561 866 704 930 ducenti
718 877 800 931 sunt
811 885 972 944 numero,
986 885 1091 949 quem
1105 868 1234 933 indies
1249 869 1366 949 magis
1380 885 1416 932 ac

189 976 303 1053 magis
328 974 484 1054 quotidie
513 975 759 1055 pullulantium
787 974 1054 1039 adolescentum
1081 975 1272 1040 multitudo
1300 986 1411 1056 auger

189 1081 313 1145 messis
328 1081 468 1159 quidem
483 1090 631 1160 apparet
645 1082 766 1158 multa,
783 1081 938 1160 operarii
953 1092 1071 1145 autem
1085 1082 1204 1163 pauci;
1226 1083 1290 1146 sed
1306 1100 1406 1164 neque

189 1188 305 1250 omnia
327 1204 515 1266 possumus
535 1203 657 1250 omnes
681 1205 794 1268 neque
815 1197 945 1251 cuneta
963 1188 1164 1268 expetenda
1186 1201 1269 1252 sunt
1293 1189 1335 1252 ad
1357 1206 1404 1252 no·

188 1307 300 1356 strum
316 1303 447 1356 votum.
464 1292 582 1357 Verus
597 1293 856 1357 Paterfamilias
871 1293 1033 1358 Christus
1047 1293 1152 1377 Jesus
1167 1295 1285 1360 mittat
1299 1312 1399 1377 quam·

188 1401 357 1480 plurimos
374 1401 556 1480 operarios
571 1401 608 1463 in
621 1401 764 1463 vineam
780 1416 888 1479 quam
902 1400 1076 1481 plantauit
1091 1400 1242 1465 dextera
1258 1419 1332 1466 sua.

248 1506 428 1571 Exercitia
442 1507 600 1570 literaria
616 1508 797 1570 crebriora
816 1517 898 1570 sunt
913 1508 949 1570 in
964 1506 1051 1585 dieS,
1074 1508 1238 1588 publicae
1258 1509 1393 1589 aliquan·

189 1615 234 1677 do
249 1614 421 1677 habentur
437 1613 626 1692 orationes,
648 1613 788 1676 interim
809 1613 960 1694 dialogis
981 1614 1100 1677 latinis
1122 1632 1144 1677 a
1161 1617 1293 1680 nostris
1312 1614 1392 1677 disci·

188 1721 279 1801 pulis
295 1721 511 1799 compositis,
528 1721 585 1782 vel
601 1726 621 1783 a
636 1721 926 1801 praeceptoribus
941 1721 1134 1800 translatis
1152 1723 1288 1786 animos
1301 1720 1391 1785 relici-

188 1844 277 1890 mus.
299 1826 337 1889 In
356 1827 505 1905 singulis
525 1826 683 1890 sabbatis
703 1827 918 1890 assertiones
932 1827 1132 1891 rhetoricae
1151 1826 1345 1906 fulciuntur,
1363 1827 1393 1889 in

189 1934 267 1996 aliis
283 1935 390 1996 etiam
404 1934 577 1996 classibus
591 1950 655 1996 suo
670 1932 812 1996 modulo
827 1933 1030 1997 scholastici
1047 1935 1196 1998 alternis
1210 1935 1339 1998 vicibus
1352 1933 1391 1996 in·

188 2049 372 2119 terrogant
383 2051 418 2103 et
433 2038 659 2120 respondent:
676 2040 802 2121 quibus
813 2041 912 2104 hisce
923 2041 1086 2105 omnibus
1098 2040 1187 2105 adeo
1200 2042 1393 2105 studentium

189 2148 329 2211 animus
351 2147 558 2226 deuincitur,
582 2156 621 2209 vt
640 2147 761 2210 nullibi
784 2148 855 2210 iarn
878 2157 1022 2225 possent
1046 2148 1224 2212 lubentius
1246 2150 1394 2212 lectiones

189 2253 312 2317 audire
327 2271 432 2333 quam
449 2253 542 2333 apud
558 2262 746 2316 nostrates.

248 2358 335 2424 Sunt
350 2369 384 2423 et
400 2361 470 2423 alia
484 2360 628 2423 maioris
644 2359 788 2435 ordiniS,
805 2360 841 2422 in
857 2359 984 2440 quibus
999 2360 1118 2423 diuina
1134 2361 1326 2426 liberalitas
1339 2360 1396 2425 the

188 2484 314 2530 sauros
328 2467 592 2530 misericordiae
607 2484 692 2529 suae
707 2466 962 2547 benignissime
977 2465 1109 2545 pandit.
1123 2466 1215 2532 Nam
1227 2479 1261 2533 et
1273 2470 1398 2550 aliquae

190 2574 429 2637 nobilissimae
450 2573 636 2652 foeminae,
660 2590 750 2654 quae
771 2583 931 2639 nostrum
954 2576 1085 2639 adeunt
1106 2577 1289 2654 sacellum,
1311 2587 1403 2640 antea

187 2681 311 2743 solitae
326 2690 360 2743 et
376 2698 463 2744 auro
478 2690 512 2744 et
526 2680 677 2760 gemmis
692 2688 727 2742 et
741 2680 906 2759 pretiosis
918 2683 1106 2747 monilibus
1121 2684 1303 2762 exornari,
1320 2682 1405 2748 omni

186 2788 257 2850 iam
273 2787 449 2850 mundano
464 2787 557 2850 fastu
573 2786 745 2866 deposit0,
770 2787 1028 2852 moderatiores
1047 2788 1227 2868 incedunt,
1244 2800 1280 2854 et
1301 2794 1409 2871 placet

187 2896 257 2957 iam
273 2895 315 2956 de
332 2895 436 2956 rebus
453 2894 581 2956 diuinis
597 2894 746 2955 miscere
763 2912 956 2958 sermones:
975 2897 1064 2958 aliae
1080 2914 1166 2958 vero
1187 2898 1342 2961 orationi
1356 2915 1408 2960 ra·

188 3011 280 3078 cant,
299 3010 332 3063 et
347 3002 452 3063 rebus
467 3001 707 3080 spiritualibus
724 3017 869 3080 operam
885 3002 971 3065 dare
986 3012 1164 3081 satagunt,
1183 3013 1260 3067 tum
1278 3006 1326 3069 ad
1337 3024 1411 3069 con·

186 3109 375 3171 sessionem
390 3119 423 3171 et
438 3125 578 3169 sacram
597 3107 858 3170 Eucharistiam
879 3109 1083 3171 adueniunt.
1101 3110 1275 3173 Virorum
1299 3124 1414 3176 autem

187 3216 348 3294 quamuis
364 3233 432 3276 non
449 3215 535 3276 adeo
555 3230 707 3292 magnus
727 3225 780 3275 est
801 3231 980 3290 numeruS,
1002 3215 1049 3276 illi
1065 3225 1196 3293 tamen,
1214 3219 1276 3296 qui
1295 3219 1342 3281 ad
1355 3237 1416 3283 nos

189 3324 344 3397 veniunt,
367 3322 535 3401 probatae
555 3330 636 3383 sunt
656 3320 748 3396 fidei,
773 3329 808 3382 et
828 3321 1047 3382 incessanter
1067 3336 1317 3399 perseuerant.
1341 3326 1416 3390 Non

188 3440 239 3489 est
262 3430 400 3491 silentio
422 3426 708 3507 supprimendum
732 3426 750 3504 ¹,
772 3426 866 3505 quod
892 3443 963 3488 non
989 3428 1108 3490 multis
1133 3429 1265 3492 abhinc
1296 3434 1418 3497 diebus

188 3535 284 3598 Deus
304 3514 429 3598 noster
442 3552 505 3614 pro
525 3551 589 3596 sua
610 3534 739 3614 pietate
760 3533 899 3613 operari
916 3533 1082 3611 dignatus
1098 3544 1168 3612 est;
1190 3554 1279 3601 nam
1296 3554 1335 3604 et
1350 3543 1418 3622 qui·

188 3642 285 3719 dam,
310 3642 365 3703 cui
390 3642 521 3720 absque
541 3640 776 3720 poenitentiae
798 3650 1021 3701 sacramento
1044 3640 1171 3719 viginti
1199 3652 1238 3705 et
1264 3660 1420 3726 quatuor

188 3750 297 3828 elapsi
312 3748 451 3810 fuerant
465 3748 559 3824 anni,
576 3747 769 3809 mutatione
785 3746 952 3808 dexterae
964 3745 1105 3810 Excelsi
1118 3747 1161 3809 ad
1174 3749 1315 3816 bonam
1328 3774 1421 3819 men·

188 3870 258 3920 tem
272 3867 472 3930 reuocatus,
489 3871 610 3915 omnes
625 3853 862 3914 conscientiae
877 3852 975 3914 sinus
990 3855 1138 3933 aperuit,
1156 3867 1190 3917 et
1207 3875 1295 3922 cum
1312 3866 1422 3927 maxi·

188 3966 253 4027 mis
279 3963 389 4042 signis
414 3979 520 4023 verae
545 3959 780 4038 poenitentiae
803 3958 986 4021 consessus
1012 3971 1075 4023 est.
1098 3960 1179 4024 Fuit
1203 3977 1240 4027 et
1262 3966 1425 4034 foemina

187 4071 371 4152 quaedam,
396 4086 497 4148 quae,
515 4066 700 4128 duodecim
723 4083 834 4126 annos
854 4078 1000 4144 peccato
1020 4070 1162 4131 mortali
1182 4075 1426 4149 pertinaciter

188 4179 394 4253 adhaerens
409 4187 441 4236 et
451 4173 683 4237 confitebatur
694 4172 780 4233 etad
793 4173 1054 4236 sanctissimum
1066 4192 1196 4255 corpus
1211 4178 1357 4248 Christi
1370 4206 1426 4266 pu-

187 4288 276 4350 blice
290 4302 361 4346 non
375 4281 588 4344 formidabat
608 4277 793 4354 accedere;
816 4295 896 4339 cum
911 4288 1029 4342 tumen
1044 4281 1080 4342 in
1095 4283 1265 4349 omnibus
1287 4294 1428 4355 conses-

188 4393 345 4457 sionibus
356 4391 472 4452 sciens
483 4398 516 4449 et
528 4388 653 4448 volens
665 4400 773 4446 vnum
785 4386 900 4446 celare
913 4397 1098 4464 peccatum
1109 4391 1302 4473 voluisset;
1319 4416 1429 4478 quum

189 4552 398 4564 ——.-..

229 4634 236 4664 ¹
266 4631 308 4674 Sic
317 4634 341 4675 ln
352 4633 436 4675 altero
447 4629 610 4682 autographo
621 4622 862 4679 exemp10;prlmum
873 4623 951 4667 habet
963 4627 1163 4673 involvendum.
