3210 5392
257 418 311 475 tto
643 421 815 479 Lurnnan
834 435 1106 488 Quaoniuasrnns

258 581 364 643 quam
390 563 550 643 profecta
570 574 634 628 est.
657 565 746 628 Cum
766 566 884 646 itaque
906 566 1073 629 maritum
1093 565 1196 629 huius
1215 565 1361 646 quidam
1382 563 1534 628 Par-nr

259 671 407 748 audiret,
425 689 532 752 quam
546 672 621 735 eius
636 673 838 752 periculosa
853 673 927 736 uita
943 683 1036 736 esset
1057 673 1091 736 ei
1112 672 1358 749 demostrauit,
1380 682 1412 736 et
1424 686 1483 731 a..
1511 662 1539 725 d·

261 779 395 841 monuit
410 796 511 842 suam
528 788 565 841 ut
579 780 763 843 mulierem
780 780 985 860 inquireret,
1002 779 1096 860 quod
1107 789 1142 843 et
1157 780 1232 859 ipse
1247 778 1343 843 secit.

320 884 497 948 Mercator
516 885 660 965 quidam
679 887 714 949 in
733 885 930 966 Collegium
952 896 1113 950 nostrum
1137 887 1234 950 uenit
1254 903 1322 949 sua
1342 900 1477 966 pecca.
1521 888 1550 938 ta

261 991 560 1069 manifestaturus,
579 1004 612 1055 et
628 993 718 1055 inter
733 993 816 1069 alia,
833 1010 924 1073 quae
943 993 976 1056 ei
991 992 1232 1056 confessarius
1250 992 1417 1070 iniunxit,
1433 983 1553 1051 tn-d·

261 1098 396 1161 monuit
418 1099 526 1172 illum,
554 1108 592 1162 ut
611 1099 798 1180 quaedam,
816 1117 907 1180 quae
929 1117 1000 1162 non
1019 1099 1108 1163 bene
1133 1113 1425 1179 comparauerat,
1443 1110 1560 1158 r-e·

261 1205 432 1284 stitueret;
456 1215 591 1269 etcum
614 1206 661 1269 29
684 1207 798 1271 eidem
819 1206 916 1269 Patri
937 1206 1175 1284 confiteretur,
1199 1221 1314 1286 neque
1337 1221 1378 1268 se
1398 1222 1421 1267 a
1438 1215 1557 1283 pua·

261 1312 327 1375 ctis
342 1311 553 1391 quibusdam
573 1313 704 1377 illicitis
725 1313 965 1394 abstinuisset,
989 1330 1079 1394 quae
1097 1322 1203 1376 antea
1223 1312 1342 1377 suerat
1357 1310 1556 1376 conses-

262 1436 333 1496 sus,
349 1419 454 1482 Pater
469 1420 505 1482 in
520 1434 652 1499 quanto
668 1421 824 1500 periculo
839 1420 913 1483 uita
928 1420 1003 1484 eius
1018 1429 1223 1483 uersaretur
1238 1421 1371 1483 iterum
1392 1430 1465 1497 atq
1495 1428 1560 1475 ¹le

261 1527 390 1590 iterum
404 1526 642 1604 denunciauit,
659 1526 752 1606 quod
768 1526 1045 1605 perterrefactus
1054 1524 1214 1606 audiens,
1226 1526 1378 1590 vivendi
1390 1520 1515 1591 rati
1524 1534 1554 1578 0·

262 1650 343 1696 nem
358 1634 462 1697 simul
477 1643 511 1696 et
526 1651 644 1697 mores
659 1645 880 1697 commutare
901 1633 1070 1711 decreuit,
1094 1645 1129 1697 et
1142 1633 1225 1697 licet
1246 1633 1319 1696 iam
1336 1652 1359 1696 a
1374 1633 1509 1696 mult
1524 1622 1551 1684 l's

263 1740 365 1802 annis
380 1741 416 1803 in
431 1757 473 1803 eo
490 1741 585 1804 uitae
600 1741 760 1805 instituto
779 1750 1055 1821 perseuerasset,
1071 1740 1165 1804 unde
1186 1739 1332 1804 diuitias
1352 1727 1547 1803 abunde

263 1847 351 1910 satis
363 1857 646 1928 comparauerat,
664 1847 760 1911 omni
771 1857 889 1911 tamen
905 1847 1128 1911 incommodo
1140 1856 1361 1927 contempte,
1375 1832 1552 1911 maluit

264 1954 406 2017 Christo
421 1955 524 2018 nouis
545 1955 681 2018 uiribus
701 1956 856 2019 militari.
874 1953 977 2034 Quod
991 1954 1065 2018 fere
1080 1953 1173 2018 idem
1188 1953 1304 2032 alteri,
1327 1954 1392 2034 qui
1406 1937 1547 2017 sirni-

265 2061 355 2124 libus
370 2061 504 2140 laqueis
520 2062 693 2125 auaritiae
705 2073 831 2142 captus
845 2073 933 2139 erat,
951 2061 1112 2140 contigit.

326 2167 407 2230 Fuit
421 2168 512 2231 alius
523 2167 642 2244 homo,
659 2169 717 2248 qui
731 2169 913 2232 mulierem
928 2184 1041 2243 suam,
1058 2167 1112 2230 ira
1126 2166 1281 2247 quadam
1296 2174 1499 2248 correptu-
1508 2162 1550 2222 ⁵»

267 2275 408 2337 uolebat
420 2275 628 2353 interficere,
647 2285 834 2355 propterea
852 2274 945 2355 quod
959 2275 1003 2348 ei,
1024 2273 1145 2337 nescio
1159 2273 1352 2353 quomode,
1375 2266 1549 2337 mulier

267 2382 463 2445 membrum
491 2383 669 2462 quoddam
697 2383 992 2459 obtruncauerat;
1022 2381 1116 2445 hunc
1145 2380 1327 2443 hominem
1355 2373 1554 2460 quidtffln

266 2487 372 2550 Pater
387 2489 572 2567 allocutus,
589 2507 670 2553 cum
685 2490 717 2552 ei
732 2490 842 2553 multa
854 2488 1013 2565 dixisset,
1026 2487 1135 2551 animi
1145 2487 1224 2550 eius
1237 2479 1559 2551 excandescat

267 2595 353 2656 tiam
374 2593 457 2658 fecit
480 2596 623 2659 omnino
644 2595 842 2674 deseruere,
863 2606 898 2659 et
919 2595 1055 2669 mulier,
1073 2594 1173 2657 cuius
1193 2593 1268 2656 uita
1286 2593 1321 2656 in
1342 2594 1467 2674 pericu
1482 2568 1561 2639 3⁰

274 2701 342 2764 sita
357 2714 444 2781 erat,
462 2712 537 2765 tuta
554 2704 697 2766 omnino
713 2703 837 2766 effecta
852 2713 917 2766 est.

328 2807 431 2871 Alius
445 2809 566 2887 homo,
583 2811 644 2890 qui
658 2827 720 2889 per
735 2810 810 2873 dies
830 2810 958 2872 multos
977 2806 1211 2871 confessionis
1225 2816 1260 2870 et
1282 2794 1571 2870 communid'

270 2915 326 2977 nis
351 2929 574 2979 sacramenta
596 2916 899 2998 frequentauerat,
919 2914 985 2978 fuit
1005 2915 1062 2976 die
1081 2913 1235 2993 quodam
1258 2929 1394 2991 magna
1421 2901 1576 2994 quffl'

271 3023 365 3101 piam
389 3024 517 3087 iniuria
542 3024 744 3100 lacessituS,
767 3025 857 3086 alius
876 3039 1029 3101 namque
1049 3020 1187 3100 publice
1209 3036 1292 3082 eum
1311 3019 1414 3098 ligno
1429 3006 1584 3100 pe‘f'

271 3138 443 3207 cusserat;
460 3143 493 3192 et
509 3148 589 3193 cum
601 3130 659 3192 diu
675 3130 870 3208 ambigeret
885 3128 967 3207 quid
983 3127 1048 3190 sibi
1058 3126 1261 3189 faciendum
1275 3136 1374 3188 esset
1390 3126 1428 3188 in
1439 3108 1585 3187 hss'c

270 3253 320 3312 re,
336 3236 434 3298 venit
449 3237 495 3298 ad
513 3254 593 3299 eum
608 3235 760 3313 Patrem,
784 3236 839 3299 cui
866 3234 1121 3297 conscientiam
1143 3232 1283 3312 aperire
1310 3219 1588 3318 consuetffes

271 3351 341 3419 rat,
363 3354 400 3404 ut
420 3343 464 3405 ab
487 3343 610 3405 eodem
637 3343 820 3406 consilium
843 3351 997 3422 caperet:
1021 3340 1184 3420 quamuis
1204 3340 1276 3402 iam
1296 3339 1427 3404 diebus
1450 3351 1478 3397 a
1534 3311 1594 3424 *hs

272 3460 357 3528 quot
386 3466 487 3512 suam
512 3451 743 3528 ignominiam
769 3448 968 3512 aduersarii
993 3456 1105 3510 morte
1132 3463 1368 3525 compensare
1396 3431 1601 3524 req‘n'

271 3556 414 3619 siuerat.
428 3555 532 3618 Pater
547 3557 637 3619 iram
652 3558 727 3618 eius
741 3556 890 3633 sedauit,
907 3566 941 3618 et
956 3554 992 3617 in
1007 3570 1115 3617 causa
1128 3551 1193 3615 fuit
1208 3562 1246 3614 ut
1257 3552 1422 3632 inimico,
1438 3533 1604 3615 istm

273 3662 397 3726 effecto
412 3664 539 3741 amico,
555 3663 647 3726 hanc
663 3662 828 3726 iniuriam
842 3662 1047 3725 remitteret.

333 3768 435 3832 Alius
449 3770 554 3833 homo
570 3768 753 3833 consessus
768 3781 833 3845 est,
850 3769 909 3849 qui
933 3767 1110 3830 hominem
1132 3766 1240 3830 alium
1254 3765 1315 3829 diu
1331 3749 1596 3831 obsera!a

275 3886 377 3939 verat
392 3887 429 3939 ut
445 3894 523 3939 eum
540 3877 771 3952 interimeret;
800 3892 949 3955 cumque
968 3889 1149 3952 nunquam
1171 3874 1403 3937 commodum
1423 3853 1604 3937 tel-‘¹¹¹

274 4000 340 4063 pus
359 3992 484 4046 nactus
505 3993 609 4059 esset,
628 4000 691 4044 suo
716 3983 868 4063 pessimo
888 3980 1077 4060 desyderio
1098 3979 1257 4059 nequiuit
1277 3962 1605 4044 satisfacefls‘·

275 4090 310 4152 id
325 4100 425 4152 tanta
441 4091 624 4169 diligentia
639 4100 905 4170 procurauerat,
924 4100 1111 4167 propterea
1127 4086 1222 4165 quod
1236 4086 1385 4165 alapam
1399 4088 1434 4151 ei
1458 4069 1603 4141 ff·

276 4197 457 4259 uersarius
478 4196 687 4276 impegerat;
708 4212 821 4274 neque
841 4214 885 4257 ex
907 4195 974 4257 hac
990 4203 1091 4273 parte
1105 4192 1220 4255 solum
1235 4192 1311 4255 uita
1327 4193 1436 4257 huius
1465 4159 1605 4247 ω’

276 4304 381 4365 minis
395 4304 674 4383 peric-litabatur,
691 4319 773 4364 nam
788 4301 971 4364 mulierem
986 4300 1178 4379 quamdam
1202 4315 1326 4363 secum
1341 4298 1488 4363 habeb
1504 4279 1603 4327 ⁴³

277 4427 357 4474 cum
382 4427 452 4489 qua
474 4412 585 4473 multa
605 4409 832 4489 perpetrabat
854 4409 923 4470 alia
945 4416 1111 4488 peccata:
1134 4405 1338 4470 admonitus
1352 4406 1387 4468 is
1399 4412 1477 4470 est

277 4516 500 4580 consessione
516 4528 553 4579 ut
568 4529 725 4580 veterem
748 4515 925 4578 hominem
944 4523 1090 4577 exueret
1115 4522 1150 4576 et
1177 4513 1338 4594 indueret
1362 4531 1438 4577 nou

340 4623 442 4687 Alius
458 4625 641 4686 consessus
656 4633 708 4685 est
723 4622 794 4702 qui,
809 4639 889 4685 cum
903 4620 992 4684 duas
1003 4620 1109 4683 simul
1122 4637 1256 4685 uxores
1270 4619 1431 4699 haberet,
1463 4600 1587 4691 fl
1595 4604 1605 4633 ³

1592 4500 1605 4527 κ
