3240 5386
185 413 240 474 680
570 418 1028 488 Lrnrnnanooanamnsrnns

186 559 236 621 tio
251 560 377 625 maiori
392 562 428 625 in
443 562 529 625 aede
543 562 666 626 haberi
678 565 777 640 solet,
790 581 811 626 a
824 564 954 627 nostris
966 564 1168 628 haberetur.
1184 561 1292 625 Deus
1303 570 1427 624 nostra

187 665 277 729 haec
291 667 456 749 incoepta
470 670 649 734 secundet.

246 773 370 838 Finem
384 776 562 839 scribendi
581 776 748 856 lacerem,
770 778 800 841 si
821 795 892 841 non
915 785 1032 840 essent
1050 775 1094 839 de
1114 775 1280 839 ciuitatis
1302 775 1340 838 in
1360 790 1429 837 nos

188 880 306 944 animo
320 899 436 962 pauca
450 882 622 947 addenda.
641 883 732 947 Nam
747 884 842 964 quod
857 884 1028 964 optimum
1042 883 1292 946 testimonium
1307 881 1425 945 Prole-

188 996 295 1065 gatus
309 997 344 1051 et
358 989 466 1052 totius
480 989 636 1053 ciuitatis
650 990 883 1069 magistratus
905 991 948 1055 de
968 988 1146 1054 Societate
1167 999 1298 1053 nostra
1321 988 1424 1052 dede-

188 1094 270 1173 rint,
287 1112 331 1158 ex
346 1096 504 1177 ipsorum
516 1097 638 1176 literiS,
655 1106 694 1160 ut
708 1097 844 1177 opinor,
860 1097 1074 1176 intellexisti,
1091 1098 1150 1178 qui
1172 1107 1343 1159 nostrum
1357 1095 1423 1159 hoc

189 1208 224 1263 et
237 1202 379 1266 uiuendi
393 1213 429 1267 et
443 1202 592 1267 docendi
606 1203 804 1267 institutum
819 1220 954 1267 summe
969 1205 1131 1283 probant.

250 1308 304 1373 Ac
326 1309 447 1373 decem
465 1311 545 1389 uiri,
561 1311 621 1392 qui
642 1329 701 1374 res
715 1310 875 1390 publicas
895 1310 1159 1388 administrant,
1183 1321 1218 1373 et
1235 1311 1339 1373 multi
1364 1309 1420 1372 alii

190 1417 379 1496 optimates
398 1416 442 1479 ad
462 1416 670 1480 Cardinales
690 1418 826 1497 aliquos
846 1427 881 1480 et
902 1416 1084 1482 Summum
1103 1415 1316 1481 Pontificem
1336 1416 1419 1479 scri·

189 1532 346 1604 pserunt,
363 1533 401 1587 ut
414 1524 497 1588 huic
511 1533 634 1588 nostro
649 1523 807 1604 Collegio
821 1525 1079 1604 subueniretur,
1092 1541 1173 1589 cum
1184 1525 1286 1587 uires
1299 1522 1416 1586 ciuita-

189 1631 235 1693 tis
250 1632 367 1694 nullae
378 1632 459 1710 sint,
476 1648 541 1694 nec
553 1630 690 1694 efficere
699 1631 888 1713 quicquam
899 1648 963 1713 per
972 1649 1011 1695 se
1022 1631 1176 1713 possint;
1193 1630 1335 1711 sibique
1345 1627 1415 1691 fieri

190 1737 360 1802 beneficia
388 1737 573 1818 dixerunt,
602 1756 694 1820 quae
723 1739 760 1801 in
789 1748 950 1803 nostrum
977 1738 1045 1803 hoc
1077 1738 1277 1817 Collegium
1305 1736 1412 1800 conse·

191 1854 327 1912 runtur.
343 1844 653 1926 Laudauimusque
667 1846 792 1926 paucis
807 1854 889 1909 ante
904 1845 1028 1909 diebus
1040 1844 1130 1908 Ill.mi
1150 1854 1186 1908 et
1199 1842 1282 1907 R.ml
1300 1842 1413 1907 Cardi-

190 1952 282 2015 nalis
296 1950 412 2015 Fuluii
429 1952 466 2015 in
488 1969 554 2016 nos
574 1953 750 2032 animum,
773 1953 834 2034 qui
853 1952 899 2015 ad
921 1951 1108 2032 quemdam
1129 1951 1286 2015 nobilem
1305 1950 1409 2012 uirum

192 2058 373 2139 rescripsit
387 2059 483 2121 nullo
494 2075 532 2121 se
543 2075 699 2139 unquam
710 2068 870 2138 tempore
882 2058 983 2122 nobis
994 2056 1208 2136 defuturum,
1221 2067 1257 2119 et
1272 2056 1407 2136 seprius

192 2182 299 2245 quam
312 2181 378 2227 nos
392 2164 428 2227 in
444 2173 640 2244 egestatem
651 2163 896 2228 denenturum.

251 2271 350 2335 Haec
365 2280 457 2350 sunt,
476 2288 565 2351 quae
581 2271 767 2334 scribenda
780 2271 816 2334 in
830 2282 982 2336 mentem
993 2280 1177 2334 uenerunt.
1191 2269 1335 2333 Interim
1344 2267 1402 2330 tuis

192 2378 411 2442 orationibus
425 2394 492 2441 nos
507 2394 629 2441 omnes
645 2379 947 2441 commendamus.

252 2483 385 2548 Datum
399 2484 578 2563 Perusiae,
595 2485 745 2565 septimo
761 2484 841 2547 idus
857 2483 1022 2548 Octobris
1040 2483 1128 2546 1555.

433 2590 473 2654 T.
491 2589 528 2654 P.
544 2607 670 2654 seruus
685 2589 866 2670 indignus,

736 2803 813 2868 G1o.
840 2803 1020 2868 Amomus
1041 2803 1260 2866 Vnnrtanus.

256 3129 523 3209 Superscrr'ptio
539 3129 576 3190 in
591 3132 724 3207 qttarta
735 3127 893 3206 pagina:
907 3127 930 3197 i
942 3124 1134 3187 Plurimum
1144 3123 1222 3186 R.<10
1231 3124 1266 3185 in
1277 3121 1329 3184 X.⁰
1341 3110 1376 3178 P.¹'

197 3236 244 3298 M.
261 3237 399 3314 ignatio
416 3255 436 3298 a
451 3237 597 3315 Loyola,
614 3235 823 3313 Praeposito
840 3233 948 3311 gnali.
966 3231 1155 3295 Societatis
1169 3230 1264 3311 Jesu,
1275 3227 1387 3291 Romae·

258 3342 342 3404 Alia
357 3358 480 3405 manu:
497 3343 585 3421 1555,
603 3342 762 3416 Perusia,
777 3340 1077 3419 Quadrimestres,
1091 3338 1111 3399 9
1126 3337 1298 3401 Octobris

268 3450 466 3527 Vestigium
480 3465 580 3511 cerae
595 3448 725 3527 sigilli
