3240 5386
751 158 815 216 Au.
837 158 907 215 1555
1385 157 1439 214 707

211 316 353 362 sumere
365 301 419 363 fas
434 302 480 364 sit
494 313 664 381 quantum
676 302 720 365 ad
732 302 850 365 diuina
866 302 1126 365 obseruandum
1137 300 1304 364 mandata
1320 310 1436 365 tenea·

212 422 304 484 mur,
322 407 380 487 qui
397 425 441 470 ex
455 409 532 488 ipso
548 409 693 472 denario
708 426 844 472 asacro
856 409 1026 487 decalogo
1038 409 1223 488 desumpto
1235 409 1390 488 quotidie
1401 419 1435 472 et

211 514 347 593 passim
364 512 592 579 admonemur
607 517 652 579 ad
666 516 776 596 ipsius
791 526 955 579 exactam
973 516 1267 579 obseruationem.
1289 514 1390 595 Quod
1405 517 1435 579 si

212 619 258 683 ad
273 622 390 699 ipsam
411 621 560 685 velimus
579 623 738 702 aspirare
758 622 1022 702 perfectionem,
1043 622 1153 701 ipsius
1172 622 1278 684 etiam
1299 621 1435 685 denarii

211 727 394 806 perfectio,
415 728 537 790 auiris
558 729 791 792 sanctissimis
813 729 1012 807 obseruata,
1030 745 1099 791 non
1122 727 1298 791 mediocre
1313 730 1434 791 calcar

211 832 344 896 addere
360 832 510 897 videtur.
527 834 615 899 Tres
630 835 723 898 enim
738 845 819 898 sunt
834 847 954 915 patres
966 844 1000 897 et
1010 845 1145 914 septem
1160 834 1299 897 fratres.
1315 833 1365 897 Vt
1376 852 1432 898 ne·

211 956 280 1018 que
292 938 383 1002 desit
393 940 429 1002 in
441 942 509 1004 hoc
521 941 613 1021 quod
624 959 690 1004 nos
701 941 746 1004 ad
758 941 959 1005 indiuiduae
972 951 1006 1003 et
1017 940 1240 1003 beatissimae
1250 939 1435 1005 Trinitatis

211 1043 458 1110 adorationem
473 1048 640 1128 impellat,
657 1057 691 1111 et
711 1048 757 1110 ad
775 1056 934 1111 mutuum
950 1064 1107 1111 amorem
1121 1048 1212 1110 inter
1231 1065 1297 1110 nos
1317 1048 1432 1112 obser-

210 1153 380 1231 uandum,
403 1153 432 1216 si
451 1172 517 1217 nos
537 1164 672 1235 septem
691 1155 749 1217 illa
765 1154 982 1218 charismata
1003 1152 1155 1234 Spiritus
1177 1151 1298 1217 Sancti
1320 1155 1432 1218 inces-

210 1267 333 1322 santer
347 1259 449 1322 nobis
463 1259 588 1323 donari
603 1269 775 1340 petamus,
787 1270 825 1323 vt
836 1277 921 1323 vere
933 1261 1043 1324 simus
1054 1259 1182 1323 fratres
1194 1261 1230 1323 in
1245 1259 1350 1322 domo
1362 1259 1433 1324 Do-

210 1366 310 1442 mini,
327 1375 361 1429 et
382 1382 510 1429 canere
528 1367 631 1429 nobis
652 1367 757 1429 liceat
771 1385 851 1430 cum
873 1367 1058 1447 propheta:
1080 1366 1168 1429 Ecce
1183 1383 1289 1446 quam
1304 1367 1432 1429 bonum

209 1477 244 1533 et
258 1488 367 1551 quam
386 1472 580 1536 t'trcrrndum
598 1472 759 1536 habitare
770 1473 919 1551 fratres
937 1472 975 1535 in
990 1489 1102 1535 vnum
1125 1470 1144 1536 ¹.
1168 1470 1239 1537 Sed
1258 1473 1341 1554 quid
1361 1489 1432 1536 mo·

209 1579 286 1642 rori
300 1596 485 1643 numerum
501 1580 680 1660 accepisti,
704 1581 826 1660 accipe
841 1581 949 1644 etiam
962 1588 998 1642 et
1012 1580 1167 1654 nomina,
1184 1578 1289 1643 Pater
1303 1579 1433 1644 Rector

210 1683 353 1766 Gaspar
362 1686 405 1749 de
415 1687 593 1766 Azeuedo,
606 1685 644 1750 P.
658 1686 751 1751 Pozo
760 1687 783 1768 ¹,
796 1686 834 1750 P.
849 1687 991 1768 Gaspar
1005 1686 1260 1765 Ferdinandez,
1274 1686 1313 1750 F.
1327 1687 1431 1770 Joan·

208 1809 275 1856 nes
290 1792 382 1856 dela
397 1792 561 1870 Carrera,
581 1792 621 1856 F.
644 1793 761 1872 Oribe,
781 1793 821 1857 F.
844 1793 1021 1872 Oudarca
1043 1792 1084 1856 F.
1100 1792 1265 1871 Heredia,
1288 1792 1328 1856 F.
1352 1792 1432 1857 Rui-

207 1899 297 1974 zius,
316 1897 356 1961 F.
374 1897 528 1977 Gabriel,
544 1898 584 1962 F.
600 1900 777 1984 Josephus
791 1897 814 1979 ⁸,
831 1917 922 1981 quae
937 1901 1080 1964 nomina
1099 1909 1138 1963 vt
1151 1901 1285 1980 scripta
1300 1888 1382 1964 sunt
1396 1901 1433 1965 in

207 2005 330 2083 eoeliS,
351 2005 421 2068 tuis
438 2007 699 2086 quamprimum
717 2017 752 2070 et
772 2007 1063 2070 charissimorum
1077 2006 1113 2070 in
1134 2006 1276 2071 Christo
1291 2018 1432 2088 patrum

206 2121 242 2174 et
254 2110 406 2174 fratrum
418 2111 522 2175 isthic
534 2113 829 2176 commorantium
837 2113 1056 2176 orationibus
1068 2112 1183 2177 iuuari
1197 2116 1429 2194 postulamus.

269 2214 401 2280 Nostra
416 2216 544 2297 studia,
560 2218 637 2282 Deo
652 2219 806 2299 auspice,
823 2237 844 2282 a
859 2219 914 2282 die
928 2219 1133 2283 Natiuitatis
1154 2217 1332 2301 Deiparae
1352 2220 1430 2285 Vir·
1469 2291 1471 2296 ἢ

206 2323 304 2404 ginis
324 2324 461 2387 initium
479 2315 673 2406 sumpsere:
693 2326 812 2389 habita
832 2326 930 2406 prius
950 2327 986 2389 in
1006 2326 1157 2391 Basilica
1179 2328 1305 2390 maiori
1326 2328 1430 2391 huius

207 2431 366 2494 ciuitatis
380 2431 521 2511 publica
536 2432 697 2495 oratione
711 2432 754 2495 de
766 2434 898 2496 nostris
909 2432 1035 2496 studiis
1054 2444 1089 2514 et
1103 2434 1322 2513 professione
1334 2434 1430 2497 circa

205 2555 339 2618 pueros
354 2538 597 2603 instituendos:
614 2540 706 2602 hanc
721 2540 842 2602 habuit
854 2539 890 2602 Ρ.
908 2540 1048 2620 Gaspar
1062 2539 1316 2617 Ferdinandez,
1330 2540 1432 2604 Tole-

204 2653 325 2724 tanus,
341 2646 401 2725 qui
415 2645 613 2709 rhetoricae
628 2645 807 2709 facultatis
821 2663 948 2709 munus
963 2645 1161 2709 obeundum
1176 2647 1324 2726 accepit.
1341 2645 1430 2710 Sunt

205 2762 242 2814 et
259 2751 320 2814 alii
333 2761 406 2815 tres
420 2751 547 2816 fratres
563 2753 691 2832 singuli
706 2753 855 2832 singulis
871 2753 1043 2816 classibus
1060 2752 1241 2833 praelecti,
1259 2753 1430 2833 optimam

203 2857 315 2920 etiam
335 2859 391 2921 sui
409 2860 564 2922 muneris
584 2861 758 2923 rationem
777 2859 976 2924 reddentes.
998 2859 1078 2942 Jam
1099 2859 1229 2922 indies
1249 2860 1364 2940 magis
1387 2877 1429 2922 ac

201 2965 323 3043 magis
337 2967 533 3030 communis
548 2967 754 3046 agnoscitur
768 2967 914 3046 vtilitas,
931 2966 1015 3030 dum
1031 2975 1066 3029 et
1080 2978 1200 3046 patres
1211 2965 1300 3030 filios
1313 2966 1427 3030 mode·

203 3070 335 3135 stiores
360 3081 394 3135 et
418 3074 533 3152 magis
558 3074 624 3137 sibi
651 3075 882 3155 obsequentes
907 3073 1147 3153 experiuntur:
1174 3082 1208 3136 et
1233 3073 1429 3137 studiorum
1510 3115 1512 3118 ψ

200 3177 375 3257 optimam
390 3179 563 3243 rationem
574 3179 772 3257 reddentes,
786 3196 878 3261 quae
889 3181 1006 3243 omnia
1019 3180 1055 3242 in
1066 3179 1358 3260 benignissimum
1369 3198 1429 3243 no·

201 3295 320 3348 strum
335 3283 525 3349 Dominum
545 3296 584 3350 vt
603 3287 640 3350 in
661 3287 847 3351 authorem
865 3287 940 3350 iure
961 3287 1086 3350 referri
1105 3295 1254 3367 oportet.
1277 3286 1429 3351 Confiuit

201 3389 252 3454 ad
268 3408 332 3454 nos
350 3401 451 3455 tanta
470 3392 762 3457 scholasticorum
783 3391 983 3471 multitudo,
1005 3403 1044 3455 vt
1063 3393 1125 3456 vix
1144 3393 1270 3457 domus
1291 3411 1352 3458 eos
1372 3412 1429 3457 ca·

198 3499 292 3580 piat,
313 3515 394 3562 cum
414 3508 448 3562 et
466 3499 598 3579 exigua
617 3502 673 3579 sit,
696 3511 731 3562 et
746 3500 828 3564 huie
843 3500 982 3580 legendi
998 3500 1157 3563 instituto
1173 3517 1245 3563 non
1266 3501 1353 3564 satis
1373 3517 1430 3562 ac·

199 3604 401 3669 commoda.
419 3603 488 3669 Sed
504 3623 584 3670 cum
600 3624 661 3670 eos
675 3616 709 3671 et
725 3609 842 3689 plures
854 3607 992 3670 viscera
1005 3606 1148 3685 capiant
1161 3607 1356 3684 charitatis,
1370 3623 1427 3669 ca·

244 3805 256 3838 ¹
285 3805 326 3850 Pe.
337 3818 436 3862 cxxxrr,
447 3809 467 3852 l.

178 3902 182 3914 ·
242 3877 256 3909 ⁸
283 3876 374 3922 Petrus
385 3879 426 3923 del
437 3879 512 3924 Poro.

241 3949 255 3980 ⁸
282 3948 309 3992 P.
322 3948 424 4004 Gaspar
433 3949 582 3995 Fernandez
593 3957 632 3995 eat
644 3951 697 4004 ipse
707 3951 856 3995 litterarum
866 3956 965 4004 aneton
976 3950 1010 3994 fr.
1023 3949 1134 4002 Joannes
1145 3951 1175 3994 de
1185 3952 1211 3994 la
1228 3950 1342 3995 Currere
1353 3957 1429 3995 notus

190 4027 252 4073 est,
269 4021 424 4074 praesertim
440 4032 472 4065 ex
488 4022 632 4074 Veiorum,
648 4022 772 4065 Historia
782 4023 816 4066 de
831 4023 871 4065 ios
882 4021 1041 4075 Colegiosde
1057 4022 1084 4065 la
1095 4022 1239 4067 Provincia
1254 4022 1288 4066 de
1308 4022 1428 4067 castilio.

185 4090 278 4146 (Vide
290 4089 384 4135 carias
392 4092 425 4137 de
434 4092 489 4136 San
499 4092 618 4147 Ignacio,
627 4100 646 4137 t.
655 4106 680 4138 v.
687 4105 747 4148 pag.
755 4094 794 4137 541
805 4099 831 4136 et
841 4096 910 4148 seq).
921 4100 946 4136 et
956 4104 988 4135 ex
999 4092 1176 4145 Nrraarruaao,
1191 4092 1308 4137 Varones
1317 4093 1430 4138 ilusires

188 4166 230 4210 de
242 4162 273 4205 la
291 4160 436 4218 Campania
453 4164 486 4208 de
501 4163 593 4220 Iesus,
609 4165 729 4209 edltlonls
746 4165 876 4219 antiquae.
896 4170 914 4208 t.
924 4175 943 4216 1,
953 4175 1013 4219 pag.
1027 4163 1075 4215 ⁶72.
1091 4174 1173 4208 novae
1191 4164 1344 4216 Bllballnsls,
1362 4172 1380 4209 t.
1393 4175 1430 4213 rx.

188 4245 263 4293 pag.
274 4232 321 4288 15⁸,
338 4236 507 4289 quorumdam
526 4236 637 4281 fratrum
655 4235 733 4280 Orlre
743 4244 768 4278 et
780 4234 887 4279 Gabriel
902 4235 1062 4279 meminimus
1076 4236 1101 4279 in
1113 4237 1322 4281 annotationibus
1337 4236 1370 4280 ad
1381 4237 1429 4280 Po·

189 4314 279 4353 mer
290 4303 444 4358 chronicon,
453 4313 472 4351 t.
483 4317 518 4361 ιν,
528 4318 588 4362 pag.
595 4307 635 4351 ³91
646 4316 673 4351 et
682 4308 730 4361 Ab&
741 4307 786 4351 sed
803 4306 903 4360 horum,
913 4313 942 4350 ut
952 4312 978 4349 et
989 4313 1151 4350 caeterorum
1161 4306 1289 4361 Oudarca,
1309 4307 1428 4360 Heredia,

188 4379 276 4430 Rniz,
286 4374 400 4432 josephi,
409 4378 475 4423 certi
484 4378 548 4423 nihil
558 4386 674 4423 statuere
685 4379 811 4423 valemus.
