3210 5392
170 412 232 473 ¹536
562 410 735 470 Limnaia
752 424 1023 479 Qunbnmllsms

179 559 231 623 sic
246 559 434 635 exterruit,
450 568 489 623 ut
503 576 627 623 omnes
641 560 685 622 ab
700 559 847 623 huiusce
862 559 961 622 lusus
974 574 1106 638 genere
1120 555 1293 637 deinceps
1306 554 1407 619 absti-

179 682 275 744 nere,
292 665 472 747 uitamque
486 667 523 730 in
538 667 664 731 melius
678 676 897 730 commutare
912 665 1179 746 pollicerentur,
1200 662 1308 744 idque
1325 678 1407 726 non·

180 772 266 835 nulli
281 774 424 837 certiori
438 774 703 854 lachrymarum
723 772 927 837 testimonio
943 770 1207 836 confirmarent.
1346 859 1347 863 Ἰ

241 878 375 943 Nobilis
395 880 537 960 quidam
557 880 782 960 florentinuS,
805 879 842 943 12
861 897 974 944 annos
993 879 1140 944 militiae
1160 877 1338 958 stipendia
1357 892 1408 939 se·

180 996 322 1067 quutus,
346 985 387 1049 50
411 997 472 1050 aut
495 987 536 1050 60
559 987 750 1051 homicidia
774 996 1010 1068 perpetratus,
1036 1003 1130 1050 nunc
1155 984 1202 1048 ad
1224 982 1343 1047 Deum
1363 1000 1405 1045 ex

182 1093 301 1156 animo
316 1111 522 1172 conuersus
538 1093 705 1174 Patrique
719 1094 849 1177 Joanni
868 1093 1050 1173 Baptistae
1065 1091 1267 1170 consessus,
1284 1090 1321 1154 in
1336 1090 1406 1153 eius

182 1201 385 1279 praesentia
406 1198 484 1264 Deo
506 1200 765 1282 quodammodo
792 1201 893 1264 uouit
917 1199 1138 1279 Religionem
1161 1197 1316 1278 ingredi,
1341 1213 1411 1277 quo

181 1306 309 1369 delicta
335 1308 524 1371 commissa
551 1308 719 1387 deploret:
746 1307 865 1371 multis
890 1307 997 1380 etiam
1021 1305 1221 1386 spiritualia
1240 1302 1408 1367 exercitia

181 1414 364 1492 proposita
378 1413 530 1478 suerunt.
547 1414 645 1478 Haec
661 1424 743 1478 sunt
758 1414 886 1494 quibus
899 1412 1133 1476 assueuimus.

241 1519 349 1583 Aliud
364 1539 503 1602 quoque
517 1522 659 1603 pietatis
674 1539 764 1585 onus
778 1521 978 1603 praeteritis
994 1520 1117 1583 diebus
1138 1518 1298 1582 charitas
1312 1517 1415 1581 nobis

182 1627 394 1691 iniunxerat.
425 1628 515 1692 Cum
540 1629 633 1692 enim
658 1628 695 1692 in
719 1646 857 1691 summa
878 1644 1040 1691 annonae
1065 1626 1228 1702 caritate,
1256 1625 1411 1689 maxima

182 1751 376 1814 egenorum
390 1735 576 1799 multitudo
592 1736 629 1799 in
644 1736 737 1798 banc
752 1736 874 1798 urbem
889 1733 1130 1812 confluxisset,
1144 1743 1182 1796 ut
1192 1742 1318 1795 tantae
1330 1748 1413 1812 pau·

181 1843 312 1921 pertati
337 1843 455 1921 aliqua
480 1860 525 1906 ex
546 1852 646 1923 parte
667 1842 926 1921 subueniretur,
946 1840 1030 1904 Dux
1056 1856 1225 1920 magnum
1245 1839 1414 1903 frumenti

181 1964 365 2011 numerum
382 1950 542 2027 contulit,
559 1966 605 2012 ex
619 1967 689 2029 quo
706 1949 809 2030 panis
823 1947 978 2012 conlecti
996 1947 1113 2011 unciis
1135 1946 1155 2008 6
1176 1947 1308 2026 singuli
1328 1962 1409 2026 pau·

183 2071 286 2135 peres
302 2055 538 2119 donarentur:
555 2056 600 2119 ad
618 2057 711 2119 hanc
733 2074 819 2120 uero
839 2056 1063 2134 largitionem
1085 2055 1105 2116 4
1124 2054 1224 2116 vrbis
1237 2055 1320 2116 loca
1342 2051 1415 2116 fue·

182 2171 264 2224 rant
279 2163 482 2239 constituta,
498 2163 535 2226 in
550 2180 699 2243 quorum
715 2163 865 2243 singulis
879 2162 925 2225 ad
945 2161 966 2224 3
980 2162 1088 2224 millia
1109 2161 1236 2240 quouis
1256 2160 1315 2223 die
1330 2176 1410 2223 con·

183 2269 308 2349 stipari
323 2272 493 2334 solebant.
510 2270 589 2334 Huc
603 2270 710 2350 igitur
726 2287 771 2333 ex
786 2270 888 2334 nobis
903 2269 1011 2349 aliqui
1026 2268 1151 2331 crebro
1166 2268 1319 2344 itabant,
1345 2284 1416 2346 quo

181 2375 383 2439 rudioribus
398 2378 434 2441 in
449 2377 644 2440 christiana
664 2379 796 2458 pietate
816 2377 955 2456 signum
976 2376 1110 2454 crucia,
1133 2375 1334 2438 orationem
1354 2374 1411 2438 do·

181 2483 348 2546 minicam
373 2487 507 2563 pariter
535 2495 568 2547 et
597 2485 808 2565 Angelicam
837 2502 917 2549 cum
945 2481 1113 2565 Symbola
1143 2482 1356 2561 Apostolico
1379 2491 1412 2545 et

181 2589 291 2653 Sulue
306 2591 452 2669 Regina
467 2592 698 2673 explicarent,
715 2603 750 2655 et
766 2609 888 2655 omnes
904 2592 948 2654 ad
961 2590 1194 2654 christianam
1209 2590 1323 2653 uitam
1335 2590 1414 2652 hor·

182 2706 354 2760 tarentur.
372 2697 486 2778 Saepe
501 2697 608 2761 etiam
623 2716 754 2779 magna
777 2699 994 2762 audientium
1008 2708 1081 2760 tum
1098 2698 1316 2775 attentione,
1338 2707 1413 2760 tum

180 2803 308 2882 fructu,
326 2806 646 2869 concionabantur:
662 2807 710 2869 ita
733 2807 825 2869 enim
842 2806 941 2868 uerbi
955 2805 1022 2868 Dei
1037 2804 1218 2867 auditione
1234 2804 1413 2868 interdum

180 2913 424 2990 mouebantur,
441 2921 479 2974 ut
494 2913 539 2975 ad
555 2913 622 2975 hoc
638 2930 725 2992 opus
740 2931 804 2976 nos
820 2913 886 2992 ipsi
902 2913 1104 2988 inuitarent‚
1118 2921 1153 2974 et
1164 2911 1256 2973 inter
1269 2911 1412 2974 audien·

180 3019 263 3081 dum
279 3020 483 3099 lachrymas
498 3020 695 3083 funderent.
713 3019 785 3082 Imo
802 3020 951 3097 contigit
962 3029 999 3081 ut
1011 3019 1136 3081 mulier
1148 3017 1337 3098 quaedam,
1354 3035 1410 3081 ue·

180 3128 376 3189 hementius
391 3127 491 3190 uerbi
505 3124 573 3189 Dei
586 3127 706 3206 gladio
724 3128 805 3205 icta,
817 3127 998 3189 continere
1011 3142 1049 3188 se
1061 3142 1132 3187 non
1145 3126 1317 3204 potuerit,
1329 3125 1412 3206 quin

179 3236 297 3312 palam
321 3251 358 3296 se
382 3234 570 3296 scelestum
591 3234 729 3296 facinus
750 3234 935 3296 admisisse
955 3233 1189 3311 exclamaret,
1207 3231 1359 3313 ideoque
1377 3249 1419 3293 se

179 3339 247 3402 Dei
264 3340 505 3403 misericordia
522 3340 715 3419 indignam:
733 3339 794 3402 sed
809 3340 933 3403 eadem
954 3341 998 3403 ab
1021 3356 1062 3400 eo
1081 3337 1187 3400 Patre
1210 3355 1255 3400 ex
1272 3337 1417 3409 nostriS,

180 3446 239 3525 qui
255 3455 337 3508 tunc
352 3446 640 3525 concionabatur,
659 3447 841 3510 consolata
857 3455 921 3524 est,
940 3455 973 3508 et
986 3445 1109 3508 eodem
1121 3443 1188 3522 die,
1203 3444 1327 3507 audita
1339 3445 1415 3507 eius

181 3551 415 3643 confessione,
431 3554 589 3633 peccatis
610 3554 771 3616 omnibus
792 3553 966 3615 absoluta.
991 3551 1181 3614 Praeterea
1196 3567 1280 3614 cum
1302 3549 1416 3614 Ducis

184 3676 276 3721 vxor
294 3657 301 3688 ¹
317 3660 419 3721 nobis
434 3659 567 3739 aliquot
583 3677 712 3722 aureos
727 3677 889 3722 nummos
904 3658 1120 3734 tradidisset,
1138 3657 1266 3737 quibus
1283 3657 1417 3737 aliquo·

181 3783 260 3829 rum
274 3766 476 3846 paupertati
490 3767 621 3829 iremus
633 3767 784 3841 obuiam,
799 3767 898 3829 multi
910 3766 1014 3845 egeni
1025 3765 1061 3828 in
1072 3776 1234 3827 nostrum
1246 3766 1419 3844 templum

181 3873 331 3953 singulis
346 3873 469 3936 diebus
485 3873 753 3949 conueniebant,
771 3883 808 3935 ut
824 3871 956 3953 aliquid
977 3879 1264 3951 assequerentur.
1289 3870 1332 3934 In
1347 3886 1416 3951 quo

181 3980 321 4061 quidem
338 3989 410 4043 tam
425 3980 483 4060 pio
499 3998 644 4043 munere
659 3979 874 4061 praestando
888 3978 929 4042 R.
948 3978 985 4043 P.
1002 3979 1147 4058 Laynez
1162 3995 1241 4040 sese
1263 3995 1347 4041 cum
1363 3995 1413 4040 re·

185 4087 292 4168 liquis
307 4086 470 4150 Patribus
491 4097 525 4149 et
541 4085 709 4149 fratribus
730 4086 861 4149 nostris
876 4085 1081 4148 exercebat:
1101 4084 1226 4147 eadem
1248 4085 1345 4146 enim
1365 4101 1419 4146 ra·

184 4195 280 4257 tione
297 4192 447 4257 docendi
462 4194 556 4256 domi
571 4194 770 4274 utebamur,
787 4211 856 4273 qua
871 4209 937 4255 nos
951 4209 1035 4255 usos
1049 4191 1137 4254 foris
1148 4199 1231 4254 ante
1243 4191 1422 4254 dicebam„

184 4301 269 4365 Inde
283 4301 504 4364 mirabantur
519 4318 695 4381 pauperes
710 4300 854 4380 quidam
869 4297 1042 4377 dicentes,
1059 4315 1139 4361 cum
1155 4298 1216 4361 alii
1230 4298 1424 4362 conciona—

152 4632 154 4637 ’
229 4651 237 4682 l
268 4651 398 4696 Eleonoru
409 4651 440 4694 de
450 4649 554 4694 Tuledo.
