3210 5392
179 419 233 478 504
567 419 1024 488 Lursrmnouanarunsrnss

242 565 280 627 ln
296 565 545 646 quadrimestri
560 575 678 629 autem
692 567 760 629 hoc
776 577 855 629 octo
875 575 957 631 sunt
979 566 1149 629 exercitia
1169 567 1314 643 tradita,
1330 585 1337 628 t

182 689 261 735 rum
275 689 377 750 unuS,
397 672 456 753 qui
467 671 651 736 sacrificus
663 684 715 737 est
728 673 850 736 sacelli
861 673 962 753 regii,
976 690 1145 753 magnam
1158 675 1201 737 de
1213 691 1253 738 se
1265 685 1337 737 caet

181 778 463 843 aedificationem
474 790 508 842 et
520 782 719 861 exemplum
729 781 870 844 virtutis
881 781 1037 860 praebet.
1050 779 1098 844 At
1106 781 1337 862 reliquissetn

182 887 266 949 dum
281 896 314 949 et
330 887 460 964 omnia,
477 887 618 967 quaein
634 904 676 950 eo
691 898 783 966 sunt,
797 888 828 950 si
841 898 1008 968 parentes
1020 888 1160 968 (quibus
1171 899 1225 951 est
1237 887 1337 952 addie

182 994 248 1057 sibi
263 993 513 1074 impedimento
528 1012 599 1058 non
614 995 824 1058 extitissent.
841 995 1042 1074 Caeterum,
1057 997 1222 1076 quamuis
1237 997 1287 1059 ita
1301 1012 1337 1058 se

182 1101 322 1180 habeat,
339 1120 381 1165 ea
395 1111 449 1164 est
463 1101 614 1165 hominis
626 1102 761 1182 religio,
779 1102 815 1165 id
826 1103 981 1166 studium
995 1103 1173 1167 serviendi
1188 1103 1267 1167 Deo
1278 1113 1337 1184 opt

183 1209 349 1286 maximo,
368 1219 407 1270 vt
424 1210 558 1271 nullum
573 1227 644 1272 non
663 1208 816 1289 lapidem
831 1217 984 1288 moueat,
1006 1226 1076 1289 quo
1098 1209 1260 1273 ordinem
1280 1210 1337 1273 eti

182 1315 287 1377 rioris
301 1315 453 1378 hominis
473 1315 806 1391 considerationem,
829 1327 1000 1395 quantum
1019 1316 1087 1379 fert
1106 1332 1192 1379 suus
1207 1324 1337 1394 status,

181 1431 309 1484 seruet.
332 1421 478 1503 Juuenis
492 1432 677 1501 praeterea
698 1421 852 1501 quidam,
876 1422 1085 1486 mercatoris
1104 1422 1290 1486 cuiusdam
1308 1423 1337 1486 fil

180 1545 373 1608 peruersus
394 1528 552 1609 quidem,
575 1538 609 1591 et
629 1528 758 1592 mirum
778 1529 814 1591 in
838 1529 980 1592 modum
1005 1529 1096 1592 ludis
1117 1529 1325 1593 chartarum

181 1645 328 1712 tractus,
351 1636 490 1715 publice
512 1636 779 1714 concubinatus
804 1636 864 1716 qui
882 1638 1021 1716 parenti
1037 1637 1209 1700 ducentos
1224 1646 1330 1719 atque

181 1752 304 1805 centos
326 1741 431 1804 simul
456 1742 605 1805 ducatos
627 1758 755 1806 aureos
775 1743 954 1823 surripere
972 1761 1044 1805 non
1064 1752 1118 1806 est
1135 1744 1290 1822 veritus,
1312 1762 1337 1808 ct

182 1847 323 1929 quidem
334 1849 567 1928 surreptionis
578 1865 688 1912 causa
702 1849 767 1912 luit
782 1861 909 1930 captus
923 1860 958 1912 et
972 1850 1150 1930 publicum
1165 1868 1337 1915 carcerem

181 1957 316 2018 clusus:
333 1954 407 2033 hic,
424 1956 584 2034 inquam,
605 1955 671 2018 luit
691 1956 857 2019 maximis
871 1957 1077 2020 muneribus
1097 1976 1119 2020 a
1137 1958 1260 2022 diuina
1280 1977 1337 2022 mu

181 2063 296 2124 centia
309 2061 468 2124 affectus.
483 2059 587 2124 Pater
599 2062 704 2141 enim,
714 2079 795 2124 cum
807 2080 826 2125 e
838 2080 982 2125 carcere
991 2062 1099 2127 filium
1108 2064 1306 2144 liberasset,
1318 2084 1337 2128 e

183 2168 333 2248 demque
341 2168 483 2232 domum
492 2185 612 2231 secum
621 2169 820 2246 adduxiset,
831 2169 1058 2248 compedibus
1067 2187 1148 2233 eum
1162 2171 1321 2250 tradidit,

182 2276 248 2339 bus
264 2285 368 2338 antea
385 2284 529 2355 propter
544 2275 677 2338 similes
692 2292 858 2339 excessus
873 2274 990 2339 iuerat
1011 2276 1188 2340 detentus.
1204 2278 1337 2343 Accers

182 2400 260 2445 sum
275 2382 321 2444 ad
333 2383 519 2445 visendum
530 2383 705 2460 iuuenem,
719 2400 825 2462 quem
836 2382 919 2446 dum
932 2384 1191 2461 conuenissem,
1209 2387 1337 2465 rogaui

181 2500 272 2553 trem
284 2490 415 2552 sineret
427 2489 536 2553 lilium
549 2489 671 2553 venire
683 2507 821 2552 mecum
833 2489 879 2552 ad
891 2491 1092 2569 collegium,
1106 2508 1175 2570 quo
1187 2502 1310 2571 posset
1324 2492 1337 2555 i

182 2595 341 2660 confiteri
356 2597 475 2676 quiete
490 2605 649 2676 peccata,
667 2606 744 2659 erat
764 2597 892 2677 quippe
914 2607 997 2660 tunc
1018 2597 1250 2662 Hebdomada
1266 2597 1337 2662 San

181 2705 265 2768 siuit
276 2704 420 2766 tandem
432 2712 543 2782 pater,
561 2704 723 2783 quamuis
738 2703 869 2766 nemini
881 2714 963 2766 tnnc
975 2704 1043 2767 nisi
1057 2705 1143 2767 mihi
1158 2705 1337 2768 commisis

181 2811 289 2874 Venit
305 2812 423 2891 itaque
438 2811 576 2873 iuuenis
591 2826 741 2888 meeum,
758 2811 876 2872 animo
891 2821 1008 2873 autem
1020 2810 1070 2888 (ut
1085 2811 1201 2891 ipsum
1217 2810 1337 2874 dixisst

182 2918 276 2995 runt)
300 2917 507 2995 aufugiendi
526 2934 589 2995 per
608 2927 713 2993 tecta,
736 2917 876 2996 quando
898 2917 1037 2979 aliunde
1059 2935 1129 2979 non
1151 2928 1292 2996 pateret
1312 2918 1337 2981 st

181 3025 317 3088 Verum
334 3025 461 3086 mansit
477 3024 570 3103 apud
590 3041 655 3086 nos
677 3024 913 3103 quadraginta
938 3025 1028 3102 dieS,
1051 3024 1194 3113 omnino
1216 3026 1337 3088 reluct:

181 3133 408 3194 inclinatione
424 3148 500 3193 sua:
517 3130 633 3193 aiebat
649 3131 741 3192 enim
758 3132 843 3209 ipse,
858 3131 951 3209 quod
964 3130 1138 3193 sufficeret
1152 3149 1257 3194 nemo
1271 3133 1318 3195 ad
1331 3153 1337 3193 t

181 3240 334 3302 nendum
355 3240 471 3318 ipsum
492 3238 665 3300 inclusum
682 3248 761 3299 octo
778 3237 862 3299 dies.
882 3237 1056 3314 Quoniam
1071 3255 1184 3318 neque
1208 3257 1336 3319 compe

181 3364 294 3425 neque
304 3357 438 3425 portae,
449 3363 562 3424 neque
571 3345 735 3424 parietes,
747 3354 890 3424 possent
899 3345 994 3407 illum
1005 3343 1172 3408 detinere:
1185 3347 1307 3408 omnia
1318 3364 1337 3408 n

180 3470 247 3532 que
260 3452 474 3530 infringebat
485 3452 628 3533 quando
645 3469 665 3514 a
682 3463 782 3530 patre
797 3452 848 3513 sic
871 3450 1088 3529 trudebatur,
1106 3461 1140 3513 et
1156 3453 1303 3516 tandem
1317 3471 1337 3514 a

181 3559 311 3637 giebat.
321 3557 499 3621 Statuerat
509 3570 693 3637 praeterea
705 3569 758 3620 ter
771 3559 868 3621 abire
877 3558 970 3620 hinc.
980 3558 1153 3620 Dominus
1162 3569 1284 3622 autem
1293 3578 1337 3622 ve

180 3676 214 3729 et
226 3667 402 3745 operibns,
414 3667 561 3744 quaeilli
574 3666 823 3744 praestitimus
838 3665 988 3744 largitus
997 3676 1050 3727 est
1062 3665 1093 3726 ei
1105 3666 1264 3743 gratiam
1275 3686 1321 3730 ne
1335 3670 1337 3728 ἶ

181 3772 394 3836 discederet:
412 3773 505 3850 quod
520 3773 594 3851 ipse
609 3771 713 3834 valde
728 3775 945 3850 multumque
961 3774 1120 3847 miratus
1138 3771 1301 3835 dicebat:
1318 3792 1337 3853 q

182 3881 266 3960 quid
280 3896 347 3958 ego
364 3890 467 3941 antea
480 3879 710 3942 decreueram
722 3879 850 3954 facere,
868 3878 935 3940 nisi
947 3878 1044 3940 Deus
1056 3879 1141 3956 ipse,
1156 3879 1250 3941 alius
1264 3881 1337 3942 obst

182 3998 235 4051 set
251 4005 364 4050 ncm0.
383 3986 505 4065 ltaque
517 3987 591 4065 ipse
604 3985 710 4058 Deus,
726 3997 869 4064 propter
882 4003 983 4047 suam
996 3986 1201 4060 bonitatem,
1216 3986 1337 4051 disces

183 4096 257 4157 cius
273 4094 465 4173 impediuit.
485 4093 551 4156 Hic
567 4110 653 4155 vero
668 4093 708 4154 to
724 4094 846 4155 diebus
866 4093 949 4155 lecit
966 4093 1147 4154 exercitia.
1172 4092 1337 4157 Confiteb

182 4213 216 4263 et
228 4201 419 4280 recipiebat
432 4200 710 4262 sacratissimam
720 4200 981 4261 Eucharistiam
990 4199 1138 4276 singulis
1148 4197 1337 4264 dominicis

182 4308 258 4369 bus.
276 4307 358 4369 Post
375 4325 476 4385 quae,
496 4308 529 4369 in
546 4306 739 4368 remedium
763 4307 902 4367 animae
919 4322 1016 4382 suae,
1033 4305 1269 4370 constitutum
1285 4318 1337 4371 est

183 4413 405 4491 Corduuam,
430 4415 577 4476 daturus
599 4413 644 4475 ibi
667 4430 811 4492 operam
827 4413 939 4474 literis
955 4413 990 4473 in
1006 4412 1163 4490 Collegio
1179 4423 1321 4492 nostr0,

182 4521 252 4584 iam
267 4521 458 4601 proiectus,
476 4521 604 4598 studct;
622 4521 775 4583 studium
792 4530 908 4581 autem
925 4529 1061 4580 tantum
1078 4519 1178 4582 abest
1193 4530 1234 4583 vt
1251 4533 1337 4588 ante

183 4629 318 4707 ligeret,
337 4639 374 4690 vt
391 4646 433 4690 nc
449 4627 573 4690 audire
588 4627 729 4707 quidem
747 4628 861 4688 vellet.
884 4625 964 4687 Fuit
980 4626 1082 4688 liuius
1104 4625 1247 4690 iuuenis
1268 4645 1337 4692 mut
