3210 5392
212 418 267 478 024
608 417 1060 485 errnnenoueonntnsrnss

214 564 329 642 quello
344 564 440 624 venti
452 572 486 625 et
501 563 578 625 sett’
594 563 695 625 oncie
716 563 750 625 d’
778 564 922 639 intrata,
948 575 984 626 et
1011 572 1184 642 perpetua
1207 559 1331 623 rendita
1342 560 1401 638 ogni

215 687 308 732 anno
325 669 368 732 da
385 686 550 748 pagarse:
567 688 612 731 va
628 669 662 731 di
677 670 755 732 ben'
774 671 809 732 in
824 671 957 748 meglio
974 686 1042 731 con
1056 678 1145 732 tutte
1161 670 1184 730 l’
1201 669 1286 731 altre
1298 666 1402 742 sorelle,

215 776 305 838 delle
319 777 414 855 quadi
429 777 554 839 alcune
576 794 666 856 poco
692 787 809 856 tempo
834 783 853 839 e
879 777 996 840 secero
1022 778 1055 838 13
1080 775 1145 839 101’
1173 773 1403 855 professioneet

217 901 421 963 prouocano
435 884 457 945 l’
475 883 555 945 altri
570 882 615 945 ad
625 884 780 946 imitarii.
798 883 997 946 Habbiamo
1014 885 1048 945 31
1062 891 1227 962 presente
1248 880 1339 944 diece
1350 895 1404 940 ver·

217 991 303 1069 gini‚
319 989 408 1052 delle
423 990 517 1069 quali
532 1007 618 1052 sono
633 992 758 1052 alcune
773 990 807 1053 di
823 990 916 1053 nobil
932 1006 1079 1068 sangue‚
1095 989 1162 1052 che
1182 987 1287 1051 fanno
1304 985 1407 1067 grande

217 1097 379 1158 instanza
394 1114 457 1175 per
472 1113 569 1158 esser
584 1097 753 1168 riceuute;
769 1098 946 1176 speriamo
972 1097 1029 1159 nel
1053 1094 1216 1174 Signore,
1239 1093 1292 1157 ch'
1316 1094 1408 1155 altune
1454 1106 1458 1157 1

219 1215 338 1282 presto
356 1221 393 1265 se
405 1204 650 1266 riceueranno.
1454 1160 1458 1225 1

281 1311 386 1374 Molte
398 1311 486 1372 altre
498 1328 581 1373 cose
592 1312 685 1373 lasso
696 1311 742 1373 da
755 1320 855 1390 parte
870 1312 936 1373 che
951 1309 986 1373 di
993 1312 1073 1373 ,1010
1088 1311 1118 1373 si
1130 1308 1339 1389 potrebbeno
1348 1306 1411 1376 dire,

221 1417 310 1480 delle
325 1419 430 1480 molte
446 1419 635 1481 elemosine
650 1417 716 1480 che
730 1434 768 1480 se
783 1435 897 1480 sonno
918 1417 1005 1481 fatte
1029 1436 1051 1480 a
1076 1417 1212 1497 poueri,
1238 1415 1274 1478 di
1288 1411 1411 1487 1110111113

221 1526 303 1604 qual
318 1542 403 1587 cosa
419 1525 616 1587 conueniua
631 1523 707 1586 dire
722 1524 757 1586 di
769 1523 889 1604 sopra)
904 1524 970 1587 che
985 1525 1087 1604 quasi
1100 1524 1270 1603 disperati
1287 1521 1366 1584 della
1376 1535 1411 1582 sa·

222 1634 293 1695 lute
308 1633 395 1708 loro,
420 1630 539 1693 uenuti
554 1631 614 1692 alli
639 1629 757 1709 Padri‚
783 1648 846 1710 per
868 1630 1092 1707 confessarsi,
1120 1631 1151 1692 si
1175 1646 1287 1693 sonno
1306 1624 1414 1706 dopola

223 1738 443 1801 consessione
458 1737 579 1817 partiti
591 1738 699 1799 molto
715 1739 900 1815 consolati,
916 1746 952 1800 et
965 1737 1092 1818 ripieni
1112 1737 1148 1798 di
1164 1751 1343 1815 speranza3
1361 1747 1413 1812 per·

223 1845 289 1908 che
300 1844 421 1907 dubito
436 1861 507 1906 non
521 1860 639 1907 essere
654 1854 779 1925 troppo
795 1846 958 1925 prolisso.
975 1842 1108 1923 Questo
1120 1843 1262 1923 dunque
1276 1842 1346 1904 solo
1360 1838 1415 1901 ditd

224 1951 366 2014 dinanzi
380 1950 446 2012 che
460 1959 569 2014 metta
584 1950 652 2014 fine
668 1952 736 2014 3113
752 1960 927 2030 presente,
943 1951 1009 2013 che
1030 1951 1113 2030 quel
1137 1966 1250 2027 more,
1276 1947 1327 2012 del
1339 1945 1414 2026 quale

224 2059 254 2120 si
268 2058 398 2120 scrisse
413 2058 655 2121 vitimamente
670 2059 799 2121 essersi
820 2057 1001 2135 battizato,
1025 2072 1130 2119 serue
1154 2072 1287 2119 ancora
1308 2051 1416 2116 nelcol·

225 2166 318 2243 legio
334 2182 401 2227 con
416 2165 511 2227 assai
526 2165 702 2244 diligenza
718 2175 810 2227 etna
837 2181 976 2244 sempre
1001 2163 1037 2226 in
1061 2162 1193 2242 meglio
1214 2162 1305 2225 nella
1318 2159 1366 2223 uia
1377 2155 1415 2218 dei

226 2271 377 2349 Signore
393 2289 460 2334 con
473 2270 604 2334 feruor’
621 2282 656 2333 et
670 2271 845 2335 desiderio
867 2281 978 2348 tanto,
999 2272 1065 2333 che
1087 2268 1181 2332 dona
1205 2267 1336 2348 grande
1347 2260 1416 2327 edid-

227 2379 378 2453 catione,
396 2396 465 2441 noo
480 2387 579 2441 tanto
594 2379 653 2441 3111
673 2379 857 2441 domestici
877 2395 935 2442 ma
962 2379 1083 2440 ancor'
1101 2377 1163 2440 3111
1186 2370 1363 2438 forastieri.
1374 2366 1415 2432 sia

227 2484 264 2547 di
274 2495 395 2564 queste
412 2494 446 2547 et
461 2484 505 2547 de
519 2464 607 2547 tutte
630 2487 651 2546 l’
668 2484 758 2547 altre
769 2501 852 2546 cose
880 2483 1095 2562 ringratiata
1113 2485 1149 2546 13
1164 2482 1284 2546 diuina
1304 2477 1416 2548 boanti,

228 2594 260 2655 ie
276 2594 379 2672 quale
408 2594 473 2656 s'e
502 2592 648 2670 dignata
674 2609 822 2671 operare
847 2609 911 2672 per
926 2593 1004 2655 suoi
1030 2591 1192 2654 uilissimi
1216 2579 1417 2653 instrumenti,

229 2699 334 2761 dond'
352 2699 436 2778 ogni
447 2716 531 2761 cosa
546 2698 661 2762 buona
677 2699 842 2778 procede,
861 2715 963 2761 corne
986 2698 1019 2760 d'
1034 2715 1081 2761 un
1100 2696 1320 2760 indeficiente
1337 2691 1416 2756 fonte.

230 2807 299 2869 3113
315 2807 418 2885 quale
432 2805 486 2868 sia
502 2805 584 2868 data
599 2807 633 2868 13
647 2805 762 2884 gloria
777 2816 811 2868 et
825 2806 960 2868 honore
976 2805 1011 2867 in
1027 2804 1111 2883 ogni
1126 2813 1256 2884 tempo.
1272 2801 1379 2865 Amen.

291 2911 420 2991 Queste
435 2929 547 2974 sonno
563 2913 594 2974 le
610 2929 692 2975 cose
704 2913 758 2975 ch'
774 2914 807 2975 al
819 2921 982 2992 presente
998 2912 1030 2974 ci
1041 2913 1127 2981 son’,
1137 2927 1284 2973 occorse
1303 2900 1417 2971 scriuer'

231 3021 300 3081 3113
316 3019 356 3082 R.
373 3018 410 3081 P.
428 3017 473 3081 V.
490 3017 598 3081 Resta
619 3021 687 3082 alle
701 3037 763 3083 sue
788 3030 889 3083 sante
914 3017 1067 3082 orationi
1090 3027 1126 3081 et
1150 3014 1307 3080 sacrifitii
1325 3005 1417 3075 humil·

231 3136 347 3188 mente
362 3125 442 3188 tutti
461 3126 764 3203 raccomandarei,
792 3127 891 3190 accio
906 3143 969 3205 per
988 3126 1103 3205 quelle
1126 3123 1158 3186 si
1176 3122 1283 3202 degni
1305 3115 1418 3183 visitare

232 3242 356 3313 questa
375 3242 498 3294 nostra
514 3232 633 3310 digna,
657 3233 884 3296 mandandoli
907 3230 1062 3313 operarii
1086 3228 1280 3294 necessarii
1298 3221 1392 3306 quello
1404 3213 1419 3281 ¹.

233 3340 298 3401 che
313 3339 341 3401 s’
357 3340 402 3401 ha
417 3340 571 3419 degnato
587 3357 654 3402 con
669 3341 702 3402 la
718 3357 783 3403 sua
798 3340 916 3403 destra
931 3339 1105 3420 piantare.

293 3443 350 3507 Da
362 3444 534 3523 Palermo‚
552 3446 611 3509 alli
624 3445 644 3507 3
659 3447 693 3508 di
709 3444 906 3509 Settembre
936 3446 1021 3508 1555.

295 3550 398 3614 Deila
412 3551 490 3615 R.da
506 3551 544 3614 P.
562 3551 605 3614 V.
622 3552 775 3631 indegno
791 3553 825 3615 in
841 3552 949 3616 Giesu
964 3552 1106 3616 Christo
1124 3549 1279 3630 figliuolo
1302 3555 1333 3608 et
1343 3548 1418 3604 seru⁰

235 3660 369 3738 inutile,

928 3767 1078 3830 Ancrsro
1100 3765 1296 3828 Parmenio.

298 3984 563 4065 Superscriptio
588 3987 626 4047 z'n
651 3990 783 4064 quarta
804 3984 946 4062 pagina
959 3999 971 4043 .·
995 3984 1016 4054 †
1040 3981 1087 4043 Al
1108 3979 1217 4042 Molto
1242 3972 1314 4038 R.⁶⁰
1330 3969 1358 4032 in
1375 3951 1421 4023 X·⁰

239 4093 292 4156 P.⁸
308 4094 331 4155 il
360 4093 414 4155 Ρ.ε
444 4093 547 4155 Mtro.
573 4091 711 4171 ignatio
733 4091 776 4153 de
800 4091 947 4170 Loyola,
975 4087 1160 4168 Preposito
1181 4079 1337 4163 generale
1355 4062 1420 4132 della

239 4202 459 4281 Compagnia
475 4199 511 4261 di
524 4199 620 4282 Jesu.

299 4308 472 4372 ARoma.
1160 4360 1162 4364 ,
1414 4375 1418 4384 Ι

300 4415 384 4478 Alia
409 4432 533 4476 manu:
561 4413 647 4475 1555.
676 4411 848 4474 Palermo.
875 4407 1133 4488 Quadrimestri
1160 4400 1294 4482 uolgari
1320 4377 1420 4458 di3d¹

240 4523 446 4587 Settembre.

282 4658 289 4688 ¹
319 4656 369 4707 Sic,
381 4663 408 4699 at
420 4654 511 4698 desunt
522 4654 640 4697 fortassis
654 4655 736 4697 verbn
745 4659 795 4706 per
803 4661 964 4695 conservare
976 4650 1069 4702 quello,
1080 4655 1125 4690 nat
1136 4645 1197 4701 quid
1206 4642 1292 4688 simite.
