3210 5392
670 1200 912 1286 CCXCVII

220 1568 396 1643 josephus
409 1569 451 1629 de
464 1568 589 1629 Acosta

259 1664 354 1724 Patri
368 1665 498 1740 ignatio
511 1667 553 1726 de
567 1666 705 1741 Loyola.

295 1763 492 1839 Methymna
507 1763 636 1839 Campi,
650 1765 684 1825 31
699 1765 778 1840 Maji
792 1765 885 1840 [1554]
900 1767 919 1825 ¹.

764 2077 839 2143 IHS

228 2395 434 2459 Admodum
448 2395 528 2459 R.de
542 2397 578 2459 in
590 2395 731 2461 Christo
744 2397 859 2461 Pater.

227 2500 355 2566 Gratia
376 2514 411 2565 et
430 2521 502 2583 pax
522 2503 654 2567 Christi
672 2505 758 2586 Jesu
772 2503 916 2567 Domini
937 2506 1051 2569 nostri
1071 2502 1299 2568 Patemitatis
1320 2512 1403 2568 tuae

161 2609 276 2672 menti
292 2609 384 2672 adsit
398 2621 433 2672 et
447 2610 613 2674 illabatur
628 2629 779 2691 semper.
1176 2601 1180 2608 ’

226 2715 495 2789 Beneficiorum,
513 2735 604 2796 quae
617 2719 653 2780 in
668 2735 732 2781 nos
745 2717 755 2748 ¹
770 2718 869 2783 Deus
884 2717 965 2800 Opt.
982 2718 1228 2798 Maximusque
1240 2717 1404 2781 conferre

161 2823 333 2902 dignatus
349 2835 413 2899 est,
432 2823 627 2887 iniunctam
644 2826 954 2906 commissamque,
976 2826 1081 2890 Pater
1097 2825 1330 2904 obseruanda,
1347 2843 1402 2889 ra-

81 2964 85 2969 ·
160 2931 299 2992 tionem
319 2931 455 3010 accipe.
477 2930 595 3010 Atque
615 2931 700 2993 illud
719 2932 756 2994 in
775 2933 890 3011 primo
913 2932 1032 2995 limine
1053 2933 1196 2995 obuium
1220 2943 1283 3010 est,
1308 2932 1402 3012 quod

160 3053 303 3100 summa
318 3038 396 3117 ipsa
410 3036 592 3117 Maiestas,
606 3056 651 3100 ex
663 3038 826 3118 proximo
841 3039 992 3102 iubilaeo
1009 3057 1030 3101 a
1046 3037 1278 3101 Sanctissimo
1297 3038 1404 3101 Patre

162 3152 292 3205 nostro
308 3144 401 3224 Julio
416 3143 520 3208 tertio
534 3161 650 3224 nuper
664 3143 771 3223 edito,
792 3147 968 3225 praestitit
986 3146 1099 3208 nobis.
1121 3145 1153 3208 Is
1172 3146 1280 3224 igitur
1294 3143 1306 3175 ³
1321 3162 1402 3209 cum

160 3260 240 3312 tam
256 3249 512 3329 benignissima
535 3251 735 3330 clementia,
757 3268 864 3331 quam
887 3252 1160 3314 clementissima
1183 3252 1403 3330 benignitate

161 3354 336 3434 afflueret,
355 3357 445 3420 inter
460 3358 660 3437 complures
676 3357 776 3436 alios,
798 3359 858 3438 qui
873 3358 968 3421 domi
983 3366 1127 3422 nostrae
1148 3367 1229 3421 sunt
1248 3358 1403 3422 confessi

160 3462 209 3525 de
220 3463 389 3542 peccatis,
405 3463 474 3526 huc
491 3463 577 3527 adiit
593 3463 749 3543 quidam,
767 3464 825 3544 qui
839 3464 967 3544 viginti
983 3464 1137 3545 quinque
1153 3465 1282 3528 abhinc
1298 3467 1402 3529 annis

160 3586 209 3631 ne
226 3569 334 3631 semel
349 3569 489 3648 quidem
504 3568 690 3633 consessus
710 3577 775 3648 est3
800 3569 921 3633 itidem
940 3571 1000 3651 qui
1019 3571 1074 3632 bis
1094 3570 1312 3651 eReligione
1326 3571 1399 3637 sue·

161 3686 221 3738 rat
237 3691 414 3754 egressus;
436 3674 481 3738 ad
500 3676 589 3739 haec
607 3675 713 3752 idem,
730 3677 820 3756 proh
841 3676 952 3753 dolor,
975 3677 1203 3740 homicidium
1224 3688 1398 3757 patrarat:

162 3791 201 3845 at
216 3779 324 3844 Pater
338 3782 560 3862 omnipotens
575 3783 728 3847 hominis
749 3791 934 3863 tantopere
950 3784 1088 3863 agitare
1108 3801 1151 3846 ac
1166 3801 1310 3848 mouere
1325 3787 1399 3849 ani·

160 3905 261 3952 mum
277 3885 432 3970 [coepit],
448 3897 668 3970 tantumque,
689 3907 770 3953 cum
785 3889 917 3953 doloris
937 3899 1011 3954 turn
1027 3892 1134 3954 etiarn
1148 3891 1348 3954 deuotionis
1364 3901 1400 3955 et

192 4094 212 4125 ‘¹
243 4092 441 4147 Antemnae,
452 4092 549 4147 duplici
558 4092 629 4147 ioilo,
640 4104 683 4139 nn.
695 4094 733 4137 147
742 4100 769 4137 et
786 4093 833 4138 lte.
843 4093 1108 4138 Animadvertendum
1124 4106 1187 4138 vero
1197 4102 1237 4140 est
1248 4106 1358 4144 caenon
1374 4096 1401 4142 in

158 4163 294 4208 volumine
307 4163 413 4207 ibbiaed
423 4163 556 4218 sequentis
565 4165 627 4208 anui
637 4164 759 4220 reperiri.
773 4164 945 4209 Desideratur
960 4167 1021 4210 unul
1036 4166 1157 4221 scriptio,
1168 4167 1212 4210 sed
1231 4168 1401 4222 proculdubio

158 4245 232 4280 anno
243 4234 297 4279 1564
305 4240 365 4278 sunt
375 4235 555 4289 ascribendae,
565 4246 626 4280 nam
636 4236 662 4280 in
673 4237 725 4280 lllla
732 4236 763 4279 de
772 4237 856 4290 prima
867 4235 1077 4292 Congregntioue
1086 4238 1245 4282 Provincluli
1254 4238 1279 4282 S.
1288 4239 1310 4291 J.
1320 4240 1345 4283 ln
1356 4238 1400 4283 ffl-

157 4306 256 4363 apaula
265 4314 295 4351 ut
304 4307 336 4351 de
345 4317 375 4351 re
385 4307 502 4362 proxime
512 4308 605 4363 eiapaa
614 4307 643 4352 fit
653 4318 750 4352 aermo.
762 4308 828 4352 Vide
841 4307 954 4352 Ponnucr
964 4308 1119 4363 chronicon,
1130 4316 1149 4355 t.
1158 4321 1194 4365 lv,
1205 4322 1233 4356 n.
1245 4311 1292 4356 828.
1302 4311 1399 4356 Notan-

157 4379 223 4424 dum
233 4385 373 4434 praeterea
383 4378 432 4423 haa
442 4380 547 4424 litteras
557 4381 591 4424 ab
602 4380 767 4423 adolescente
779 4381 804 4423 1⁵
814 4392 940 4424 annorum
951 4388 977 4425 et
987 4382 1013 4425 ln
1023 4393 1069 4426 usu
1086 4383 1191 4437 linguae
1202 4384 1302 4428 latinae
1313 4384 1399 4428 tirone

157 4452 316 4495 lucubrum
326 4449 414 4504 inisse,
425 4451 492 4506 quod
501 4452 545 4495 vel
556 4462 587 4494 ex
599 4452 657 4505 ipsa
672 4452 726 4496 atili
742 4450 854 4506 ingenua
870 4452 1039 4506 simplicitate
1055 4453 1204 4509 mendisque
1220 4455 1401 4510 frequentibus

155 4519 469 4577 racileperaplclporeat.

199 4594 213 4624 ²
239 4588 271 4637 In
283 4602 333 4635 ms.
344 4592 414 4645 Quae
425 4593 450 4637 in
463 4603 508 4638 noa
519 4594 645 4640 beneficia
656 4595 725 4639 Deus
736 4601 785 4639 etc.

198 4663 213 4696 ⁸
241 4662 284 4707 Sc.
297 4661 518 4718 nuncopaltax.
