3210 5392
188 426 245 485 362
577 424 1033 489 Ltrrsnneeulnmuesrnas

251 571 518 651 superscriptio
532 570 571 632 in
585 569 721 631 doctina
731 574 839 632 sexta
851 569 1040 649 pagina.·†
1054 569 1097 632 Al
1110 587 1195 650 muy
1206 568 1286 632 R.‘¹⁰
1300 586 1314 632 e

189 679 304 744 Padre
318 680 350 743 el
365 677 402 741 P.
419 678 614 741 Francisco
630 674 746 754 Beria,
764 675 981 740 comissario
996 678 1142 755 general
1160 678 1205 739 de
1219 677 1254 739 la
1271 675 1314 740 C<

191 788 251 850 nia
265 786 309 850 de
323 786 419 869 Jesu,
436 802 479 847 en
495 784 650 864 Espalla.

250 892 336 957 Ah'a
350 910 474 956 ntanu:
489 890 543 954 De
557 889 762 954 Cohimbra.

242 1875 443 1934 Ambrosius
460 1876 639 1934 l‘ullicinus
730 1882 734 1889 ·

277 1973 369 2031 Patri
385 1974 511 2047 ignatio
526 1974 567 2031 de
582 1973 720 2046 Loyola.

331 2071 498 2141 Ferraria.
515 2071 550 2130 18
564 2072 691 2145 Aprilis
706 2073 776 2131 1555
789 2073 809 2127 ¹.

761 2306 836 2424 llis

243 2605 368 2670 Gratia
383 2616 417 2668 et
433 2621 504 2683 pax
515 2605 658 2669 Domini
674 2605 786 2667 nostri
799 2605 883 2686 Jesu
902 2603 1033 2668 Christi
1055 2605 1165 2667 corda
1180 2615 1305 2668 nostra

184 2730 249 2792 per
262 2713 391 2776 foueat.
408 2712 535 2775 Amen.

244 2818 354 2899 Quae,
372 2819 447 2882 Rfle
473 2821 508 2883 in
523 2819 665 2883 Christo
680 2818 797 2896 Pater,
814 2819 870 2881 his
885 2819 1201 2899 quadrimestribus
1216 2820 1314 2882 conti

182 2927 272 2990 haec
284 2936 375 2990 sunt.
388 2927 463 2989 Non
479 2927 617 2990 modice
629 2926 734 2989 Deum
746 2925 850 2988 Mtem
861 2939 1064 2988 nostrorum
1075 2925 1221 2988 Patrum
1237 2925 1314 2988 labe

183 3051 283 3098 usam
299 3035 413 3110 uideo,
429 3035 557 3114 quippe
570 3051 661 3114 quae
676 3034 727 3096 sic
743 3052 804 3096 eos
819 3032 1018 3096 exercuerit
1030 3042 1064 3094 et
1075 3042 1216 3094 exercet
1232 3034 1269 3094 in
1283 3050 1314 3094 c<

182 3142 355 3218 sionibuS,
391 3152 428 3203 ut
457 3142 517 3203 uix
548 3140 739 3220 aliquando
769 3150 920 3220 quatuor
949 3141 1114 3220 (quorum
1149 3149 1201 3201 est
1234 3157 1314 3202 nun

183 3249 337 3309 omnium
357 3248 542 3311 desideriis
567 3246 775 3310 satisfacere
795 3247 987 3326 potuerint3
1014 3258 1155 3324 praeter
1181 3246 1276 3308 enim
1302 3264 1314 3308 c

179 3354 306 3416 dianas
322 3357 572 3434 consessiones,
591 3356 690 3418 multi
710 3371 849 3434 quoque
875 3355 920 3416 ad
945 3370 1008 3415 eos
1028 3353 1247 3432 confugiunt,
1267 3371 1314 3433 qu

181 3462 337 3524 storibus
352 3463 525 3525 contactis
538 3463 697 3542 repertis
712 3462 756 3524 ab
769 3461 1026 3525 insatiabilibus
1038 3463 1129 3540 lupis
1141 3462 1283 3538 agitati,
1297 3480 1314 3522 e

180 3568 239 3642 d0‚
256 3576 424 3648 tanquam
436 3568 481 3631 ad
497 3570 589 3631 ouile
609 3568 834 3645 diuertentes,
852 3570 998 3630 comiter
1024 3567 1068 3629 ad
1094 3577 1256 3628 sanctam
1280 3585 1314 3629 c<

181 3676 317 3737 sionem
329 3684 362 3737 et
376 3675 520 3739 Domini
536 3692 684 3738 coenam
699 3676 938 3754 accipiuntur;
965 3682 999 3736 et
1024 3675 1073 3736 illi
1100 3690 1169 3734 non
1195 3672 1315 3736 medio

181 3780 335 3843 fructum
364 3784 438 3845 suis
462 3783 648 3845 animabus
670 3781 831 3845 afferunt.
862 3781 951 3844 Nam
978 3781 1027 3843 illi
1056 3798 1126 3842 non
1142 3780 1248 3842 semel
1278 3791 1314 3843 ta

180 3888 342 3951 confiteri
357 3906 585 3965 consueuere‚
606 3890 668 3951 sed
682 3890 814 3969 pluries
841 3888 933 3952 idem
959 3897 1222 3950 sacramentum
1251 3887 1314 3949 fret

181 4004 268 4058 tare.
285 3995 451 4058 Nonnulli
466 3997 573 4059 etiam
588 4004 670 4057 sunt
685 3997 848 4072 confessi,
866 3996 937 4075 qui,
954 3995 1036 4057 dum
1049 3995 1248 4056 animarum
1266 4011 1309 4056 su

180 4104 330 4164 salutem
342 4103 511 4180 sitientes
529 4103 766 4182 poenitentiae
781 4102 863 4164 uino
880 4102 1046 4163 inebriari
1062 4111 1243 4180 expetunt,
1267 4100 1314 4163 ad

182 4209 362 4271 ministros
377 4228 415 4271 se
430 4212 663 4287 conserentes,
694 4210 835 4286 (nesasl)
855 4211 1033 4287 repulsam
1057 4208 1235 4288 accipiunt
1255 4225 1314 4271 ne(

180 4332 337 4394 unquam
351 4327 455 4396 pacto
472 4318 519 4380 illi
545 4317 677 4394 (nescio
693 4335 738 4379 an
753 4334 889 4379 ueneno
910 4317 1031 4378 inlecti
1053 4315 1208 4393 uipereo)
1229 4333 1314 4395 poer

182 4497 218 4504 ——
236 4498 392 4505 .--..---

221 4594 228 4625 ¹
259 4595 455 4649 Autographae.
468 4595 562 4650 duplici
573 4597 599 4638 ln
610 4595 680 4647 lolio.
691 4595 774 4648 primo
789 4605 812 4638 n.
824 4594 871 4645 155,
883 4596 977 4644 altero,
990 4594 1062 4648 culus
1079 4594 1151 4647 prior
1160 4587 1257 4646 pagina
1268 4593 1314 4635 niti

182 4678 232 4710 non
243 4672 386 4710 numerato.
