3210 5392
724 471 786 528 Au.
804 470 873 528 1555
1351 472 1406 527 7¹53

176 620 334 698 >generali
350 619 569 682 confessione
584 634 727 680 suorum
744 617 942 690 criminum,
957 616 1046 677 adeo
1059 615 1125 678 Dei
1139 635 1258 679 amore
1271 617 1335 680 suit
1348 635 1402 680 ac·

180 744 295 804 censa,
313 738 351 788 ut
366 744 436 788 non
453 727 565 788 solum
581 725 635 786 bis
651 733 712 786 aut
731 733 784 785 ter
805 723 841 785 in
862 722 1083 786 hebdomada
1107 724 1277 787 fateretur
1297 736 1332 786 et
1351 743 1404 788 sa-

181 843 406 896 crosanctum
429 831 571 895 Domini
594 832 677 913 Jesu
703 830 835 893 Christi
861 828 999 909 Corpus
1023 832 1131 893 semel
1146 842 1316 911 sumeret,
1343 834 1403 894 sed

181 941 286 1002 etiam
308 939 466 1002 decreuit
488 956 509 1000 a
532 938 755 1001 matrimonio
780 937 970 1011 abstinere,
994 937 1074 999 licet
1096 936 1235 1000 dotibus
1257 949 1406 1018 naturae

181 1045 439 1127 quodammodo
454 1045 633 1108 uideretur
647 1043 788 1123 impelli,
805 1054 839 1105 et
854 1042 996 1122 aliquod
1019 1045 1271 1108 monasterium
1293 1046 1406 1124 ingre·

181 1155 225 1223 di.
251 1154 282 1216 si
301 1152 378 1216 fieri
397 1164 528 1233 posset,
550 1151 747 1214 seruandae
767 1150 942 1213 castitatis
962 1167 1082 1229 causa;
1110 1151 1204 1230 quod
1230 1170 1311 1215 cum
1336 1169 1407 1214 non

182 1273 254 1323 tam
269 1261 340 1323 cito
355 1259 431 1322 fieri
445 1259 575 1339 possit,
596 1274 851 1338 saepenumero
872 1274 953 1320 cum
972 1257 1069 1321 Patri
1089 1258 1235 1321 dixisset
1258 1275 1296 1322 se
1319 1260 1408 1321 uelle

182 1383 314 1431 vouere
339 1366 417 1429 Deo
443 1382 546 1428 suum
571 1365 697 1427 viuens
722 1380 850 1442 corpus
875 1365 911 1426 in
936 1365 1111 1441 castitate,
1137 1375 1409 1446 propterquam

183 1491 331 1538 causam
345 1482 450 1551 rogat
465 1471 606 1534 Patrem
622 1481 659 1533 ut
674 1471 766 1533 diem
783 1471 956 1550 assignet,
974 1489 1043 1550 quo
1063 1473 1174 1550 possit
1195 1489 1297 1535 suum
1319 1473 1405 1535 desi·

178 1581 318 1644 derium
334 1579 538 1660 adimplere;
556 1579 614 1641 illa
630 1579 723 1640 enim
738 1578 787 1640 nil
801 1594 866 1641 suo
878 1577 1007 1640 iudicio
1020 1580 1094 1641 vult
1110 1579 1193 1659 quid
1204 1579 1333 1658 sacere;
1348 1579 1409 1643 Pa·

186 1699 237 1752 ter
252 1687 375 1750 laudat
390 1687 622 1768 propositum,
640 1686 682 1747 de
698 1684 754 1748 die
769 1695 888 1746 autem
908 1685 995 1747 nihil
1015 1685 1114 1762 dicit,
1136 1695 1175 1749 ut
1190 1687 1248 1749 illa
1269 1686 1410 1766 quando

183 1795 267 1858 uelit
282 1794 402 1867 saciat,
419 1794 513 1874 quod
527 1792 646 1855 facere
662 1802 846 1870 tantopere
859 1790 1046 1855 desiderat.

244 1901 335 1964 Cum
349 1900 419 1963 alia
435 1900 560 1962 mulier
579 1899 685 1961 uidua
706 1898 958 1961 continentiam
980 1899 1015 1961 in
1034 1898 1173 1962 foedam
1193 1899 1408 1963 incontinen-

184 2009 270 2072 tiam
286 2015 539 2070 commutasset
554 2005 820 2086 quatuordecim
836 2021 1009 2069 annorum
1024 2007 1157 2085 spatio,
1175 2006 1317 2070 tandem
1339 2006 1408 2070 Do·

185 2115 279 2178 mino
304 2114 510 2193 inspirante,
537 2112 726 2175 admodum
751 2111 975 2174 desiderabat
999 2114 1186 2192 quemdam
1207 2123 1410 2177 nostrorum

185 2231 325 2302 patrum
341 2221 543 2296 conuenire,
560 2236 663 2297 quem
679 2219 820 2281 uidebat
839 2221 1028 2281 multorum
1049 2231 1196 2299 peccata
1217 2222 1408 2288 laxantem

184 2329 280 2409 quod
295 2344 377 2391 cum
392 2326 522 2389 factum
540 2325 663 2387 suisset
678 2325 904 2405 audissetque
919 2344 939 2387 a
956 2325 1060 2389 Patre
1081 2328 1117 2389 in
1139 2345 1244 2407 quam
1265 2329 1411 2407 ancipiti

183 2436 341 2516 periculo
358 2450 414 2496 res
430 2450 515 2495 suae
530 2443 769 2508 uersarentur,
786 2433 942 2495 decreuit
956 2433 1169 2512 generaliter
1183 2443 1332 2515 peccata
1347 2452 1410 2497 suu

185 2542 303 2616 sateri;
327 2541 456 2620 inqua
481 2538 701 2602 consessione
725 2539 813 2601 adeo
839 2540 933 2602 uitae
959 2551 1144 2603 anteactae
1167 2542 1349 2620 poenituit,
1372 2555 1411 2603 ut

184 2649 329 2713 omnino
346 2647 432 2709 vitia
444 2647 480 2709 in
491 2647 602 2709 bonos
611 2663 727 2708 mores
738 2644 935 2708 decreuerit
948 2660 1179 2719 commutare,
1197 2664 1411 2729 quamquam

186 2758 319 2821 acriter
334 2754 452 2816 carnis
474 2753 725 2816 tentationibus
740 2752 805 2815 suit
819 2764 903 2815 tunc
924 2755 1094 2833 temporis
1117 2754 1257 2831 afflicta,
1280 2764 1314 2817 et
1336 2772 1413 2834 pro-

186 2873 266 2942 pter
282 2862 466 2925 honestam
483 2859 634 2922 sormam
648 2859 915 2937 sollicitabatur;
932 2859 990 2922 diu
1006 2872 1124 2922 tamen
1145 2861 1181 2922 in
1197 2860 1264 2923 hoc
1287 2878 1412 2941 propo-

180 2970 253 3033 sito
270 2983 492 3047 permanens,
509 2964 598 3028 adeo
615 2983 652 3027 se
668 2982 688 3026 a
704 2965 829 3044 quouis
845 2977 993 3045 peccato
1006 2966 1184 3042 abstinuit,
1200 2979 1237 3029 ut
1253 2984 1316 3046 pro
1330 2986 1412 3047 quo-

186 3074 537 3152 uisuenialipeccato
546 3071 845 3134 inconsolabiliter
857 3071 955 3134 fleret
968 3073 1051 3135 dum
1063 3073 1138 3134 eius
1149 3074 1412 3148 recordaretur,

182 3182 302 3246 donec
318 3179 410 3259 patri
426 3178 590 3259 aperiret:
607 3178 716 3256 igitur
731 3177 785 3240 bis
801 3188 862 3240 aut
876 3188 931 3240 ter
946 3179 981 3241 in
993 3178 1217 3242 hebdomada
1227 3179 1416 3243 confiteba-

187 3301 245 3353 tur
261 3296 296 3350 et
310 3285 540 3365 lachrymans
552 3284 836 3346 communionem
848 3283 1081 3362 desiderabat,
1096 3296 1130 3348 et
1142 3302 1162 3347 a
1175 3296 1276 3364 patre
1288 3284 1323 3348 id
1335 3303 1414 3349 con·

183 3395 270 3459 cedi
284 3393 515 3472 efflagitabat,
532 3408 638 3471 quam
652 3408 724 3454 non
739 3408 878 3470 semper
893 3392 926 3454 ei
941 3390 1168 3471 concedebat;
1186 3393 1222 3455 in
1237 3410 1306 3473 qua
1322 3394 1417 3457 vitae

186 3501 368 3583 probitate
382 3500 418 3561 in
433 3498 651 3561 continentia
667 3496 743 3560 Deo
758 3497 892 3560 seruire
908 3498 1076 3563 decreuit.

252 3603 437 3685 Quaedam
456 3604 526 3667 alia
547 3604 690 3682 mulier,
713 3621 793 3667 cum
817 3605 889 3667 iam
909 3616 1048 3684 tempus
1073 3600 1238 3684 pariundi
1258 3607 1416 3683 instaret,

184 3731 273 3778 cum
290 3710 446 3792 quodam
783 3709 792 3741 ¹
807 3709 967 3774 confiteri
984 3712 1104 3791 uoluit,
1121 3713 1181 3793 qui
1196 3731 1276 3777 cum
1291 3731 1419 3793 cogno·

190 3823 304 3886 visset
319 3835 399 3881 eam
414 3816 599 3880 inhoneste
615 3818 820 3897 concepisse
841 3828 876 3879 et
900 3835 971 3881 non
992 3819 1107 3881 minus
1129 3819 1349 3899 impudenter
1371 3822 1421 3883 vi·

191 3928 303 4002 icisse,
321 3927 371 3989 ita
385 3925 553 3988 miseram
567 3925 767 4003 perterruit,
786 3932 823 3986 ut
846 3925 889 3986 de
910 3942 973 3986 sua
994 3926 1210 4005 sempiterna
1229 3928 1342 3990 salute
1363 3930 1421 3990 ad·

189 4033 337 4097 modum
350 4030 539 4107 dubitaret;
555 4030 666 4093 noluit
681 4031 774 4092 enim
787 4047 866 4093 eam
879 4031 1074 4111 absoluere;
1088 4042 1332 4096 verumtamen
1344 4051 1422 4114 pro·

188 4142 362 4222 pinquam
376 4147 527 4200 mortem
542 4136 681 4214 timens,
699 4136 841 4200 Patrem
856 4148 1001 4201 nostrae
1016 4136 1206 4203 Societatis
1218 4142 1342 4203 uocari
1354 4142 1422 4203 ius·

182 4249 244 4311 sit:
262 4261 371 4327 quam
385 4243 577 4306 foeminam
592 4259 673 4305 cum
689 4243 738 4305 ita
755 4244 979 4323 desperatam
994 4244 1143 4324 videret,
1158 4246 1246 4309 adeo
1259 4264 1338 4309 eam
1350 4248 1423 4310 ani·

184 4352 313 4431 mavit,
330 4359 368 4414 ut
383 4350 582 4413 decreverit
598 4350 740 4411 omnino
756 4349 897 4412 Christo
914 4351 1052 4425 uiuere,
1075 4370 1145 4415 non
1171 4354 1426 4434 concupiscen-

180 4461 248 4527 tiis
262 4457 395 4534 carnis‚
413 4456 580 4519 deserens
595 4467 802 4529 amatorem,
820 4474 864 4519 ex
880 4474 949 4536 quo
961 4457 1113 4536 grauida
1126 4458 1221 4522 iacta
1236 4459 1313 4539 suit;
1330 4461 1426 4539 quod

234 4700 244 4732 ¹
274 4697 332 4742 Duo
341 4695 384 4741 blc
394 4695 478 4739 verba
487 4695 561 4738 lineis
570 4706 648 4749 super
656 4696 739 4739 ductis
750 4698 896 4740 cancellata
907 4704 974 4747 sunt,
987 4708 1033 4740 nec
1045 4699 1095 4752 legi
1109 4706 1224 4753 possunt.
