3210 5392
122 99 137 154 t
464 96 636 157 errsaan
655 115 925 167 Quapauursrans

110 251 232 305 atrum
259 240 267 272 ¹
294 242 545 306 consuetudine
566 261 650 306 usus
675 262 753 307 esse
768 245 917 324 uidetur,
939 263 1030 327 quae
1050 255 1085 309 et
1104 247 1262 310 virtutes
1281 256 1316 310 et

98 348 282 412 loctrinam
297 350 532 430 pulcherrime
552 351 673 430 spirat.

144 455 313 534 Profecti
323 475 404 520 sum
418 457 572 520 Romam
591 457 673 519 hinc
687 459 932 538 superioribus
952 460 1134 522 mensrbus
1155 465 1317 540 quatuor

82 564 255 640 germani
258 565 418 642 fratres,
438 571 477 628 ιιι
495 583 534 628 se
555 565 745 629 Socr'etatr's
767 566 934 629 instituto
956 564 1170 645 alligarent.
1195 566 1317 630 Faxr't

84 669 277 749 Dominus,
291 678 332 733 ιιι
347 672 384 733 sr'
395 673 650 746 admittantur,
662 679 736 736 tam
751 673 826 736 sr'nt
838 673 1053 754 pertinacem,
1067 690 1177 754 qrcam
1193 678 1239 736 ut
1253 674 1315 736 ad·

82 775 312 840 mitterentur
318 779 477 856 focerunt
492 779 642 842 solliciti
651 782 672 838 ³.
691 779 778 844 Sunt
793 781 853 860 qui
867 798 905 843 se
920 779 1090 844 diuinitus
1106 779 1248 843 moueri
1269 779 1317 843 ad

84 880 272 947 Societatis
292 902 420 948 nomen
441 887 604 964 sentiant,
626 886 669 949 de
688 888 816 968 quibus
835 905 898 950 suo
920 896 1079 967 tempore
1101 885 1244 967 plenius
1266 887 1317 950 in·

86 990 237 1070 telligeS,
254 998 288 1054 et
308 992 342 1054 in
362 992 494 1056 scholis
512 1009 649 1074 quoque
669 993 908 1056 certr'ssr'mum
929 994 972 1057 do
991 1011 1030 1057 se
1041 993 1192 1073 fratres
1203 1000 1316 1074 prae·

83 1096 164 1159 oent
178 1097 434 1177 testrinom'um,
448 1100 622 1181 siquidem
647 1111 680 1163 et
692 1086 837 1165 ¹morum
852 1102 1000 1181 pietate,
1023 1114 1057 1164 et
1077 1100 1244 1165 doctrina
1266 1101 1317 1163 iu·

84 1212 210 1267 uentus
225 1216 311 1281 tota,
328 1223 419 1286 quae
434 1207 533 1269 domi
545 1213 691 1270 nostrae
705 1208 787 1287 agit
802 1207 950 1287 ‘elucet
967 1218 1002 1272 et
1016 1207 1185 1285 omnium,
1203 1208 1316 1288 quiin

79 1310 269 1374 aduersam
283 1313 494 1378 sententiam
508 1313 657 1394 iuerant,
674 1317 797 1379 oculos
812 1315 1030 1396 perstringit,
1046 1332 1090 1378 ac
1104 1314 1211 1378 simul
1225 1312 1239 1345 ⁴
1254 1316 1316 1395 qui

82 1416 173 1481 filios
188 1419 439 1499 subduxerant,
456 1420 541 1484 facti
557 1423 671 1502 coepit
690 1422 880 1502 poenitere,
898 1433 933 1486 et
947 1421 1117 1502 paulatim
1137 1421 1317 1486 reducunt

83 1541 126 1588 ac
140 1526 323 1589 conciliari
337 1528 496 1591 nituntur
511 1526 533 1588 ⁸.
551 1529 600 1591 Et
610 1546 697 1591 sane
711 1528 831 1591 visum
845 1535 898 1592 est
913 1529 988 1592 Deo
1004 1527 1137 1608 optimo
1149 1526 1316 1591 maximo

83 1632 150 1694 hac
164 1649 231 1696 nos
241 1633 403 1713 procella
417 1634 568 1715 erepere,
582 1641 621 1697 ιιι
636 1635 738 1698 nulla
753 1635 960 1699 dedocendi
976 1633 1139 1698 methodo
1161 1634 1201 1697 ιἰι
1222 1633 1316 1698 alte·

84 1756 163 1800 ram
174 1745 317 1819 partem
333 1742 462 1804 mentio
477 1743 620 1805 omnino
634 1743 712 1820 fiat.
832 1735 835 1742 ’

145 1845 319 1927 Dialogus
334 1865 355 1909 a
370 1848 553 1928 discipulis
567 1849 603 1911 in
618 1849 814 1912 studiorum
832 1848 989 1922 laudem,
1013 1863 1136 1911 coram
1157 1846 1263 1910 Rmo.
1278 1850 1314 1910 et

83 1950 204 2015 Illmo.
218 1951 406 2032 Prolegato
420 1951 443 2034 ⁶,
460 1965 586 2019 senatu
601 1966 635 2018 et
650 1955 935 2036 frequentissima
949 1954 1081 2018 ciuium
1093 1969 1243 2033 corona,
1256 1970 1316 2017 ca·

83 2059 196 2122 lendis
211 2058 419 2123 Nouembris
435 2062 612 2125 exhibitus
626 2071 690 2125 est.
707 2062 837 2126 Habita
856 2070 910 2124 est
925 2061 1039 2124 oratio
1054 2059 1216 2123 eiusdem
1229 2075 1315 2141 pro·

85 2166 272 2248 pemodum
293 2169 503 2247 argumenti.
528 2167 631 2247 Quod
646 2168 690 2232 ad
711 2169 820 2232 diuini
839 2168 991 2231 nominis
1010 2165 1163 2245 gloriam
1187 2165 1313 2245 fuisse,

83 2290 270 2336 successus
291 2291 378 2337 sane
398 2275 644 2338 foelicissimus
663 2283 813 2339 testatus
832 2283 895 2338 est.
916 2273 1035 2354 Atque
1059 2270 1187 2337 deinde
1215 2271 1314 2337 hunc

84 2397 218 2443 morem
233 2379 343 2443 ferme
358 2381 640 2459 obseruauimus,
658 2392 695 2444 ut
710 2381 962 2461 discipulorum
977 2378 1103 2461 aliquis
1117 2376 1314 2443 identidem

83 2487 118 2550 in
143 2489 273 2567 templo
298 2498 418 2552 nostro
440 2488 667 2565 declamaret,
693 2505 764 2551 non
786 2488 918 2567 absque
943 2485 1186 2568 professorum
1206 2486 1315 2549 huius

82 2593 300 2658 Academiae
320 2595 565 2658 admiratione.
592 2594 655 2658 Est
675 2605 793 2658 autem
812 2595 904 2658 inter
925 2594 1136 2674 praecipuos
1161 2591 1313 2673 quidam

83 2701 138 2763 uir
158 2701 393 2781 grauissimae
415 2702 508 2781 apud
534 2718 655 2764 omnes
674 2700 769 2777 fidei,
797 2701 867 2780 qui,
891 2717 972 2764 cum
993 2698 1036 2762 de
1054 2697 1235 2763 Societate
1255 2716 1316 2762 co·

83 2826 159 2871 ram
179 2810 290 2870 multa
312 2809 469 2886 dixisset,
491 2808 607 2871 fassus
626 2816 679 2870 est
699 2824 738 2870 se
760 2806 934 2887 gratulari
950 2805 1102 2883 Patriae,
1119 2802 1216 2885 quod
1236 2815 1316 2869 tam

83 2925 227 2977 strenua
243 2912 432 2977 Societatis
447 2933 554 2994 opera
569 2917 765 2977 excolatur.

152 3021 279 3082 Verum
295 3039 337 3082 ae
352 3037 441 3099 qrrae
455 3020 611 3082 rrraxr'me
625 3001 824 3098 desideras,
837 3020 1041 3099 importune
1057 3017 1254 3096 differam,
1268 3019 1315 3082 de

80 3133 231 3208 patrum
247 3127 257 3156 ¹
273 3127 442 3189 exercitio
462 3145 504 3189 ac
525 3130 703 3205 palaestra
723 3127 845 3206 paucis
867 3143 984 3205 agam.
1010 3125 1077 3204 Qui
1098 3125 1165 3188 etsi
1185 3142 1317 3188 omnes

84 3233 209 3313 quouis
225 3233 297 3295 fere
319 3243 476 3313 tempore
492 3234 621 3296 diuinis
640 3233 745 3295 rebus
765 3233 952 3311 plurimum
974 3232 1150 3309 insudent,
1168 3234 1317 3295 concio·

84 3357 127 3402 ne
143 3340 318 3417 nimirum,
337 3339 439 3418 idque
454 3340 613 3418 pluribus
631 3341 665 3402 in
686 3340 784 3416 locis,
802 3339 1026 3416 lectionibus,
1043 3337 1201 3401 consiliis
1223 3339 1316 3402 dan·

83 3446 147 3523 dis,
166 3446 323 3524 aegrotis
338 3447 543 3508 inuisendis:
560 3447 658 3508 auxit
674 3455 791 3508 tamen
806 3457 841 3508 et
856 3446 995 3509 labores
1011 3454 1045 3508 et
1066 3444 1234 3509 meritum
1257 3463 1318 3509 sa·

85 3600 134 3607 --.
141 3601 158 3606 --
171 3599 296 3607 .-----

124 3686 132 3717 ¹
162 3688 273 3731 fratrum
285 3694 445 3730 nostrorum.
457 3687 597 3731 Porrnucus.

122 3760 133 3791 ¹
162 3760 297 3811 Polancua,
315 3761 357 3813 qni
375 3761 439 3802 haec
455 3759 480 3802 ln
496 3757 659 3812 autographo
675 3758 841 3810 cancellavit,
857 3758 953 3800 nullam
969 3757 1060 3800 horum
1074 3757 1188 3802 fratrum
1204 3762 1318 3804 mentio·

84 3842 140 3874 nem
151 3832 238 3886 injecit
250 3833 273 3874 in
284 3843 330 3874 suo
342 3831 476 3881 Chronico,
485 3838 502 3873 t.
516 3843 539 3882 v,
551 3830 610 3873 dum
618 3830 648 3872 de
661 3828 893 3882 PerusinlCollegll
904 3829 980 3871 rebus
988 3828 1036 3871 hoc
1043 3839 1110 3872 anno
1117 3831 1315 3887 gestianeror.

124 3902 135 3933 ⁵
163 3904 328 3946 instituitur.
341 3902 485 3945 Pornscus.

122 3975 134 4007 ⁴
161 3976 236 4018 simul
247 3986 298 4018 eos.
312 3975 346 4021 ld.

123 4046 135 4078 ὅ
162 4047 288 4100 paulatim
299 4057 342 4088 eos
354 4047 486 4089 reducunt.
496 4057 526 4088 ac
538 4047 613 4088 nolus
623 4046 756 4088 conciliari
772 4047 898 4088 nituntur.
909 4043 945 4087 ld.

122 4115 134 4149 ⁶
162 4119 317 4172 Prolegatus
335 4119 434 4162 Porusii
446 4128 503 4162 crat
517 4120 604 4172 primis
615 4119 689 4170 hujus
705 4118 764 4160 anni
780 4118 910 4159 mensibus
925 4115 1068 4169 Episcopus
1083 4114 1249 4173 Cenetenslr,
1271 4119 1304 4163 Mi

83 4190 159 4234 chael
170 4192 200 4234 de
212 4192 237 4235 la
246 4176 333 4239 Turre:
343 4193 480 4245 postremis
495 4201 583 4234 autem
595 4189 695 4232 Marcus
712 4190 839 4231 Antonius
856 4188 990 4234 Oradlnus.
1005 4188 1048 4242 qui
1064 4188 1097 4230 ab
1108 4189 1183 4232 initio
1199 4190 1295 4247 colleg

85 4264 172 4307 fautor
182 4264 275 4307 fuerat.
288 4263 353 4307 Vide
366 4264 477 4307 Potascr
488 4264 590 4311 Clrron„
602 4271 620 4306 t.
633 4276 655 4304 v.
1015 4277 1017 4279 ·
1219 4266 1222 4271 ’

126 4336 136 4365 ⁷
165 4336 224 4379 Iam
236 4336 268 4379 de
276 4336 446 4379 sacerdotum
458 4336 590 4378 exercitio.
605 4335 744 4379 Pouaucus.
