3210 5392
734 412 798 471 ΑΝ.
821 414 890 472 1555
1373 414 1429 472 719

182 558 392 621 adueniens
407 567 482 620 tum
497 548 667 638 temporis
682 557 859 637 superior:
879 557 994 632 “Mihi
1017 559 1140 637 inquit,
1162 576 1233 621 non
1255 559 1422 639 loqueriS,

182 662 301 727 Pater
316 665 408 740 mii,
427 674 463 726 at
478 678 563 726 uero
578 664 636 727 ille
651 663 832 756 respondit
848 664 897 726 ita
912 667 1013 727 vultu
1034 681 1160 727 sereno
1180 675 1219 728 vt
1239 665 1325 727 nihil
1344 682 1425 746 pas·

184 788 274 834 sum
289 770 454 847 dixisses,
470 770 590 849 inquo
606 779 640 833 et
656 770 767 832 donec
781 771 954 850 receperit
970 768 1222 834 Sanctissimae
1236 770 1424 836 Unctionis

191 890 460 941 sacramentum
475 876 625 940 feliciter
646 877 808 957 perstitit.
833 877 1012 957 Exequiae
1027 877 1059 940 ei
1074 888 1107 940 et
1122 876 1309 953 sacrificia,
1326 877 1424 941 sune·

187 984 342 1064 briaque
358 984 450 1047 iusta
466 983 533 1047 rite
548 993 629 1046 sunt
645 984 838 1063 persoluta,
855 987 958 1064 prout
973 985 1096 1064 etipse
1111 985 1299 1064 praecipis,
1316 995 1350 1048 et
1366 984 1423 1049 de·

186 1090 287 1154 bitus
304 1108 406 1155 amor
421 1090 622 1170 postulabat
637 1107 679 1152 ac
694 1090 818 1170 pietas

254 1196 354 1276 Quae
370 1197 416 1260 ad
431 1195 476 1259 D.
493 1196 612 1260 Lucae
628 1196 720 1259 diem
736 1214 800 1277 pro
815 1196 942 1260 rostris
956 1195 1078 1260 habita
1093 1207 1146 1260 est
1160 1199 1284 1275 orati0,
1311 1199 1423 1262 scien·

186 1304 324 1368 tiarum
352 1305 508 1367 omnium
537 1302 699 1366 laudibus
728 1312 943 1384 prosequuta
971 1313 1024 1367 est
1052 1304 1227 1367 instituta:
1261 1305 1420 1369 virorum

190 1427 386 1475 consessus
401 1410 500 1475 affuit
515 1419 549 1473 et
564 1410 729 1490 frequens
748 1421 784 1473 et
803 1411 966 1474 illustris:
985 1427 1028 1473 ea
1048 1428 1106 1473 res
1118 1411 1272 1474 maxime
1286 1412 1420 1492 placuit

190 1518 342 1582 cunctis.
372 1517 428 1581 Ex
456 1517 550 1580 villis
576 1515 840 1597 confinibusque
865 1516 953 1579 locis
977 1516 1024 1579 ad
1046 1534 1141 1580 noua
1160 1517 1249 1581 haec
1269 1518 1419 1598 collegia

192 1623 401 1687 iamdudum
416 1623 584 1686 aduenire
599 1632 804 1703 coeperunt.
820 1620 909 1686 Sunt
924 1622 1031 1701 igitur
1053 1623 1256 1687 scholastici
1277 1635 1419 1688 centum

192 1729 335 1794 circiter
350 1740 385 1792 et
406 1729 569 1809 triginta:
591 1738 665 1793 tum
686 1729 797 1793 literis
818 1739 853 1793 et
868 1729 1027 1793 moribus
1043 1732 1149 1808 longe
1167 1732 1307 1812 lateque
1321 1741 1418 1811 patet

190 1836 273 1899 boni
289 1837 556 1899 incrementum.

251 1941 420 2006 Solebant
445 1943 574 2023 quippe
594 1942 684 2005 festo
704 1940 739 2006 S.
760 1941 898 2006 Nicolai
920 1960 965 2006 ex
989 1943 1040 2005 eis
1065 1943 1270 2024 episcopum
1291 1961 1416 2008 vnum·
1507 2006 1512 2026 ,

190 2048 379 2130 quemlibet
395 2049 584 2129 quotannis
598 2047 744 2128 fingere,
760 2049 928 2129 quocirca
943 2049 1036 2112 mille
1051 2048 1280 2114 adstruebant
1295 2051 1417 2130 nequi·

189 2156 268 2220 tias:
286 2156 437 2219 abusum
450 2138 543 2219 hunc
555 2156 764 2235 expulimus,
778 2171 840 2219 eos
851 2153 920 2219 huc
933 2157 1046 2219 cereis
1058 2157 1215 2221 candelis
1225 2158 1415 2221 conuenire

188 2262 360 2326 facientes
377 2261 421 2325 ad
441 2279 517 2325 rem
539 2278 679 2325 sacram
699 2278 894 2343 precesque
915 2264 1147 2344 uespertinas,
1170 2264 1230 2327 ubi
1251 2264 1287 2327 in
1308 2264 1416 2328 hono·

185 2386 262 2433 rem
277 2367 401 2433 Sancti
416 2363 576 2432 carmina
592 2369 727 2449 aliquot
742 2378 823 2432 sunt
837 2369 1000 2433 recitata.

245 2474 359 2539 Porro
376 2476 481 2538 simili
496 2476 634 2538 ratione
648 2484 793 2555 propter
807 2474 936 2539 festum
950 2476 1087 2540 Natalis
1102 2475 1234 2539 Christi
1245 2494 1352 2540 versu
1364 2479 1417 2542 eis

189 2583 389 2664 composuit
404 2582 640 2662 instruxitque
655 2599 746 2645 vnus
762 2600 808 2645 ex
821 2582 1111 2663 praeceptoribus
1130 2583 1349 2647 comoediam
1371 2585 1413 2647 de

186 2687 385 2754 saluatoris
400 2699 490 2766 ortu,
508 2704 599 2768 quae
617 2688 706 2752 adeo
727 2690 873 2768 elegans
895 2688 1010 2751 extitit
1033 2706 1075 2750 ac
1097 2688 1236 2752 deuota.
1259 2688 1413 2753 Tantum

185 2796 240 2860 his
254 2806 360 2876 atque
375 2795 411 2858 id
425 2811 539 2874 genus
555 2795 681 2858 studiis
696 2795 862 2859 iuuentus
875 2806 1086 2876 prouentum
1101 2795 1198 2858 facit.

243 2901 369 2983 Populi
385 2913 504 2965 autem
519 2912 675 2979 senatus
692 2902 753 2982 qui
766 2901 869 2965 nobis
891 2901 1042 2964 antehac
1061 2903 1221 2980 grauiter
1243 2901 1412 2966 aduersa—

182 3008 298 3088 batur,
316 3008 461 3072 tandem
475 3009 512 3071 vi
529 3006 536 3038 ¹
552 3009 605 3071 rei
620 3008 724 3072 huius
740 3007 775 3070 in
790 3007 886 3071 uiam
901 3007 1009 3072 redit:
1022 3025 1116 3086 nam,
1132 3008 1221 3071 nihil
1234 3007 1337 3071 nobis
1349 3027 1408 3090 pe·

182 3116 354 3193 tentibuS,
371 3115 480 3179 tritici
496 3115 729 3196 quantitatem
748 3131 819 3177 non
842 3114 1055 3177 mediocrem
1072 3111 1131 3195 [in]
1148 3115 1410 3195 eleemosynam

182 3231 235 3286 est
248 3223 433 3302 elargitus.
578 3207 581 3215 ’

240 3329 441 3396 Conciones
456 3330 579 3392 solitas
593 3328 716 3391 habuit
732 3328 905 3391 hactenus
918 3328 1028 3390 multa
1038 3344 1118 3391 cum
1130 3329 1327 3410 frequentia
1339 3330 1408 3392 die·

179 3437 245 3500 bus
260 3435 362 3499 lestis
377 3454 419 3499 ac
431 3434 628 3499 Dominicis
639 3435 743 3498 Pater
758 3433 888 3498 Sancta
901 3434 995 3498 Cruz
1005 3433 1098 3515 apud
1110 3452 1193 3498 nos:
1206 3436 1289 3516 quin
1301 3437 1409 3500 etiam

179 3542 348 3607 nundinis
361 3542 439 3605 istis
453 3560 517 3622 pro
533 3541 749 3621 trapeziticis
763 3541 895 3604 mensis
910 3541 964 3605 bis
979 3541 1210 3605 concionatus
1225 3552 1290 3621 est;
1303 3560 1407 3623 quem

178 3666 260 3712 cum
280 3650 389 3712 semel
413 3648 600 3728 praediues
625 3647 769 3729 quidam
790 3657 967 3711 mercator
989 3647 1157 3726 audisset,
1180 3647 1408 3713 facultatibus

178 3756 344 3819 omnibus
369 3756 545 3834 extemplo
570 3755 721 3832 reiectis,
748 3755 784 3816 in
809 3753 965 3817 Montem
990 3764 1166 3818 serratum
1189 3755 1238 3832 (ut
1262 3758 1407 3830 uocant)

176 3862 375 3926 monachus
391 3861 438 3924 ibi
453 3861 592 3924 futurus
607 3878 684 3924 sese
700 3861 843 3941 recepit.

236 3969 480 4049 Hieronymus
494 3969 538 4031 de
550 3968 696 4046 Acosta,
709 3967 823 4030 maior
834 3977 920 4031 natu
932 3967 1101 4030 iratribus
1112 3977 1265 4048 quatuor
1276 3967 1334 4032 hic
1346 3969 1405 4032 ad·

175 4076 351 4140 missiset
374 4075 444 4139 iam
466 4074 665 4138 obedientia
688 4073 868 4154 dispersis,
891 4083 1013 4137 nostra
1035 4075 1207 4137 exercitia
1231 4074 1281 4152 (vt
1303 4074 1348 4137 ad
1370 4086 1407 4138 te

174 4183 339 4262 longiore
361 4182 461 4245 titulo
483 4181 643 4261 proxime
664 4180 885 4261 scripsimus)
906 4181 1074 4261 capessit;
1095 4198 1189 4244 nunc
1204 4181 1323 4262 itaque
1338 4198 1404 4244 sua

173 4289 367 4353 vocatione
382 4289 485 4352 enixe
500 4298 648 4368 perstat,
665 4287 747 4350 licet
759 4304 852 4350 nunc
864 4287 1034 4367 temporis
1045 4287 1150 4349 valde
1162 4297 1354 4369 occupetur
1367 4290 1403 4352 in

172 4397 227 4476 iis,
249 4396 376 4477 quibus
391 4405 444 4458 est
460 4394 645 4473 obnoxius,
663 4394 801 4474 penitus
816 4394 1052 4458 absoluendis.

212 4571 221 4603 ¹
254 4568 327 4613 Rasa
337 4568 379 4612 bic
391 4567 494 4618 charta,
506 4572 607 4610 tuntum
617 4567 722 4610 litterae
732 4566 862 4620 particula
879 4566 1048 4621 conspicitur,
1066 4567 1110 4611 sed
1126 4579 1172 4611 nec
1183 4569 1254 4612 locus
1265 4572 1303 4612 eat
1314 4568 1362 4612 nisi
1373 4571 1403 4612 vr·

172 4647 218 4687 aut
230 4641 276 4686 ulli
287 4639 374 4685 simili.
