3240 5386
191 356 245 415 468
568 355 742 414 errsaas
761 369 1034 424 ouaonrlrssrans

191 501 320 564 stantia
332 511 474 564 strenue
485 501 653 581 fungitur,
667 501 826 565 studiosa
841 501 1015 564 industria
1030 517 1093 563 suo
1107 500 1247 563 muneri
1260 499 1363 562 intent
1369 429 1457 541 Vb

190 608 235 670 ad
247 608 488 688 promouenda
503 607 689 672 Societatis
704 609 858 688 negotia,
876 619 981 689 atque
1000 607 1149 687 Collegii
1163 606 1321 671 iacienda
1331 604 1356 668 iu
1366 534 1460 669 f:

189 715 367 792 damenta,
382 712 705 791 Sacramentorum‚
719 723 792 777 tum
805 714 1132 787 consessionis,tum
1144 690 1422 778 communionifi

190 839 305 900 sacro,
328 831 362 884 et
386 822 499 885 sacris
519 831 554 884 et
575 820 742 901 profestis
764 821 901 898 diebuS,
924 839 1070 902 operam
1088 822 1180 885 dans
1206 755 1460 941 ministeristc

189 929 349 992 excubiis
374 930 410 991 in
436 929 581 991 aedibus
606 929 827 991 intirmorum
848 928 1054 1007 inuigilans,
1081 937 1272 1009 utramque
1299 936 1396 992 custo*
1441 994 1460 1028 Ι

189 1035 284 1097 diam
299 1035 488 1115 publicam,
506 1035 705 1098 vinctorum
718 1035 969 1098 consolationis
981 1034 1109 1113 studi0,
1126 1034 1361 1114 frequentans,
1370 1026 1431 1095 et,
1453 1030 1460 1039 ’

190 1141 225 1203 id
239 1158 353 1220 genus
368 1141 435 1221 piis
448 1142 729 1221 operibusanimi
742 1142 971 1221 corporisque
983 1141 1078 1204 vires
1090 1149 1185 1204 totas
1196 1141 1404 1221 impendens.
1432 1156 1451 1175 ‘

247 1248 463 1311 Vniuersum
479 1265 616 1328 quoque
631 1247 780 1310 fratrum
797 1248 995 1327 collegium,
1016 1259 1187 1327 paternae
1209 1257 1295 1312 tuae
1314 1265 1408 1328 expe·
1453 1251 1460 1263 ‘

189 1355 337 1418 ctationi
361 1355 591 1435 respondem,
615 1355 731 1417 studio
747 1355 903 1418 literario
919 1372 1074 1434 suaeque
1092 1355 1297 1419 vocationis
1317 1355 1409 1419 sedu-

187 1462 242 1524 lae
257 1462 429 1525 iunctioni
444 1462 597 1524 deditum
614 1472 677 1537 est,
692 1478 865 1542 prospera
876 1462 1079 1525 valetudine
1093 1462 1284 1526 indefessis
1298 1464 1411 1543 singu·

187 1571 301 1632 lorum
317 1570 496 1632 laboribus
516 1568 667 1631 fauente.
684 1568 810 1632 Frater
829 1577 949 1631 noster
968 1567 1122 1650 Jacobus
1143 1568 1328 1648 Morellus,
1345 1573 1416 1651 phi-

187 1675 389 1755 losophicae
404 1675 541 1755 periodi
555 1684 700 1755 peracto
713 1693 823 1755 prope
834 1675 1021 1749 curriculo,
1035 1675 1081 1739 ad
1091 1693 1197 1739 sacra
1213 1676 1416 1757 theologiae

186 1783 302 1845 studia
335 1783 545 1862 accingitur.
575 1779 655 1844 Duo
681 1782 941 1861 philosophiae,
969 1783 1106 1861 logicae
1136 1792 1247 1864 atque
1280 1784 1419 1848 ethicae

187 1906 333 1966 operam
347 1899 496 1952 nauant:
515 1889 639 1970 reliqui
654 1890 876 1969 eloquentiae
890 1889 1021 1952 latinae
1037 1890 1218 1969 ingenium
1235 1908 1345 1955 omne
1361 1893 1419 1955 im-

186 1997 352 2075 pendunt.

247 2102 407 2165 Duorum
422 2103 627 2165 accessione
640 2113 761 2166 noster
777 2104 889 2166 creuit
910 2120 1088 2181 numeruS,
1110 2119 1266 2184 quorum
1284 2116 1320 2168 et
1341 2124 1418 2186 pro·

185 2210 278 2271 bitas
293 2221 327 2270 et
342 2209 434 2271 iusta
449 2226 514 2288 pro
529 2219 646 2271 aetate
663 2210 812 2272 eruditio
827 2210 1043 2272 vberrimam
1058 2210 1101 2272 de
1115 2227 1154 2272 se
1169 2226 1275 2291 spem
1287 2229 1416 2293 sugge-

185 2317 242 2378 rit.
260 2314 360 2377 Alter
375 2315 512 2392 horum,
534 2317 679 2379 natione
704 2317 883 2395 picardus,
905 2316 967 2379 vix
988 2333 1120 2379 annum
1141 2317 1266 2397 attigit
1288 2320 1418 2401 vigesi-

187 2439 293 2496 mum,
308 2422 575 2485 humanioribus
587 2424 697 2486 literis
708 2423 823 2485 adhuc
836 2423 1012 2500 imbuitur,
1027 2432 1167 2503 natura,
1180 2441 1327 2490 morum
1339 2445 1418 2507 gra·

187 2530 309 2604 uitare,
327 2540 359 2590 et
376 2530 535 2608 corporis
552 2530 645 2593 haud
661 2532 791 2610 exigua
806 2529 1036 2609 praestantia,
1059 2530 1261 2595 modestam
1275 2551 1366 2613 prae
1380 2552 1419 2597 se

187 2636 256 2698 l'ert
275 2635 439 2698 indolem.
467 2635 569 2700 Alter
591 2656 689 2709 vero,
712 2638 827 2717 patria
852 2636 1081 2714 ebroicensis,
1107 2637 1420 2718 vndeuigesimum

187 2760 318 2805 annum
333 2741 395 2804 vix
410 2744 538 2822 attigit,
556 2762 665 2823 nepos
688 2763 732 2806 ex
753 2761 877 2807 sorore
903 2743 1051 2807 Doctori
1073 2743 1245 2824 theologo
1270 2746 1418 2811 Benedi-

185 2859 255 2925 cto,
274 2849 496 2913 dominicano
524 2850 545 2927 ¹,
567 2852 737 2929 singulari
757 2851 888 2929 ingenii
915 2850 1089 2926 acumine,
1113 2868 1251 2915 aenon
1275 2856 1421 2935 vulgari

185 2958 220 3019 in
235 2959 470 3019 scholasticae
486 2959 732 3038 disputationis
748 2959 918 3021 exercitio
935 2958 1105 3038 prosectu,
1123 2959 1279 3038 insignis
1294 2979 1422 3026 euasu-

185 3081 247 3125 rus
267 3065 506 3143 philosophus.

245 3170 445 3250 Religiosus
461 3171 614 3251 quidam,
633 3170 851 3250 professione
866 3170 1119 3248 benedictinus
1142 3173 1261 3234 sacris
1285 3178 1427 3239 exerci-

185 3277 243 3337 tiis
258 3277 425 3355 eruditus,
443 3280 478 3339 in
496 3295 617 3339 verum
635 3278 715 3339 Diui
736 3277 918 3339 Benedicti
932 3276 1143 3355 discipulum
1165 3280 1297 3355 euasit,
1316 3299 1427 3362 quem

185 3383 352 3461 spiritalis
368 3386 457 3445 lucri
472 3386 729 3446 foeneratorem
746 3384 821 3445 sore
842 3400 1037 3462 speramus.

245 3488 324 3550 Duo
337 3491 492 3552 animum
508 3491 551 3552 ad
568 3491 763 3551 institutum
775 3488 962 3552 Societatis
975 3490 1299 3570 propensissimum
1312 3510 1430 3577 appu·

186 3598 312 3667 lerunt,
340 3613 489 3674 quorum
506 3614 607 3671 vnus,
625 3596 801 3657 secundae
817 3597 979 3658 licentiae
1001 3596 1282 3676 Baccalaureus,
1302 3599 1429 3666 decre·

186 3703 249 3777 uit,
267 3711 347 3763 ante
363 3700 550 3765 Societatis
573 3704 785 3779 ingressum,
807 3702 989 3781 periodum
1014 3702 1258 3779 theologicam
1275 3724 1429 3787 percur-

185 3826 275 3887 rere;
288 3809 357 3887 qui,
368 3809 433 3870 nisi
446 3810 602 3872 animum
615 3820 735 3887 mutet,
747 3827 810 3871 sua
823 3808 1019 3870 eruditione
1031 3825 1073 3870 ac
1085 3808 1278 3890 modestia,
1291 3815 1433 3881 Christi

185 3916 336 3993 gloriam
352 3916 551 3993 illustrabit,
568 3915 781 3979 Societatem
797 3915 989 3987 decorabit,
1009 3932 1051 3976 ac
1067 3915 1178 3977 verbo
1194 3925 1232 3979 et
1252 3929 1428 4002 exemplo

185 4024 303 4085 multis
319 4023 486 4101 prodesse
502 4025 639 4101 poterit.
657 4024 757 4085 Alter
770 4023 932 4101 proximo
946 4020 1142 4101 Septembri
1156 4022 1319 4090 Romam
1331 4047 1432 4095 com·

185 4133 341 4206 migrare
357 4131 550 4208 proposuit.

245 4235 315 4297 Sub
331 4236 434 4297 linem
451 4236 579 4313 Martii,
595 4254 718 4298 sacrae
735 4235 955 4297 obedientiae
971 4235 1198 4314 auctoritate,
1216 4240 1268 4302 ad
1286 4258 1429 4323 pagum

187 4420 381 4428 ——-—-
387 4420 397 4426 .

229 4512 235 4540 ¹
265 4509 370 4561 joannis
391 4510 536 4557 Benedicti,
561 4509 631 4562 Jcnn
658 4508 759 4549 Boane.
786 4508 849 4550 l'itle
876 4514 942 4552 intra
968 4512 1070 4552 litteras
1088 4509 1180 4561 jacobi
1206 4510 1331 4565 Morelli,
1352 4520 1430 4564 daus

186 4579 347 4632 die'JTJulii.
