3240 5386
185 410 240 468 olo
581 413 1031 480 lirrameoomnmesrnns

190 554 302 619 nibus.
319 557 509 620 Praeterea
524 559 631 621 etiam
646 559 800 623 inuisere
813 559 931 637 coepit
946 575 1024 637 eoa,
1041 559 1100 639 qui
1116 568 1262 639 propter
1281 559 1389 623 seelera

188 678 252 724 sua
267 665 504 728 coniiciuntur
524 664 559 727 in
580 666 735 743 vincula,
760 683 840 729 cum
862 665 1111 746 Episcopatus
1137 677 1212 729 tum
1233 674 1361 729 senatus
1372 666 1387 735 ¹,

187 784 267 831 cum
283 772 439 833 maxima
454 772 665 835 miserorum
676 783 711 835 et
722 773 896 853 applausu
906 781 942 835 et
953 773 1209 850 consolatione,
1222 772 1313 852 apud
1321 787 1390 850 quos

187 875 377 954 aliquando
391 895 533 941 sacrum
548 877 643 944 fecit:
660 879 863 958 frequenter
877 890 996 943 autem
1012 879 1153 943 illorum
1168 879 1266 943 audit
1281 877 1389 942 confes·

188 981 315 1062 siones,
326 985 420 1064 quod
431 995 527 1048 certe
534 985 706 1049 haetenus
717 987 871 1049 insolens
882 984 959 1063 fuit,
972 997 1010 1049 vt
1022 987 1150 1067 quibus
1160 989 1270 1049 semel
1277 987 1311 1048 in
1318 1001 1388 1048 anno

189 1086 347 1152 confiteri
360 1091 439 1168 (nisi
454 1092 497 1155 iis
512 1093 572 1172 qui
588 1093 633 1154 ad
648 1103 825 1155 tormenta
840 1093 1082 1172 rapiebantur)
1094 1102 1172 1155 erat
1185 1092 1387 1167 consuetudo,

188 1192 251 1255 sed
265 1205 434 1275 tanquam
448 1198 552 1260 bruta
568 1199 764 1261 animantia
784 1200 831 1261 ibi
853 1197 1030 1276 degebant
1055 1199 1186 1279 ignari,
1205 1217 1270 1262 nee
1290 1215 1388 1263 curan·

189 1309 242 1361 tes
258 1301 328 1365 vllo
343 1304 448 1366 modo
464 1323 555 1384 quae
570 1315 651 1368 sunt
662 1305 819 1385 spiritus,
836 1323 902 1368 nec
918 1323 1009 1386 quae
1024 1305 1259 1370 christianum
1278 1305 1388 1369 decent.

188 1405 268 1486 Jam
282 1426 369 1471 vero
380 1427 443 1489 per
458 1410 525 1474 Dei
549 1412 704 1489 gratiam
729 1411 818 1475 mira
841 1412 936 1474 faeta
962 1421 1016 1474 est
1041 1412 1343 1492 metamorphosis,
1361 1419 1389 1472 ut

189 1530 280 1592 quae
296 1517 402 1594 aloga
429 1528 534 1580 antea
560 1529 672 1595 erant,
697 1520 858 1582 homines
874 1519 1080 1597 efficiantur,
1104 1536 1306 1600 nouumque
1318 1518 1389 1580 vitae

188 1636 301 1698 genus
315 1623 511 1687 instituant.
524 1625 601 1700 Hoc
617 1643 785 1706 peperere
801 1626 1025 1690 inhibitiones
1036 1627 1139 1689 nobis
1150 1626 1279 1690 factae.
1293 1626 1390 1704 Itaque

188 1726 414 1807 diligentibus
427 1731 544 1795 Deum
559 1734 676 1796 omnia
692 1744 927 1813 cooperantur
943 1734 979 1796 in
993 1733 1136 1810 bonum,
1152 1750 1198 1796 ex
1214 1729 1389 1796 malisenin

188 1833 280 1897 bona
295 1837 422 1899 elicere
438 1849 567 1902 norunt
583 1851 618 1902 ct
633 1840 796 1903 omnibus
811 1841 899 1903 bene
912 1841 974 1903 vti.

250 1941 441 2022 Postquam
457 1954 574 2008 autem
596 1946 750 2026 diploma
769 1947 1033 2026 prouocationis
1054 1947 1284 2023 extorsimus
1305 1944 1390 2008 reela·

190 2051 366 2114 mantibus
381 2069 473 2131 pene
487 2054 649 2116 omnibus
664 2054 799 2130 amieis¹
816 2054 910 2133 quod
921 2055 1022 2117 nobis
1033 2053 1250 2133 grauissima
1262 2050 1390 2133 pericula

190 2158 372 2220 imminere
387 2159 561 2238 viderent,
578 2177 621 2222 ne
637 2160 802 2223 videlicet
816 2161 851 2222 in
870 2176 1051 2223 carcerem
1066 2160 1335 2235 coniicerentur,
1347 2154 1391 2219 ali·

195 2265 294 2343 isque
323 2265 483 2344 pluribus
508 2266 679 2329 molestiis
703 2267 824 2330 vexati
849 2266 1131 2347 exploderemur,
1159 2266 1297 2329 sublato
1320 2259 1393 2327 omni

192 2380 299 2448 metu,
316 2383 350 2434 et
366 2373 487 2435 diuino
502 2373 642 2451 honori,
661 2374 814 2449 vincula,
831 2391 1006 2451 carcereS,
1024 2385 1215 2453 ceteraque
1237 2373 1271 2436 id
1290 2384 1389 2451 genus,

190 2496 282 2556 quae
298 2479 333 2541 in
348 2496 414 2541 nos
429 2490 592 2559 poterant
607 2481 734 2559 moliri,
750 2490 1013 2559 postponentes
1031 2479 1152 2542 diuina
1168 2495 1231 2557 spe
1246 2478 1324 2543 freti
1337 2489 1392 2539 rur-

188 2601 250 2647 sus
264 2583 310 2647 ad
325 2583 359 2648 S.
379 2586 597 2650 Germanum
614 2588 836 2663 reuertimus,
859 2597 892 2648 et
913 2586 1067 2649 Instituti
1087 2587 1200 2649 nostri
1221 2585 1349 2658 munia,
1364 2589 1392 2640 rt

190 2692 298 2771 priuS,
317 2693 415 2755 obire
430 2711 495 2772 pro
511 2694 648 2756 viribus
664 2695 820 2757 nitimur.
839 2693 974 2755 Verum
995 2710 1064 2755 non
1087 2694 1192 2772 pauci
1207 2708 1335 2769 eorum,
1349 2684 1392 2766 qui

190 2817 254 2862 nos
270 2800 442 2862 accedere
458 2811 732 2877 consueuerant,
749 2810 782 2862 et
798 2817 939 2862 sacram
954 2799 1239 2861 communionem
1258 2799 1392 2876 frequen·

189 2920 264 2968 tare
280 2918 314 2968 et
333 2908 516 2968 nobiscum
533 2908 755 2969 familiariter
772 2908 989 2980 conuersari,
1011 2908 1140 2985 quique
1160 2925 1229 2968 non
1250 2908 1391 2982 vulgares

188 3030 400 3091 progressus
417 3015 451 3074 in
467 3015 597 3092 pietate
613 3014 739 3075 secisse
755 3014 977 3089 videbantur,
995 3023 1067 3075 tum
1081 3014 1239 3087 iuuenes,
1253 3029 1330 3074 cum
1338 3023 1390 3070 ma·

189 3133 324 3191 tronae,
344 3130 421 3181 orta
437 3130 645 3199 tempestate
661 3121 923 3183 succubuerunt
939 3130 972 3180 et
993 3119 1198 3181 defecerunt
1220 3121 1255 3181 in
1274 3116 1389 3181 tribula·

193 3228 347 3289 tionibus
377 3229 518 3303 nostriS,
550 3228 677 3304 partim
707 3243 856 3288 censura
888 3227 1052 3304 Episcopi
1082 3226 1259 3298 deterriti,
1289 3220 1391 3304 partim

189 3353 296 3395 suasu
323 3346 357 3395 et
384 3335 531 3395 consilio
559 3335 718 3395 reuocati
743 3333 975 3412 quorumdam
1002 3332 1210 3405 Doctorum,
1234 3332 1292 3411 qui
1311 3323 1391 3392 nullis

193 3452 344 3519 parcunt
360 3441 498 3501 technis
518 3453 555 3502 vt
580 3457 645 3500 nos
666 3440 799 3501 inuisos
822 3440 969 3500 reddant
992 3451 1025 3500 et
1048 3450 1232 3518 suspectos
1258 3433 1390 3500 omnibus

190 3530 443 3625 cuiuscumque
468 3559 582 3609 status
609 3558 642 3607 et
669 3547 815 3616 ordinis,
843 3547 939 3624 ipsos
962 3558 1204 3607 conuenerunt
1228 3543 1389 3623 principes,

192 3656 383 3732 praelatos
400 3665 433 3715 et
450 3654 586 3715 aulicos
601 3671 690 3733 pene
706 3669 839 3728 omneS,
857 3671 917 3714 eos
933 3663 1049 3714 autem
1065 3654 1232 3725 maxime,
1249 3668 1330 3730 quos
1345 3648 1390 3705 aut

191 3761 312 3822 l'auere
328 3760 440 3831 nobiS,
459 3769 518 3821 aut
534 3760 622 3820 bene
638 3775 724 3835 erga
741 3776 806 3820 nos
827 3759 971 3821 allectos
992 3760 1237 3837 suspicantur,
1261 3757 1390 3820 sinistra.

189 3869 309 3945 impia,
332 3869 518 3939 scelerata,
542 3866 671 3944 ubique
691 3866 734 3927 de
758 3867 859 3927 nobis
882 3866 1038 3943 improbe
1064 3876 1281 3927 euomentes:
1305 3865 1392 3940 quare

192 3974 319 4036 mirum
336 3990 443 4051 quam
457 3974 548 4033 male
565 3972 658 4050 apud
671 3988 793 4033 omnes
805 3972 1000 4048 audiamus,
1017 3972 1238 4051 hypocritas
1252 3969 1392 4032 schisma·

191 4081 298 4156 tic0S,
316 4090 544 4157 arroganleS,
562 4089 806 4153 contumaeeS,
829 4078 928 4155 pacis
947 4078 1119 4139 eeclesiae
1140 4078 1391 4156 perturbatores·

191 4204 254 4248 nos
277 4188 509 4264 proclamant.
535 4184 627 4262 Quid
646 4185 821 4262 superest?
841 4182 878 4245 Si
900 4183 1050 4263 denique
1071 4185 1174 4246 facile
1197 4200 1301 4246 aures
1319 4166 1392 4241 exhi·

192 4294 337 4369 buissel,
356 4302 415 4354 aut
431 4309 615 4353 assensum
632 4291 850 4370 praebuisset
872 4289 983 4368 Regia
1002 4290 1183 4367 Maiestas
1201 4291 1271 4352 imo
1286 4284 1343 4351 nisi
1355 4293 1392 4339 rt·

232 4569 238 4600 ¹
269 4580 320 4618 eos,
332 4569 582 4621 qui...eonjicluntu1·
595 4569 619 4610 in
631 4568 742 4617 vincula,
754 4578 810 4609 cum
823 4570 854 4607 ab
867 4567 992 4619 Episcopo
1004 4568 1026 4609 in
1043 4578 1149 4609 earcere
1163 4566 1342 4615 ecclesiastico,
1354 4566 1393 4602 lum

191 4653 205 4680 a
219 4640 314 4682 Senatu
325 4641 438 4683 incivili.
451 4652 494 4681 seu
506 4640 641 4681 saeculari.
