3240 5386
741 408 804 466 Aa.
828 409 896 466 lhh’)
1376 410 1431 470 639

262 552 447 631 Vigesimo
463 564 590 616 octauo
606 552 762 615 eiusdem
779 553 908 615 mensis
924 553 957 615 in
974 553 1102 632 oppido
1118 552 1242 616 Soriac
1260 551 1288 632 ¹,
1306 556 1364 618 vbi
1380 557 1426 619 fe·

180 660 276 722 1iae
291 657 422 740 Juliani
439 660 607 738 martyris
622 660 904 735 celebrabantur,
926 678 946 721 a
962 659 1115 722 Curione
1137 661 1322 738 inuitatus,
1347 680 1427 725 con-

189 766 341 828 cionem
362 766 480 828 habui.
501 765 606 828 Festo
632 759 874 828 decollationis
894 764 938 827 D.
961 764 1108 846 Joannis
1133 766 1325 847 Baptistae,
1349 779 1431 849 post

188 872 401 952 prandium,
422 872 457 934 in
483 889 620 935 summo
644 874 775 951 templo
795 872 933 935 Biliomi
954 872 1053 934 verbi
1074 873 1270 937 ministerio
1289 875 1432 939 functus

184 996 291 1042 sum.
309 979 363 1042 Ex
379 980 520 1058 oppido,
538 978 626 1042 Pont
642 980 685 1042 de
700 978 879 1043 Chasteau
896 982 1089 1061 appellato,
1105 998 1230 1060 preces
1245 982 1291 1044 ad
1305 1000 1361 1045 me
1374 984 1429 1047 de·

172 1085 353 1147 -stinatae
369 1097 402 1147 et
418 1104 463 1147 ex
480 1085 599 1148 Monte
613 1085 763 1163 Morino,
780 1086 906 1166 quibus
921 1085 1112 1165 suffragari
1132 1087 1321 1166 impeditus
1346 1107 1431 1152 non-

189 1191 283 1254 dum
299 1201 434 1270 potero.
453 1191 659 1254 Praefectus
673 1192 756 1271 pagi
773 1191 883 1254 Rauel
897 1191 908 1222 ⁸
924 1193 1089 1271 precibus
1104 1210 1160 1256 me
1175 1194 1220 1256 ad
1234 1211 1274 1257 se
1289 1195 1427 1259 inuitat.

186 1296 273 1361 Nec
295 1297 485 1360 admodum
507 1298 613 1361 refert
634 1299 692 1362 hic
713 1316 991 1362 commemorare
1012 1309 1143 1379 quanto
1164 1302 1299 1364 honore
1326 1312 1431 1383 atque

188 1405 383 1484 obsequio,
400 1406 499 1484 equis
514 1406 690 1485 sociisque
706 1406 834 1479 missis,
852 1406 896 1468 ab
917 1406 1146 1469 inuitantibus
1161 1408 1330 1487 excipiar,
1350 1428 1432 1473 nam

195 1511 393 1589 patientiae
409 1512 549 1574 occasio
566 1511 715 1573 forsitan
731 1529 785 1574 me
801 1512 915 1590 magis
931 1512 1139 1589 delectaret,
1155 1530 1263 1593 quam
1277 1532 1428 1579 commo·

196 1617 352 1680 ditatum
368 1619 594 1696 uniuersitas;
611 1618 750 1698 gaudeo
766 1630 883 1680 tamen
903 1619 1023 1698 populi
1043 1617 1209 1683 affectum
1230 1638 1311 1683 cum
1333 1624 1431 1686 lucro

197 1725 410 1803 euangelico
420 1742 558 1805 semper
567 1742 784 1788 accrescere.
798 1724 901 1788 Certe
911 1725 1127 1805 obstupesco.
1134 1727 1208 1806 ipse
1218 1737 1251 1790 et
1261 1728 1430 1792 erubesco

200 1848 315 1910 prope
330 1841 382 1893 tot
397 1832 591 1894 honoribus
606 1833 782 1912 tantisque
799 1831 986 1910 obsequiis.

263 1937 428 2000 Calendis
444 1935 661 2017 Septembris
676 1955 780 2001 mane
796 1936 935 2000 Biliomi
950 1938 986 1999 in
1002 1954 1139 2000 summo
1151 1941 1282 2018 templo
1294 1942 1430 2003 concio-

202 2053 309 2106 natus
324 2061 413 2122 sum,
430 2062 544 2124 eoque
556 2044 611 2106 die
623 2045 679 2105 hic
692 2044 834 2106 habitae
847 2054 928 2106 sunt
940 2042 1195 2122 disputationes
1209 2046 1381 2124 publicae,
1395 2047 1430 2110 in

202 2150 332 2229 quibus
347 2153 482 2230 primus
493 2150 580 2213 mihi
592 2153 691 2212 locus
703 2152 918 2227 assignatus.
933 2149 1053 2229 Atqui,
1067 2168 1205 2213 summo
1217 2152 1432 2217 moderatori

202 2257 348 2319 scholae
364 2256 636 2320 Clarmontanae
650 2257 786 2319 honore
801 2273 881 2319 cum
896 2258 992 2319 omni
1007 2258 1175 2321 instantia
1191 2259 1321 2338 delato,
1337 2271 1371 2323 et
1387 2263 1431 2324 ab

203 2364 280 2440 ipso
292 2363 435 2426 tandem
447 2375 622 2443 suscept0,
637 2364 830 2426 secundum
842 2363 959 2425 locum
969 2365 1026 2425 vel
1041 2364 1170 2426 inuitus
1184 2366 1328 2429 sortitus
1340 2384 1429 2443 sum,

204 2469 309 2548 idque
324 2488 393 2533 non
408 2471 484 2533 sine
501 2473 622 2533 fauore
636 2470 850 2532 auditorum.
867 2468 999 2532 Eodem
1015 2469 1071 2531 die
1086 2468 1225 2549 Ryomo
1240 2491 1261 2533 a
1281 2472 1431 2553 Praepo-

200 2577 270 2639 sito
286 2575 330 2639 D.
349 2577 509 2656 Virginis
525 2579 647 2640 literae
663 2576 707 2640 ad
723 2594 778 2639 me
793 2577 923 2640 missae
937 2586 1029 2653 sunt,
1046 2578 1174 2656 quibus
1194 2597 1238 2641 ex
1254 2583 1432 2644 communi

198 2683 373 2761 suffragio
389 2694 422 2745 et
437 2696 523 2745 voto
539 2684 793 2746 canonicorum
808 2683 843 2745 in
857 2682 965 2746 ferias
976 2681 1181 2746 Natiuitatis
1192 2684 1374 2749 Marianae
1385 2687 1431 2749 ad

200 2791 396 2853 solemnem
411 2791 507 2852 illum
523 2807 723 2853 sermonem
739 2807 794 2853 me
810 2790 947 2867 inuitat,
962 2791 1139 2868 repulsam
1152 2807 1237 2869 prae
1250 2808 1305 2854 me
1317 2795 1431 2872 passis

199 2897 425 2975 grauissimis
437 2898 535 2974 viriS,
549 2896 672 2959 Priore
683 2896 998 2960 Dominicanorum
1014 2896 1345 2975 Clarmontensium,
1361 2900 1430 2962 Do·
1521 2912 1523 2917 ’

204 3016 303 3066 ctore
319 3004 496 3082 theologo,
509 3002 631 3066 Priore
643 3002 914 3067 Carmelitarum
926 3002 1082 3065 eiusdem
1097 3003 1210 3074 vrbis,
1224 3003 1344 3067 Priore
1360 3004 1430 3068 Au·
1496 3010 1499 3016 ’

202 3109 463 3187 gustinensium
478 3110 596 3189 oppidi
611 3108 777 3188 Saignat,
794 3109 873 3171 viro
895 3109 1198 3188 eloquentissimo,
1220 3128 1262 3173 ac
1283 3110 1431 3191 denique

202 3214 388 3279 Gardiano
405 3215 598 3296 Ryomensi
612 3216 800 3293 Minorum,
814 3217 874 3296 qui
886 3217 1015 3294 singuli
1027 3217 1119 3278 hanc
1131 3217 1341 3280 concionem
1352 3236 1428 3298 per-

200 3340 309 3403 quam
337 3324 510 3385 celebrem
535 3324 775 3402 expetierant;
806 3333 842 3384 at
875 3339 1082 3401 responsum
1108 3333 1161 3385 est
1191 3324 1298 3386 alium
1329 3343 1430 3405 expe-

201 3430 304 3507 ctari,
326 3447 541 3510 quamquam
560 3430 715 3493 nondum
736 3430 780 3492 ad
802 3447 857 3491 me
877 3429 1078 3509 scripsisset
1100 3430 1283 3510 quispiam.
1310 3430 1432 3513 Itaque

200 3534 312 3599 literis
327 3536 596 3615 suffragatoriis,
613 3536 759 3616 ignarus
770 3537 933 3615 repulsae
949 3547 1128 3598 tantorum
1143 3538 1313 3615 virorum,
1327 3538 1431 3602 fidem

200 3642 385 3706 habendae
396 3644 580 3706 concionis
592 3643 681 3705 dedi.
696 3640 858 3706 Secundo
870 3642 1015 3704 huiusce
1028 3642 1160 3705 mensis
1174 3643 1245 3705 iam
1258 3644 1362 3706 tertio
1372 3663 1430 3708 vo·

197 3759 305 3812 catus
321 3766 399 3811 sum
414 3749 634 3826 Ambertum,
651 3765 743 3828 equo
755 3748 930 3828 sociisque
942 3748 1082 3810 oblatis.
1097 3746 1228 3811 Abbati
1240 3760 1273 3811 et
1286 3749 1431 3813 Curioni

201 3855 453 3935 obtemperabo
469 3856 621 3918 fortasse
634 3854 732 3918 feriis
747 3853 791 3917 D.
806 3854 956 3918 Cosmae
969 3863 1003 3916 et
1016 3853 1182 3916 Damiani
1194 3854 1382 3919 admodum
1395 3858 1431 3919 in

195 3980 244 4024 -ea
260 3962 359 4040 vrbe,
376 3972 512 4041 septem
527 3960 733 4024 milliaribus
749 3979 770 4023 a
786 3960 886 4024 nobis
901 3960 1045 4038 dissita,
1063 3961 1288 4023 solemnibus

261 4067 394 4132 Eodem
406 4068 462 4131 die
474 4087 495 4130 a
507 4068 659 4132 Consule
670 4066 816 4130 Vicensi
828 4065 850 4143 ³,
864 4084 909 4128 ex
921 4066 1051 4129 ciuium
1062 4067 1325 4145 potissimorum
1338 4085 1429 4131 com·

194 4175 377 4251 missione,
395 4185 541 4254 rogatus
557 4190 646 4252 sum;
663 4173 718 4236 his
734 4174 864 4253 parebo
888 4173 1001 4252 prima
1016 4173 1216 4250 occasione,
1233 4174 1332 4235 locus
1348 4174 1430 4237 hinc

240 4415 250 4448 ¹
279 4415 330 4467 Sic;
348 4415 478 4459 Sauriuc?
494 4413 528 4456 At
545 4415 570 4457 in
586 4414 681 4456 vicinia
697 4414 767 4456 urbis
786 4411 878 4456 Billotn
896 4413 993 4455 nullum
1010 4413 1151 4465 reperimus
1169 4410 1244 4463 hujus
1262 4413 1371 4456 nominis
1387 4426 1430 4468 op·

194 4488 296 4543 pidum.

241 4560 253 4592 ²
280 4558 556 4611 navet-sarmerange,

240 4630 253 4661 ³
281 4630 372 4685 Oppidi
390 4626 583 4674 Vir-leComte?

1189 4864 1430 5078 tx
