3210 5392
620 463 685 521 An.
706 461 775 520 1555
1261 461 1316 519 275

126 602 216 671 uitatis
228 625 379 671 errorem
394 625 414 670 e
428 608 606 687 corruptis
626 607 801 669 mentibus
821 606 1014 685 expellere:
1032 623 1155 668 earum
1170 607 1315 684 multae,

121 699 252 783 quamuis
266 715 360 778 idem
373 732 444 777 non
459 714 617 787 fecerint,
639 713 844 792 parentibus
860 730 925 792 pro
941 729 1038 775 more
1054 713 1314 789 recusantibus,

119 816 214 883 auium
230 831 342 885 tamen
363 821 399 885 in
418 821 511 884 hanc
526 837 648 883 omnes
669 828 896 882 accesserunt
917 820 1138 882 sententiam:
1161 818 1316 897 quinque

118 925 636 1008 vero,nu11aparentumhacin
657 934 757 1004 parte
773 924 894 988 habita
909 926 1058 1004 ratione,
1076 924 1242 1005 quicquid
1258 925 1317 986 bo·

108 1038 218 1097 norum
235 1034 470 1114 possiderent,
493 1031 664 1096 concione
683 1031 860 1112 perlecta,
882 1031 1003 1094 diuino
1024 1031 1080 1108 (ut
1100 1031 1316 1094 credendum

101 1140 174 1213 est)
190 1139 320 1204 afflatae
342 1140 486 1219 spiritu,
507 1139 553 1202 ad
572 1138 786 1202 Abbatissae
805 1139 913 1218 pedes
934 1139 1059 1201 humili
1075 1137 1317 1217 resignatione

97 1250 307 1325 prouolutae,
328 1257 580 1327 exposuerunt.

159 1349 243 1416 ΒΜ
257 1362 376 1417 autem
390 1352 428 1416 P.
446 1351 673 1432 Praepositus
687 1349 694 1381 ¹
708 1350 948 1414 subleuandae
960 1352 1150 1414 multorum
1166 1351 1319 1431 inopiae,

87 1464 231 1526 praeter
242 1460 346 1524 solita
359 1458 542 1535 exercitia,
553 1458 772 1537 potissimum
783 1457 847 1520 suit
857 1457 1023 1534 intentuS,
1041 1475 1109 1537 qua
1119 1475 1190 1520 non
1206 1459 1321 1521 solum

84 1556 194 1646 haec,
213 1566 273 1630 sed
294 1567 403 1629 etiam
423 1565 514 1627 aliae
539 1564 642 1629 huius
661 1564 798 1627 insulae
821 1565 983 1627 ciuitates
1004 1574 1176 1644 urgentur
1193 1578 1226 1627 et
1243 1583 1318 1646 prc-

82 1680 234 1736 muntur
247 1689 358 1754 usque
384 1672 485 1746 ade0,
506 1681 546 1734 ut
564 1670 657 1734 fame
676 1671 775 1733 multi
797 1671 956 1750 oppressi
978 1671 1139 1733 ultimum
1154 1670 1320 1735 claudere

76 1770 188 1842 diem
200 1791 383 1860 cogantur.
400 1776 565 1842 Occurrit
578 1778 698 1857 itaque
710 1776 791 1839 huic
804 1777 1008 1840 necessitati
1020 1795 1091 1839 non
1103 1795 1189 1839 sane
1204 1779 1320 1857 segni·

76 1887 167 1963 ler3
187 1887 394 1950 breuissimo
419 1885 513 1947 enim
537 1884 674 1948 dierum
700 1900 848 1946 numero
872 1901 944 1946 non
970 1885 1085 1947 minus
1111 1901 1217 1964 quam
1241 1884 1324 1947 7500

78 2001 197 2055 scuta
209 1993 397 2057 Messanae
409 2009 456 2074 ea
469 1991 692 2054 eleemosinis
707 1991 859 2070 collegit,
872 1998 910 2053 ut
925 1991 1069 2054 domum
1080 1991 1200 2071 (quam
1212 1993 1322 2071 uulgo

78 2109 248 2164 montem
259 2099 401 2180 pietatis
413 2098 604 2179 appellant)
617 2097 848 2161 constitueret
858 2095 880 2160 ¹.
895 2095 975 2160 Duo
987 2098 1124 2178 peregit
1132 2097 1214 2161 binc
1223 2099 1324 2163 itine-

75 2216 151 2281 ra,
170 2204 336 2269 Bibonam
350 2207 512 2282 aiterum,
529 2206 679 2267 alterum
694 2203 919 2283 Panormum,
933 2222 1084 2284 quorum
1094 2206 1225 2284 priore,
1243 2222 1324 2269 cum

77 2304 232 2376 Catana
246 2313 428 2390 transiret,
445 2313 618 2374 allocutus
634 2311 683 2373 ibi
698 2321 751 2373 est
770 2309 1044 2389 Ferdinandum,
1066 2309 1233 2391 Proregis
1252 2329 1325 2376 ma-

78 2413 209 2482 iorem
222 2430 306 2483 natu
320 2418 441 2493 filium,
459 2418 519 2498 qui
535 2417 674 2480 dixerat
689 2427 811 2480 nostro
826 2416 904 2479 R.do
919 2417 1015 2480 Patri
1031 2419 1121 2480 ueiie
1133 2436 1171 2480 se
1187 2419 1326 2482 uniuer-

80 2520 240 2591 sitatem
254 2527 352 2589 iilam
371 2525 529 2589 Catanae
546 2506 649 2603 (onae
669 2526 745 2586 sola
760 2523 796 2586 in
815 2525 883 2586 hoc
904 2541 1015 2602 regno
1031 2525 1193 2603 habetur)
1210 2523 1327 2589 Socie-

79 2631 174 2693 tati
184 2631 404 2696 demandare.
420 2630 492 2694 Vbi
510 2631 618 2694 etiam
632 2632 874 2711 orphanorum
889 2630 1032 2694 domum
1048 2631 1199 2695 restituit
1214 2630 1225 2662 ⁸
1241 2634 1328 2696 elee-

79 2737 317 2803 mosinarum
330 2738 575 2802 subuentione.

171 2841 201 2906 In
223 2845 352 2926 oppido
377 2844 485 2907 etiam
510 2843 597 2906 itala
624 2841 767 2905 Doniini
795 2842 898 2906 uinea
925 2843 1112 2922 diiigenter
1140 2847 1325 2926 excolitur,

82 2959 190 3011 nam
205 2962 345 3034 praeter
370 2950 612 3014 confessiones
632 2958 667 3012 et
688 2950 966 3027 communiones
988 2953 1134 3030 quaein
1160 2952 1235 3016 dies
1259 2953 1326 3017 ira-

85 3059 301 3125 quentiores
326 3058 375 3121 ibi
394 3066 493 3134 sunt,
515 3073 628 3136 nuper
647 3056 714 3133 (ita
733 3056 873 3119 iubente
893 3056 1064 3137 Protege)
1091 3060 1219 3122 missus
1245 3061 1327 3123 hinc

88 3159 278 3228 Professor
293 3180 384 3227 unus
399 3172 463 3241 est,
487 3162 557 3242 qui,
579 3161 803 3225 audientibus
818 3164 1001 3226 monachis
1017 3175 1051 3227 et
1072 3166 1259 3245 oppidanis
1279 3167 1327 3230 iu·

91 3265 258 3351 uenibus,
274 3285 429 3351 graecas
444 3279 479 3332 et
493 3269 624 3331 latinas
637 3268 759 3331 literas
772 3268 1010 3348 profiteretur.

169 3367 427 3453 Syracusanum
446 3374 641 3454 Collegium
664 3375 720 3452 (de
742 3391 811 3453 quo
836 3376 907 3438 iam
926 3376 1015 3439 alias
1038 3377 1239 3442 Paternitas
1268 3389 1330 3444 tua

94 3479 311 3512 χ...

143 3528 156 3562 ¹
183 3539 209 3588 Ρ.
219 3545 393 3602 Hieronymus
402 3543 561 3592 Domenech,
577 3542 681 3587 Siciliae
694 3543 874 3586 provincialis.

139 3596 157 3629 ⁸
182 3610 382 3662 “Domenechins
402 3627 473 3664 vero,
490 3627 565 3670 quem
582 3615 680 3658 Prorex
695 3616 754 3658 dum
772 3614 907 3658 Messanae
924 3626 1006 3668 esset,
1022 3617 1191 3661 adventantis
1206 3618 1333 3664 anclcse

90 3660 195 3726 ⁶¹⁴⁸&
205 3689 273 3734 iama
284 3700 316 3732 eo
325 3693 476 3739 revocatus,
487 3697 566 3741 prope
577 3687 699 3730 calendas
714 3686 822 3730 sextiles
839 3686 975 3731 Bisbonam
987 3688 1104 3740 miserat,
1115 3697 1143 3732 ut
1153 3689 1221 3734 iiiiao
1237 3691 1335 3735 Isabei·

92 3739 141 3841 ἐξ
155 3755 254 3804 erebris
263 3760 364 3804 nunciis
375 3758 515 3813 flagitanti,
526 3759 593 3813 qnod
604 3759 712 3812 primum
721 3758 867 3802 immineret
877 3760 1051 3814 puerperium,
1062 3767 1173 3814 paterna
1182 3774 1245 3806 curs
1256 3765 1332 3808 satis·

122 3816 213 3885 “ftt,
222 3831 369 3876 Messanam
379 3836 408 3874 nt
422 3828 509 3879 rediit,
520 3829 627 3883 Proregi
643 3830 784 3883 persuasit,
795 3841 826 3872 ne
841 3836 984 3884 pateretur,
1002 3830 1113 3875 Montem
1131 3832 1248 3884 Pietatis,
1260 3847 1336 3889 quem

88 3877 312 3957 ²³⁰0snperiore
329 3901 435 3946 Natalis
446 3907 520 3944 tanto
535 3902 634 3954 labore,
645 3908 724 3955 atque
741 3902 856 3954 impensa
874 3901 1054 3955 inchoaverat,
1070 3914 1100 3946 eo
1116 3906 1223 3947 absente
1239 3908 1338 3950 obsole-

87 3948 185 4050 r‘st»
200 3974 266 4028 quod
283 3973 388 4030 publica
406 3972 518 4016 nondum
534 3973 703 4021 auctoritate,
714 3983 796 4026 neque
814 3973 874 4015 uilis
891 3973 991 4026 iegibus
1008 3975 1174 4028 constitutus,
1187 3977 1336 4030 propediem

86 4021 256 4119 'utentum
272 4046 422 4089 ridebatur.
441 4043 540 4086 Prorex
559 4043 619 4087 boni
635 4044 730 4098 publici
749 4045 881 4086 asserendi
900 4056 947 4098 per
964 4056 991 4088 se
1008 4046 1130 4099 cupidus,
1151 4054 1176 4089 at
1195 4059 1338 4102 pauperum

82 4100 201 4199 “⁰⁶01
212 4118 362 4169 acerrimus,
374 4115 506 4169 negotium
517 4120 622 4158 strenue
632 4115 746 4169 suscipit,
763 4113 946 4168 Magistratum
958 4127 1039 4169 creat,
1050 4118 1092 4172 qui
1109 4119 1223 4162 codicem
1236 4124 1337 4176 accepti

83 4224 94 4266 Ι
136 4178 253 4235 exi’ensi
270 4189 338 4244 apud
353 4199 381 4231 se
397 4189 502 4239 babeat,
519 4186 655 4240 pecuniam
665 4193 748 4238 curet,
765 4187 876 4240 pignora
892 4187 918 4230 in
933 4187 1009 4231 iidem
1026 4188 1145 4243 recipiat,
1157 4196 1183 4233 et
1199 4190 1339 4257 distrabat3

94 4237 173 4291 ²⁸²³
184 4261 279 4308 condit,
289 4261 381 4316 quibus
392 4259 520 4302 mutuatio
535 4257 597 4300 dato
613 4261 721 4311 pignore
731 4258 895 4311 instituatur,
907 4265 933 4301 et
943 4269 1073 4312 servetur,
1085 4269 1111 4304 et
1127 4263 1279 4308 remittatur
1295 4265 1338 4308 de-

82 4304 231 4381 Mirm
239 4342 344 4384 poenam
355 4327 492 4373 constituit
502 4329 740 4380 conturbatoribus,
752 4335 778 4370 et
789 4329 977 4380 decoctoribus,
988 4331 1008 4373 si
1021 4331 1087 4375 iorte
1104 4333 1162 4376 dolo
1177 4337 1245 4378 maio
1260 4347 1338 4390 pecu-

81 4370 137 4479 {¹¹⁸
159 4400 270 4446 publiea
286 4408 462 4446 averteretur.
481 4398 671 4443 Domenechius
689 4401 843 4454 quingentos
861 4411 955 4444 aureos
973 4401 1081 4446 vicatim
1102 4412 1257 4459 corrogatos
1278 4420 1337 4452 conv

99 4452 202 4518 “hin
220 4470 393 4528 locupletiores
401 4471 499 4527 partim
509 4478 709 4525 repraesentant
726 4474 869 4526 pecuniam,
881 4473 977 4526 partim
993 4475 1157 4528 pollicentur.
1174 4477 1221 4521 His
1238 4481 1340 4523 artibus

115 4530 178 4577 ⁰¹¹¹
191 4535 298 4588 Pietatis
309 4555 373 4599 pene
384 4543 509 4597 dilapsus,
524 4553 620 4594 magua
635 4554 778 4597 pauperum
793 4545 989 4596 acclamatione,
1006 4548 1153 4593 amandatis
1168 4550 1254 4594 usuris
1263 4553 1341 4595 resti·

123 4594 370 4668 iulf-namucencis,
387 4614 549 4657 Provinciae
568 4614 676 4658 Siculae
688 4614 712 4657 S.
725 4615 749 4668 J,
770 4619 847 4658 oritas
857 4618 882 4657 el
895 4626 938 4659 res
949 4619 1105 4670 gestae....P.
1117 4620 1212 4676 1,c.1v,
1224 4633 1248 4666 n.
1268 4635 1343 4673 xxm.

137 4667 155 4702 ⁸
189 4677 455 4734 luannomenecu.
