3210 5392
619 490 681 543 Au.
705 483 774 542 1555
1261 485 1315 542 755

90 627 362 693 traNouesium¹
378 632 536 711 sepultus
552 633 608 705 sit,
625 630 863 694 milliaribusl
879 630 1026 694 Colonia
1042 647 1168 692 versus
1184 628 1311 692 Nouio-

90 753 243 816 magum.

146 841 203 906 De
218 842 562 925 Nouiomagensibus
578 846 626 908 nil
641 845 793 925 speciale
808 845 921 907 habeo
946 845 1039 925 quod
1060 844 1225 918 scribam,
1243 845 1310 909 nisi

90 951 180 1031 quod
196 951 301 1014 amici
316 950 620 1030 Nouiomagenses
633 952 802 1028 scribunt,
819 952 927 1028 illum,
956 951 1015 1032 qui
1031 951 1066 1014 in
1091 960 1216 1014 senatu
1232 968 1310 1014 sen·

90 1058 235 1121 tentiam
249 1069 376 1121 contra
392 1075 447 1121 me
455 1059 601 1137 legerat,
616 1059 686 1122 iam
696 1059 890 1137 defunctus
902 1058 980 1121 srt’.
995 1058 1123 1121 Pareat
1139 1058 1188 1121 illi
1200 1058 1309 1122 Deus.

90 1163 226 1228 Domus
241 1164 357 1227 adhuc
370 1162 381 1194 ³
393 1163 588 1228 inhabitata
604 1176 734 1229 manet:
747 1164 918 1229 dederant
933 1166 1073 1227 cuidam
1088 1166 1226 1228 mulieri
1241 1183 1312 1227 ser·

90 1271 254 1350 nondam,
271 1272 334 1334 sed
348 1271 408 1334 illa
414 1278 517 1350 peste
530 1270 542 1301 ⁴
556 1282 696 1334 mortua
704 1283 769 1336 est:
786 1273 930 1335 interim
945 1272 1071 1336 'nemo
1087 1274 1203 1335 locum
1214 1272 1311 1334 inha-

90 1378 201 1441 bitare
216 1395 325 1442 ausus
339 1388 404 1442 est.
422 1378 579 1442 Multum
591 1385 729 1457 rogant
740 1381 848 1442 auu'cr'
859 1380 1169 1458 Noulomagenses
1185 1379 1313 1442 Pater·

90 1485 237 1547 nitatem
265 1491 439 1563 vestram,
467 1492 507 1548 vt
532 1486 746 1549 Paterm'tas
779 1487 904 1548 Vestra
932 1485 1018 1548 velit
1040 1487 1090 1547 M.
1119 1486 1314 1548 Heurlcum

90 1591 295 1653 Dr'om'sium
307 1593 576 1670 Nour'omagum
592 1592 744 1655 mittere:
759 1609 831 1654 non
855 1593 1033 1671 dubitant,
1047 1593 1133 1672 quin
1153 1594 1313 1656 mammo

90 1714 168 1760 cum
176 1699 309 1776 fructu
316 1700 403 1778 stet;
416 1705 451 1761 et
464 1699 529 1761 hoc
544 1700 662 1779 ipsum
673 1697 875 1778 plurimum
895 1717 1080 1778 rogarem,
1094 1700 1314 1780 slfierlpos·

90 1810 158 1882 set,
172 1809 206 1866 et
217 1806 262 1867 Ρ.
291 1806 325 1867 V.
338 1804 511 1885 placeret.

150 1909 341 1974 Multorum
366 1913 567 1976 audiuimus
592 1914 854 1991 confessiones,
883 1914 1000 1976 multis
1032 1913 1139 1975 etiam
1167 1911 1315 1975 infirmis

90 2017 198 2081 adfui.
216 2016 368 2097 Quidam
383 2019 561 2098 sacerdos
579 2037 729 2101 corpore
751 2033 785 2083 et
810 2021 929 2083 animo
954 2023 1047 2083 male
1072 2018 1272 2098 dispositus
1291 2017 1315 2099 ⁰,

91 2135 173 2204 post
198 2124 458 2199 confessionem
477 2126 659 2206 paulatim
684 2128 808 2191 melius
829 2128 960 2204 habuit,
983 2126 1316 2190 cumadmiratione

90 2248 163 2294 non
175 2232 314 2294 modico
327 2250 461 2306 eorum,
476 2234 535 2313 qui
547 2235 590 2296 de
603 2235 723 2296 eodem
738 2236 880 2296 omnino
893 2234 1139 2313 desperabant.
1155 2232 1317 2295 Pluribus

90 2338 171 2400 aliis
196 2338 340 2400 tentatis
366 2349 400 2400 et
426 2339 600 2402 tribulatis
624 2341 810 2416 adfuimus,
834 2358 923 2420 quos
947 2342 983 2403 in
1007 2339 1160 2402 Domino
1176 2356 1246 2402 non
1259 2357 1317 2419 pa-

89 2461 169 2506 rum
185 2446 387 2507 consolatos
406 2463 521 2525 spero.
544 2446 644 2508 Satr's
663 2448 790 2509 bonam
810 2448 918 2509 etlam
932 2452 1076 2526 partem
1104 2446 1238 2508 studiis
1261 2447 1318 2508 rte·

91 2551 223 2613 demus.

152 2656 255 2720 Rstffi
271 2660 317 2721 P.
334 2660 448 2723 Prior
460 2677 538 2723 cum
549 2667 623 2724 toto
638 2679 704 2724 suo
723 2666 911 2738 conuentu,
928 2659 1029 2723 ΕΜ
1043 2661 1089 2723 D.
1106 2661 1319 2739 Grupperus

90 2770 124 2827 et
139 2764 243 2827 ΒΜ
258 2766 426 2828 Decanus
442 2769 750 2847 nour'omagensls,
765 2769 868 2831 ΟΜ
882 2768 1106 2830 Lr'centr'otus
1130 2766 1318 2828 Bardulcle

90 2877 124 2934 et
139 2871 273 2951 reliqui
284 2873 627 2939 amr'cr'Paterm'tatl
647 2877 790 2938 Vestrae
802 2874 956 2937 salutem
962 2874 1162 2954 plurimam
1170 2882 1318 2953 precau-

90 2984 163 3041 tur.
181 2979 227 3041 R.
245 2978 293 3021 ⁰¹⁰³
313 2980 449 3042 Patres
465 2987 499 3043 et
505 2982 654 3060 fratres
668 2983 707 3044 lu
726 2982 876 3045 Domr'uo
901 2981 1107 3044 salutamus
1127 2996 1319 3059 eorumque

90 3101 159 3148 nos
168 3086 336 3165 precellas
351 3090 652 3168 commendamus,
663 3095 697 3152 et
711 3088 915 3168 spectalr'ter
930 3088 1158 3150 Paterm'tatr'
1175 3086 1319 3149 Vestrae

90 3209 144 3254 me
169 3195 387 3271 commendo,
416 3210 458 3256 ac
485 3200 585 3258 totus
613 3195 808 3274 committo,
834 3201 1007 3275 tanquam
1037 3194 1319 3273 indignissimus

90 3298 274 3363 seruulus.

149 3405 246 3469 Bene
261 3408 381 3471 valeat
394 3409 595 3472 Paternitas
607 3408 737 3473 Vestra
750 3411 786 3473 in
798 3408 862 3473 X.⁰
873 3409 1035 3490 Raptim.

236 3513 417 3591 Coloniae,
441 3516 565 3579 vltima
580 3515 788 3580 Decembris
806 3517 894 3579 1555.

316 3619 358 3684 R.
384 3620 421 3684 P.
447 3619 491 3685 V.
708 3632 710 3638 “

574 3745 699 3793 seruus
715 3728 892 3810 indignuS,

776 3979 989 4044 Leouenots
1013 3979 1165 4043 Kssssa.

95 4213 310 4224 -ι--

131 4359 141 4392 ¹
169 4358 263 4402 Nenos.

132 4430 144 4462 ¹
171 4430 229 4472 otta
238 4423 365 4482 sunctum
376 4441 441 4474 me.
451 4431 592 4477 Posaseus.

132 4500 146 4531 δ
173 4500 420 4545 adhucnostra.1o.

134 4574 146 4605 ὁ
173 4572 327 4617 statimlo.

134 4642 148 4676 ὓ
177 4643 306 4688 andulo.

135 4712 148 4748 ⁸
176 4714 297 4769 affectus
311 4715 339 4759 lo
