3210 5392
683 450 685 455 ·
716 419 779 476 ΑΝ.
803 416 873 475 mot
1354 415 1405 472 190

177 566 339 643 omnium,
358 582 440 629 cum
453 564 541 629 foris
556 566 592 628 in
615 565 748 629 scholis
774 563 996 640 versabatur,
1024 574 1102 626 erat
1125 561 1350 625 familiaritas
1370 571 1404 624 et

180 671 399 736 consuetudo.
417 672 607 737 Caeterum
621 672 725 735 huius
751 670 994 735 universitatis
1020 670 1186 733 doctores
1213 669 1400 749 praeclari,

183 782 408 860 tum'propter
421 796 597 844 summam
615 795 702 859 erga
727 797 792 842 nos
817 778 1037 855 charitatem,
1054 786 1129 840 tum
1143 784 1182 839 ut
1198 792 1322 839 omnes
1336 792 1402 838 nos

186 885 336 965 doceant,
351 887 617 967 quaestionibus
627 888 777 950 libenter
796 887 981 950 intersunt:
999 901 1090 948 unus
1115 883 1269 947 maxime
1293 882 1404 946 frater

189 989 382 1057 Dominicus
409 992 430 1073 ¹,
447 995 505 1074 qui
532 994 670 1075 publice
692 994 728 1057 in
753 993 884 1057 scholis
915 994 1004 1054 hora
1037 991 1238 1071 vespertina
1265 1007 1407 1054 sacram

193 1098 392 1181 theologiam
407 1099 603 1180 profitetur:
621 1100 747 1165 doctus
762 1100 915 1182 quidem,
931 1099 1113 1176 honestus,
1130 1108 1165 1161 et
1184 1098 1317 1177 probus
1338 1097 1405 1173 vir,

198 1222 311 1287 nosque
324 1208 360 1271 in
375 1207 518 1272 Christo
534 1209 687 1271 maxime
702 1208 828 1287 diligit:
846 1225 950 1288 quem
966 1215 1168 1270 nostrorum
1183 1206 1407 1286 praeclaram

201 1312 369 1377 modestiae
383 1315 596 1395 virtutisque
610 1326 792 1378 servatam
805 1331 979 1391 normam,
995 1331 1066 1376 non
1082 1312 1214 1376 amisso
1231 1311 1341 1375 animi
1355 1327 1408 1372 ar·

203 1418 268 1481 dote
285 1421 482 1501 ingeniique
503 1423 666 1485 acumine
683 1422 774 1485 inter
799 1419 1133 1500 argumentandum,
1158 1418 1252 1498 apud
1276 1416 1408 1480 fratres

206 1540 267 1588 suos
279 1527 368 1591 domi
384 1528 540 1592 maxime
555 1527 721 1593 laudasse
736 1528 838 1591 nobis
854 1528 1060 1591 nunciatum
1078 1536 1142 1590 est.

251 1633 297 1696 Ad
310 1632 439 1698 Christi
454 1636 665 1711 doctrinam,
681 1651 788 1715 quam
803 1637 922 1715 palam
934 1634 969 1697 in
982 1637 1113 1713 templo
1123 1634 1293 1697 docemus
1305 1633 1408 1713 (quae

211 1755 315 1804 sturmo
340 1740 407 1805 Dei
431 1752 502 1823 opt.
519 1753 573 1806 est
598 1742 750 1820 bonitas)
773 1741 941 1823 frequens
966 1743 1116 1821 populus
1141 1740 1333 1804 concurrit.
1350 1738 1408 1802 Ad

212 1846 371 1913 audiendas
396 1848 652 1928 confessiones,
679 1850 747 1915 etsi
772 1852 881 1913 multo
904 1851 1024 1930 plures
1049 1865 1219 1927 essemus,
1247 1847 1410 1911 omnibus

212 1954 385 2020 satisfacere
399 1974 471 2020 non
484 1974 682 2037 possemus:
698 1967 798 2021 tanta
814 1966 867 2020 est
880 1957 1061 2020 hominurn
1076 1955 1331 2037 poenitentium
1353 1971 1409 2017 co-

214 2058 264 2138 pia,
276 2063 326 2143 qui
337 2064 492 2128 maximo
502 2064 610 2128 animi
623 2064 752 2128 ardore
760 2080 803 2126 ae
814 2063 1001 2143 desiderio,
1014 2071 1053 2126 ut
1065 2072 1293 2144 peccatorum
1302 2077 1410 2124 onere

216 2166 363 2234 eleventur
378 2189 421 2235 ac
435 2170 652 2250 reficiantur,
674 2171 720 2234 ad
740 2189 805 2235 nos
819 2171 977 2235 veniunt.
1003 2170 1090 2261 Item
1105 2171 1151 2234 ad
1175 2170 1336 2235 homines
1353 2186 1408 2231 ae·

215 2286 363 2349 grotantes
378 2279 576 2342 visitandos
590 2280 679 2343 adeo
693 2297 759 2343 nos
773 2289 908 2360 petunt,
925 2289 974 2357 ut,
1001 2280 1032 2342 si
1056 2278 1092 2342 id
1113 2294 1331 2355 curaremus,
1347 2277 1410 2339 vix

216 2380 285 2447 aliud
294 2402 376 2466 opus
392 2395 576 2466 praestare
590 2403 786 2467 possemus
804 2386 884 2449 Duo
899 2386 1003 2449 huius
1017 2385 1136 2466 oppidi
1146 2386 1245 2449 cives
1256 2384 1293 2447 in
1306 2384 1411 2446 domo

217 2488 308 2554 nostra
321 2493 355 2557 in
369 2494 472 2557 bonis
486 2493 727 2574 spiritualibus
742 2512 780 2557 se
795 2503 1044 2571 exercuerunt;
1061 2493 1121 2573 qui
1135 2500 1274 2555 tantum
1289 2491 1324 2554 in
1342 2490 1410 2552 vir·

217 2599 279 2674 tute,
291 2600 487 2680 cognitione
501 2600 566 2676 sui,
584 2599 721 2680 Deique
736 2617 814 2679 ope,
832 2600 932 2662 brevi
946 2608 1105 2680 tempore
1120 2597 1357 2679 profecerunt,
1373 2607 1412 2658 ut

217 2696 355 2769 inhaere
371 2707 524 2770 maxime
539 2708 586 2770 sit
599 2706 763 2771 Christus
783 2717 854 2787 opt.
877 2705 1091 2770 laudandus:
1115 2722 1216 2786 quoS,
1238 2705 1321 2785 quia
1336 2703 1412 2766 noti

217 2810 346 2876 omibus
356 2822 439 2877 sunt
454 2814 490 2876 in
505 2814 573 2877 hac
588 2814 733 2878 civitate
748 2811 837 2893 (Deo
853 2823 925 2894 opt.
942 2831 1037 2877 max.
1051 2811 1268 2888 auxiliante),
1283 2812 1412 2874 multos

218 2911 251 2974 ad
261 2931 370 2983 verum
385 2918 518 2984 Christi
533 2920 667 2983 cultum
681 2937 723 2984 ac
745 2919 923 3000 pietatem,
952 2920 1060 2982 veluti
1082 2920 1187 2982 hamo
1206 2918 1334 2999 pisceS,
1355 2933 1411 2979 ca·

217 3018 311 3086 pturos
324 3035 519 3100 speramus.
536 3017 606 3097 Ille,
621 3019 681 3099 qui
695 3035 756 3082 eos
770 3019 927 3098 vocavit,
944 3018 1026 3082 etin
1042 3018 1115 3081 vita
1127 3016 1322 3080 christiana
1332 3032 1412 3078 con·

218 3117 338 3203 Spicuos,
355 3133 391 3187 et
405 3125 443 3188 in
457 3141 521 3187 suo
537 3126 705 3205 obsequio
719 3125 755 3187 in
779 3126 855 3188 dies
876 3124 1107 3205 perfectiores
1128 3122 1264 3198 reddat,
1278 3139 1414 3202 nosque

218 3234 392 3295 omnesuno
422 3231 541 3295 animo
566 3248 682 3312 pareS,
708 3241 898 3311 utcumque
924 3231 1020 3308 velit,
1048 3229 1186 3294 efficiat.
1213 3229 1414 3293 Praeclaris

216 3327 268 3392 tuis
294 3338 465 3418 obsequiis
500 3338 722 3418 assiduisque
756 3339 791 3402 in
821 3338 935 3402 Deum
965 3337 1195 3415 orationibus
1223 3336 1415 3400 admodum

217 3428 273 3497 ΙΨ
284 3441 328 3522 Ρ.,
344 3462 412 3509 nos
427 3463 561 3524 omnes,
578 3464 667 3526 quos
682 3447 718 3509 in
733 3445 874 3509 Christo
891 3462 1115 3526 summopere
1131 3445 1260 3525 diligis,
1277 3445 1373 3507 iuva.

262 3543 499 3628 Salmanticae,
518 3550 556 3615 18
570 3555 636 3616 cal.
652 3552 915 3635 Januarii1554.

261 3650 306 3720 Ex
319 3659 567 3724 commissione
582 3659 698 3723 Patris
713 3659 921 3723 Fernandez
935 3665 959 3735 ²,

441 3765 574 3829 inutilis
589 3783 728 3844 servus,

810 3927 1066 3999 Fanurununus
1081 3929 1217 3992 Gouuz.

265 4176 518 4265 Superscrt'ptio
544 4187 583 4247 in
601 4187 758 4249 secunda
776 4186 929 4267 pagina.
953 4184 1039 4251 IHS.
1064 4186 1267 4251 Admodum
1292 4185 1370 4250 R.d⁰
1385 4186 1422 4249 in

222 4310 406 4346 χ-
437 4334 439 4338 ,

223 4430 560 4500 alinitestatempraefectuo.
576 4445 643 4490 Vide
660 4445 773 4489 Ponnxcr
789 4445 943 4498 citronicon,
960 4452 984 4490 t.
1003 4456 1032 4491 ιιι
1043 4452 1069 4490 et
1087 4457 1124 4501 ιν,
1140 4448 1182 4491 uhi
1194 4447 1225 4492 de
1237 4447 1360 4502 collegiis
1378 4447 1424 4490 Sal

223 4504 348 4559 moticensi
357 4523 383 4560 et
394 4517 553 4561 Cordubensi
564 4518 659 4572 agitur.

255 4571 261 4600 ¹
285 4577 321 4628 Fr.
331 4585 421 4632 Petrus
429 4589 460 4632 de
471 4588 636 4645 Sotomayor.
647 4588 713 4632 Vide
726 4589 839 4632 Pounrrcr
851 4586 953 4639 cleron„
963 4594 981 4632 t.
990 4600 1024 4642 lv,
1036 4601 1060 4632 n.
1071 4590 1119 4633 ste.

255 4641 265 4672 ²
288 4649 448 4712 Frequentius
457 4662 588 4715 reperitur
597 4661 723 4715 scriptum
734 4659 908 4704 Hernander.
