3210 5392
202 456 256 516 766
591 458 760 517 Lnraaan
774 473 1046 526 Quanamnsrnns

201 604 327 679 nullas
345 620 435 684 quas
454 603 555 666 nobis
575 605 621 666 ad
641 621 745 666 sacra
767 603 930 667 facienda
953 605 1119 684 princeps
1144 606 1326 669 cardinalis
1343 607 1385 669 tri·

201 710 336 787 buerat,
355 727 436 773 aras
452 719 486 773 et
500 710 563 772 40‘
584 711 819 775 tintinnabula
835 712 939 774 huius
955 711 1105 790 Collegii
1121 715 1283 776 sacrauit.

260 818 325 880 His
340 818 506 898 peractis,
524 817 634 881 fratre
648 819 803 898 quodam
818 819 954 882 itineris
969 820 1097 883 comite
1110 821 1176 883 sibi
1188 822 1342 896 adiuncto,
1350 820 1387 882 6.*

200 926 368 990 calendas
393 924 557 988 Octobris
579 926 625 989 ad
650 926 853 989 chrismatis
871 905 1002 989 munus
1024 927 1224 991 obeundum
1247 928 1387 1008 proiectus

199 1042 270 1110 est,
286 1033 507 1095 vehebantur
522 1043 638 1095 autem
654 1033 758 1095 mulis
773 1034 978 1108 clitellariis,
992 1043 1027 1096 et
1039 1051 1251 1115 quamquam
1265 1035 1387 1098 nonnulli

199 1157 220 1203 a
235 1140 398 1218 Principe
414 1139 593 1202 cardinali
608 1141 711 1202 valde
728 1140 983 1204 contenderunt
999 1158 1042 1203 ne
1055 1141 1090 1203 id
1101 1151 1288 1221 pateretur,
1298 1153 1385 1205 tamen

198 1248 279 1328 quia
297 1246 451 1326 Principi
467 1247 648 1310 Cardinali
664 1246 779 1310 Patris
794 1247 962 1327 Episcopi
985 1248 1174 1311 consilium
1196 1250 1385 1329 probabatur,

197 1355 284 1417 nihil
300 1355 437 1417 efficere
454 1365 654 1432 potuerunt,
672 1372 736 1417 nce
752 1353 850 1417 Deus
866 1365 937 1434 opt.
955 1372 1064 1431 max„
1086 1356 1188 1419 cuius
1209 1366 1289 1419 nutu
1305 1365 1332 1419 et
1348 1371 1387 1416 ar-

196 1461 302 1524 bitrio
320 1461 440 1524 omnia
455 1473 639 1540 reguntur,
657 1461 690 1523 id
707 1461 783 1524 fieri
798 1462 966 1541 permisit.
984 1461 1036 1524 Eo
1051 1463 1128 1542 ipso
1149 1464 1205 1527 die
1225 1481 1290 1544 quo
1305 1458 1387 1542 prole·

196 1577 274 1632 ctus
300 1581 352 1631 est
377 1567 483 1631 Pater
508 1569 716 1647 Episcopus,
744 1567 906 1646 fratrem,
935 1587 1038 1650 quem
1065 1571 1230 1633 comitem
1257 1569 1386 1633 habebat.

193 1677 336 1756 rogauit
350 1686 390 1739 vt
405 1677 523 1739 omnia
538 1693 781 1755 quaecumque
798 1695 818 1738 a
834 1694 872 1739 se
887 1677 1004 1739 minus
1017 1688 1115 1739 recte
1131 1677 1191 1757 agi
1205 1679 1388 1745 viderentur,

193 1783 380 1863 diligenter
395 1793 547 1860 notaret,
564 1800 671 1864 seque
688 1784 802 1846 dehis
822 1784 1040 1846 admoneret.
1065 1782 1291 1847 Sacerdotem
1308 1783 1386 1846 etiam

192 1890 392 1971 quemdam,
409 1907 513 1971 quem
528 1889 698 1970 Princeps
713 1889 914 1954 Cardinalis
929 1907 1011 1953 cum
1025 1906 1068 1953 eo
1083 1890 1240 1970 miserat,
1257 1892 1389 1954 obsecra·

193 1998 244 2061 uit
264 2017 308 2061 ne
328 2015 365 2060 se
392 1997 483 2060 inter
508 1998 723 2077 loquendum
748 2006 786 2060 vt
811 1998 1024 2078 Episcopum
1050 1998 1112 2060 sed
1136 2007 1176 2060 vt
1202 1997 1388 2061 sacerdotem

192 2113 329 2168 tantum
346 2105 586 2184 compellaret.
602 2102 778 2168 Sacerdos
792 2122 879 2167 vero
905 2105 980 2180 ille,
1002 2102 1119 2168 Patris
1138 2104 1301 2185 Episcopi
1317 2105 1390 2167 obse·

192 2212 351 2274 eratione
372 2211 631 2290 quodammodo
655 2212 892 2290 perturbatus
917 2210 1022 2273 modo
1048 2211 1246 2274 sacerdotis
1270 2219 1390 2281 tantun,

192 2317 296 2380 modo
312 2317 480 2396 Episcopi
495 2317 665 2379 honorem
677 2317 708 2379 ei
722 2319 813 2381 inter
825 2316 1095 2396 colloquendum
1109 2317 1295 2396 tribuebat;
1306 2318 1391 2380 altera

191 2424 286 2487 enim
302 2442 345 2486 ex
361 2435 462 2503 parte
477 2424 704 2487 obseruantia
720 2423 928 2503 debitusque
940 2424 988 2486 illi
1000 2423 1166 2502 dignitati
1179 2425 1301 2503 honos,
1313 2441 1350 2487 ex
1360 2421 1392 2483 al·

192 2538 269 2594 tera
283 2548 370 2593 vero
386 2531 491 2593 timor
514 2549 557 2593 ne
583 2530 723 2593 Patrem
749 2530 964 2610 Episcopum
990 2529 1195 2609 offenderet,
1223 2526 1393 2595 sacerdotis

190 2638 346 2700 animum
372 2638 407 2699 in
427 2637 548 2700 uarias
573 2637 817 2700 distrahebant
838 2645 969 2717 parteS,
991 2655 1141 2717 eumque
1163 2639 1212 2701 ita
1238 2637 1393 2718 perturba·

190 2743 286 2821 bant,
303 2755 341 2806 vt
356 2761 463 2824 saepe
478 2744 512 2806 in
528 2745 605 2823 ipso
621 2744 736 2806 medio
752 2760 915 2806 sermone
928 2760 966 2806 se
981 2754 1179 2806 reuocaret.
1197 2744 1286 2808 Cum
1301 2753 1393 2807 auten

190 2849 222 2912 ei
238 2850 377 2930 oppido,
395 2850 487 2930 quod
503 2851 654 2930 primum
670 2851 705 2912 in
720 2851 844 2912 itinere
860 2859 924 2926 est,
947 2851 1284 2930 appropinquarent,
1306 2845 1393 2913 uoluit

189 2958 358 3019 sacerdos
375 2957 595 3034 antecedere,
612 2965 650 3018 vt
666 2957 863 3037 oppidanos
878 2957 921 3018 de
935 2957 1104 3036 Episcopi
1125 2955 1279 3019 aduentu
1301 2956 1393 3019 admo·

187 3074 298 3137 neret,
316 3074 354 3126 vt
370 3064 401 3125 ci
418 3065 558 3126 obuiam
575 3065 772 3144 prodirent:
790 3074 928 3126 atvero
943 3062 1048 3126 Pater
1069 3063 1269 3143 Episcopus
1291 3062 1393 3127 “absit

187 3169 310 3251 inquit,
328 3171 363 3232 id
381 3172 475 3232 nullo
491 3171 595 3232 modo
611 3171 767 3250 patiar;„
784 3171 911 3248 quibus
926 3171 1043 3232 uerbis
1056 3170 1160 3232 facile
1173 3169 1357 3233 declarauit
1366 3181 1393 3227 se

187 3275 232 3339 ab
247 3295 289 3339 ea
305 3277 520 3355 cogitatione
536 3277 663 3340 nedum
679 3295 699 3338 a
716 3277 909 3356 cupiditate
924 3293 1030 3355 quam
1052 3277 1259 3354 longissime
1281 3278 1392 3341 abesse

186 3384 271 3463 quin
287 3384 393 3446 etiam
410 3401 491 3447 cum
502 3385 632 3446 vellent
652 3385 856 3446 sacerdotes
867 3383 1070 3462 frequentes
1082 3401 1160 3445 eum
1176 3385 1319 3447 honoris
1332 3395 1393 3461 gra¹

186 3489 235 3553 tia
254 3508 299 3552 ex
313 3490 418 3552 domo
435 3491 470 3552 in
485 3492 652 3570 templum
668 3489 841 3553 deducere
858 3490 1007 3569 indeque
1023 3490 1165 3552 domum
1182 3491 1355 3560 reducere,
1366 3491 1394 3546 vt

186 3596 265 3660 aliis
280 3595 465 3676 Episcopis
480 3596 598 3659 facere
615 3608 885 3672 consueuerant,
900 3596 934 3658 id
946 3596 1051 3659 Pater
1064 3596 1262 3675 Episcopus
1274 3595 1394 3659 minine

185 3720 313 3783 passus
329 3712 393 3780 est,
411 3704 555 3783 soloque
571 3703 636 3765 sibi
651 3702 762 3766 fratre
778 3705 905 3766 comite
921 3703 1090 3780 adhibito,
1108 3704 1144 3765 in
1159 3705 1327 3782 templum
1337 3701 1393 3764 ibat

186 3809 397 3889 domumque
417 3808 671 3872 reuertebatur.

245 3915 395 3996 Quando
415 3916 450 3978 in
477 3916 618 3994 aliquod
643 3916 809 3997 oppidum
831 3926 1037 3996 peruentum
1064 3930 1152 3998 erat,
1182 3923 1217 3984 in
1240 3943 1309 4005 quo
1332 3935 1395 3986 esse

184 4021 446 4084 xenodochium
472 4022 715 4100 existimabat,
743 4022 777 4084 id
803 4023 839 4084 in
866 4040 1020 4102 quanam
1046 4027 1167 4105 oppidi
1193 4041 1295 4108 parte
1318 4033 1396 4094 esset

183 4126 372 4207 diligenter
392 4129 633 4209 perquirebat,
655 4140 689 4191 et
711 4130 745 4191 in
771 4129 1002 4192 xenodochiis
1028 4149 1284 4215 nonnunquam
1299 4138 1395 4201 diver-

182 4233 345 4311 sabatur;
368 4252 448 4297 cum
474 4244 592 4297 autem
617 4236 661 4297 ad
686 4236 945 4299 xenodochium
975 4238 1151 4316 quoddam
1174 4244 1281 4306 vellet
1300 4244 1397 4306 diuer-

182 4349 269 4419 tere,
292 4342 418 4417 abeis,
441 4342 502 4421 qui
521 4342 732 4404 xenodochii
755 4359 877 4405 curam
901 4343 1089 4422 habebant,
1111 4348 1217 4411 valde
1242 4353 1397 4414 reclama·

181 4455 256 4509 tum
282 4458 351 4526 est,
378 4449 625 4528 negabantque
651 4466 728 4511 eam
755 4466 833 4511 esse
858 4451 1165 4532 consuetudinem,
1197 4465 1303 4536 atque
1329 4471 1396 4520 eum

180 4554 300 4616 multis
315 4555 432 4616 uerbis
448 4555 695 4630 admonebant,
718 4564 755 4617 vt
776 4573 814 4617 se
837 4556 873 4618 in
893 4556 986 4620 aliud
1007 4557 1211 4639 hospitium,
1229 4564 1397 4643 quodiam

179 4670 344 4737 paratum
363 4672 450 4737 erat,
477 4660 669 4739 conferret;
693 4671 728 4723 at
751 4660 856 4724 Pater
877 4662 1075 4743 Episcopus
1098 4665 1395 4733 “consuetudinem
