3210 5392
689 431 752 486 Aa.
775 430 845 487 late
1340 434 1394 492 1213

150 584 227 637 tum
242 590 329 636 vero
344 590 412 636 nos
428 574 553 636 vocari
568 573 669 636 iussit
685 592 728 637 ac
742 575 846 654 pleno
866 575 1045 639 intellectu
1068 576 1254 656 multisque
1278 580 1391 659 lacry-

152 681 220 743 mis
233 679 415 759 coniessa,
436 698 574 743 necnon
601 690 853 744 sacrosanctae
869 681 1117 745 Eucharistiae
1132 684 1265 746 viatico
1282 687 1390 748 muni-

151 798 200 865 ta,
218 805 264 850 ex
279 787 335 850 his
349 788 504 850 miseriis
520 788 688 866 migrauit
703 788 749 850 ad
764 787 967 851 Dominum.

215 893 254 957 ln
267 895 501 957 concionibus
513 903 682 957 consueto
692 895 795 972 (alias
805 896 948 974 saepius
959 899 1115 971 seruato)
1129 897 1234 959 modo
1247 915 1392 978 progre-

153 1000 261 1063 ditur.
279 999 363 1063 Post
379 1001 599 1077 concionem,
617 1001 652 1063 in
668 1000 724 1064 die
740 1001 943 1064 Natiuitatis
964 1002 1096 1066 Beatae
1117 1003 1251 1066 Mariae
1275 1004 1391 1084 Virgi-

153 1108 211 1171 nis
225 1107 395 1184 habitam,
412 1106 587 1186 quaedam
601 1109 717 1188 virgo,
735 1126 906 1189 pomposa
919 1118 953 1172 et
965 1111 1162 1173 saecularis
1174 1112 1271 1174 iuxta
1289 1112 1392 1174 huius

152 1213 289 1276 saeculi
313 1214 529 1292 prauitatem
554 1224 589 1277 et
610 1215 824 1294 superbiam,
851 1225 961 1278 totam
981 1234 1082 1280 suam
1105 1235 1321 1298 componens
1343 1219 1392 1281 vi-

152 1333 239 1397 tam,
256 1329 470 1400 compuncta
485 1338 632 1401 prorsus
647 1321 693 1383 ad
708 1339 763 1384 me
779 1323 886 1398 venit,
905 1324 1023 1386 omnia
1040 1341 1104 1386 sua
1119 1324 1272 1388 offerens
1291 1344 1392 1388 orna·

152 1437 285 1504 menta,
302 1426 430 1507 quibus
444 1428 617 1491 haetenus
633 1428 763 1492 mundo
779 1430 924 1509 eiusque
940 1431 1078 1511 pompis
1090 1433 1231 1512 placere
1246 1434 1392 1511 studuit,

152 1551 320 1598 asserens
335 1552 373 1597 se
388 1535 540 1616 amplius
555 1536 648 1598 nolle
660 1536 801 1599 diabolo
814 1538 878 1599 sub
890 1538 967 1600 istis
979 1537 1168 1616 figmentis,
1186 1541 1249 1602 sed
1262 1539 1338 1603 Deo
1356 1541 1391 1605 in

151 1641 250 1704 omni
269 1641 466 1704 humilitate
488 1640 534 1703 ad
553 1652 704 1704 mortem
725 1660 837 1723 vsque
858 1645 948 1707 velle
970 1645 1132 1707 militare.
1155 1646 1227 1709 Alii
1253 1665 1395 1728 quoque

151 1749 316 1812 nonnulli
336 1749 520 1828 utriusque
546 1766 654 1812 sexus
673 1767 719 1812 ex
740 1751 934 1829 adulteriis,
959 1751 1262 1832 fornicationibus,
1288 1755 1392 1833 odiiS,

151 1855 328 1917 iniustitia
349 1856 498 1936 aliisque
514 1857 766 1936 multiplicibus
788 1867 1017 1938 peccatorum
1032 1861 1233 1939 generibus,
1251 1862 1391 1923 concio-

150 1978 238 2024 num
253 1960 586 2043 confessionumque
611 1963 736 2026 mediis
761 1965 916 2043 quotidie
939 1964 984 2028 ad
1006 1966 1149 2028 saniora
1166 1979 1390 2030 reuocantur.

214 2067 294 2132 Huc
305 2086 444 2149 quoque
457 2079 593 2150 spectat
605 2072 744 2134 silentio
754 2071 896 2134 minime
906 2073 1215 2152 praetereundum,
1231 2072 1393 2136 Rev.mum

150 2175 371 2256 Episcopum
390 2176 624 2240 Leodiensem
639 2176 658 2256 ¹,
672 2178 717 2240 ad
729 2178 934 2242 instantiam
947 2178 992 2241 D.
1006 2178 1167 2258 Pictauii,
1181 2179 1393 2245 Cancellarii

149 2283 372 2359 LeodiensiS,
395 2284 498 2346 nobis
519 2284 655 2347 litteras
679 2302 743 2348 suo
770 2286 887 2364 sigillo
909 2286 1064 2348 munitas
1090 2287 1240 2366 dedisse,
1265 2289 1393 2368 quibus

150 2390 341 2469 approbat,
354 2402 389 2453 et
403 2391 448 2453 ad
465 2390 702 2453 uniuersalem
717 2409 781 2472 per
795 2402 905 2455 totam
919 2410 1022 2455 suam
1036 2391 1225 2456 dioecesim
1238 2395 1392 2474 publica-

148 2498 296 2573 tionem,
311 2513 377 2559 nos
389 2507 424 2559 et
435 2497 554 2559 omnia
571 2506 692 2560 nostra
717 2498 870 2561 admittit
891 2500 1088 2578 priuilegia.
1107 2499 1201 2563 ldem
1216 2500 1391 2563 Dominus

147 2604 406 2682 Cancellarius,
416 2604 630 2667 iamelectus
645 2604 840 2685 Episcopus
853 2605 1065 2669 Morinensis
1080 2606 1103 2683 ',
1120 2608 1234 2687 primo
1247 2624 1386 2687 quoque

148 2724 313 2790 tempore
328 2711 387 2772 vbi
403 2710 633 2774 confirmatus
645 2711 762 2788 fuerit,
781 2712 905 2776 Patres
921 2730 962 2775 ac
976 2712 1122 2776 Fratres
1136 2712 1324 2778 Societatis
1340 2715 1385 2777 ad

148 2835 233 2880 eam
248 2817 433 2880 vocandos
450 2818 550 2895 dixit,
568 2836 658 2898 quos
680 2819 788 2882 tantis
814 2821 962 2882 intendit
988 2821 1112 2884 dotare
1137 2821 1332 2884 honoribus
1355 2832 1389 2886 et

149 2923 346 3002 beneficiis
360 2936 399 2986 vt
412 2926 456 2987 ab
469 2925 545 3004 ipso
557 2925 633 2987 solo
646 2925 754 2989 totius
767 2927 871 2989 huius
886 2926 1067 2991 Inferioris
1082 2927 1296 2991 Germaniae
1311 2930 1392 3010 Epi-

151 3030 258 3110 scopi
273 3033 474 3109 exemplum
490 3031 535 3093 ad
551 3032 674 3094 eadem
690 3032 852 3095 facienda
868 3050 1007 3096 sumere
1023 3044 1200 3113 poterunt.

217 3134 469 3216 Superioribus
482 3138 606 3201 diebus
620 3138 743 3201 Patres
762 3140 875 3202 nostri
897 3158 917 3202 a
936 3139 1158 3205 Cancellario
1183 3141 1195 3172 ³
1211 3153 1246 3207 et
1261 3142 1306 3205 D.
1324 3142 1393 3204 He·

149 3245 211 3307 zio
225 3240 418 3307 ‘Leodium
433 3245 562 3323 vocati,
578 3246 696 3324 gratia
712 3246 894 3325 praefatae
906 3247 1184 3312 confirmationis
1199 3249 1393 3329 suscipien-

149 3353 234 3429 dae,
252 3351 371 3430 plures
392 3350 461 3413 illis
480 3351 679 3415 obtulerunt
698 3353 822 3416 domos
837 3371 917 3416 cum
939 3354 1051 3417 hortis
1068 3355 1198 3420 eisdem
1216 3356 1393 3419 adiunctis

149 3476 222 3539 pro
237 3457 390 3537 collegio
412 3458 542 3521 ibidem
561 3460 769 3523 extruendo.
787 3459 910 3523 Patres
925 3479 1012 3525 vero
1032 3463 1068 3526 in
1089 3478 1286 3542 congruum
1308 3474 1393 3527 tem·

149 3582 220 3645 pus
235 3581 360 3628 eorum
375 3573 461 3627 vota
483 3565 699 3644 disponenda
722 3579 965 3646 seposueram,
990 3568 1245 3649 respondentes
1260 3571 1306 3634 ad
1322 3573 1392 3633 col·

149 3671 288 3750 legium
314 3670 548 3735 extruendum
570 3672 677 3734 aedes
698 3683 732 3736 et
755 3674 876 3736 hortos
907 3692 977 3737 non
998 3675 1168 3755 sufficere,
1196 3676 1258 3739 sed
1281 3678 1390 3740 etiam

148 3778 315 3841 redditus
328 3779 468 3858 aliaque
484 3778 530 3841 ad
545 3780 612 3842 hoc
627 3780 758 3859 requiri
774 3782 988 3858 necessaria;
1005 3800 1069 3845 nec
1093 3782 1295 3847 dubitamus
1313 3786 1393 3846 illos

149 3885 253 3965 pium
267 3894 479 3965 conceptum
495 3886 667 3966 usquead
688 3889 1028 3952 consummationem
1051 3900 1290 3970 promoturos,
1309 3908 1392 3970 quo-

149 4008 235 4055 rum
249 4001 400 4055 conatus
414 3991 590 4055 Dominus
611 3993 657 4056 ad
678 3994 830 4072 gloriam
853 4004 887 4056 et
907 3995 1076 4059 honorem
1093 4014 1195 4060 suum
1221 3997 1396 4078 perticere

148 4099 332 4177 dignetur,
349 4115 485 4178 nosque
504 4098 614 4162 fortes
635 4107 670 4162 et
691 4101 830 4163 alacres
852 4101 899 4163 ad
920 4102 1105 4165 colendam
1127 4121 1229 4167 suam
1245 4105 1391 4169 vineam

198 4377 206 4407 ¹
238 4374 366 4428 Georgius
376 4377 409 4418 ab
421 4375 537 4419 Austria.

193 4448 205 4477 ἱ
234 4444 378 4490 Gulielmus
393 4446 423 4489 de
440 4446 568 4501 Plctavla,
584 4447 675 4502 dequo
691 4449 749 4492 vide
767 4460 854 4503 supra.
873 4456 892 4493 t.
906 4461 933 4500 n,
944 4461 1003 4505 pag.
1022 4450 1070 4497 265².
1090 4457 1178 4494 annot.
1195 4452 1217 4505 t;
1233 4460 1258 4496 et
1272 4463 1331 4507 pag.
1343 4452 1392 4502 268,

171 4519 278 4561 nnot.l.

150 4530 168 4562 ι
196 4589 207 4619 ³
235 4587 372 4644 Gulielmo,
384 4589 474 4644 dequo
483 4602 569 4636 sermo
580 4597 619 4635 eet
631 4593 655 4636 ln
667 4592 833 4646 praecedenti
846 4592 1024 4637 annotatione.

195 4663 207 4693 ὁ
235 4659 398 4704 Theoderico
407 4660 494 4705 llezio.
