3210 5392
138 387 193 447 562
525 387 982 456 Lnreausouaonrussrass

138 554 206 616 que
221 535 377 612 sentiret,
396 551 438 596 ac
453 532 578 595 deinde
598 533 769 614 paulatim
789 531 908 595 diuino
928 534 1075 598 seruitio
1095 551 1174 598 sese
1188 536 1312 599 manci
1322 542 1362 609 ι)

140 653 205 719 ret,
222 660 244 727 a
259 660 328 723 quo
340 657 445 717 nunc,
462 640 522 719 qui
538 639 644 702 etiarn
657 639 853 719 incorrupti
865 639 1042 719 videntur,
1055 642 1143 705 satis
1154 651 1236 705 sunt
1247 641 1362 705 alter

200 748 269 813 Sed
284 765 364 811 cum
379 747 456 811 istis
471 747 624 826 querelis
639 745 782 809 minime
807 746 852 808 sit
868 746 938 810 iam
960 749 1071 822 locuS,
1099 748 1146 812 ad
1167 748 1362 812 instituta

138 868 299 923 nostrum
313 871 424 935 ocyus
436 870 598 934 propero,
616 852 775 915 dicturus
799 853 1022 933 compendio:
1047 854 1201 936 primum
1225 854 1362 937 quide

139 966 290 1029 destatu
310 980 353 1025 ac
378 976 571 1041 progressu
598 960 801 1048 sclrolarum
826 968 1041 1042 nostrarum,
1054 971 1101 1037 ,et
1126 971 1316 1042 praeterea,
1359 973 1362 1002 ⁴

140 1073 207 1153 piis
221 1068 400 1134 exercitiis
415 1066 561 1130 Patrum
580 1084 624 1129 ac
644 1065 795 1129 fratrum
820 1077 1034 1147 nostrorum,
1062 1068 1190 1150 quibus
1204 1066 1362 1133 aedile

139 1180 272 1243 tionem
285 1186 320 1240 et
334 1177 484 1238 salutem
499 1173 619 1254 populi
639 1173 743 1237 huius
761 1183 1032 1254 promeruerunt
1050 1191 1116 1256 per
1132 1174 1258 1240 horum
1279 1183 1362 1256 qv

140 1298 220 1351 tuor
235 1283 409 1348 mensium
429 1267 593 1361 spatium.

201 1390 372 1457 Accessio
387 1399 511 1452 sextae
526 1389 663 1464 classis
680 1406 792 1469 nuper
807 1389 905 1452 iussu
921 1387 991 1452 R.‘¹¹
1006 1388 1124 1454 Patris
1138 1380 1362 1455 visitator-:i

139 1509 291 1575 erectae,
308 1498 376 1560 hoc
389 1505 453 1573 est,
471 1495 598 1559 classis
612 1496 854 1574 paruulorum,
870 1496 929 1575 qui
944 1496 981 1558 in
996 1496 1237 1577 cognitionem
1250 1498 1307 1579 alp
1317 1489 1362 1555 1

141 1608 222 1681 beti,
239 1614 274 1668 et
289 1604 433 1667 omnino
449 1602 485 1665 in
497 1601 636 1665 ratione
649 1602 790 1681 legendi
802 1618 844 1664 ac
854 1600 1032 1665 scribendi
1044 1603 1285 1682 instituuntur,
1296 1614 1362 1668 ε]

141 1730 268 1795 parum
282 1711 381 1774 auxit
396 1725 583 1772 numerum
597 1702 1047 1787 scholarium'nostrorum,
1069 1710 1212 1775 tametsi
1231 1712 1307 1775 illor
1321 1718 1362 1766 1

140 1821 213 1885 iam
226 1819 300 1882 lere
315 1817 461 1897 triginta
478 1815 629 1878 caeteris
644 1814 793 1878 admixti
808 1825 937 1894 essent,
953 1833 1053 1896 quos,
1070 1817 1353 1898 importunis?

140 1928 242 1991 cibus
256 1925 343 1989 uicti
357 1932 545 2003 parentum
560 1922 728 2001 ipsorum,
745 1921 842 1999 passi
857 1938 1010 2001 eramus,
1032 1940 1114 1987 cum
1133 1925 1210 1988 suis
1230 1926 1288 1989 uel
1299 1916 1362 1987 f:

143 2034 254 2098 tribus
268 2032 324 2095 uel
339 2028 558 2110 paedagogis
584 2027 739 2109 quotidie
760 2028 794 2091 in
817 2029 949 2092 nostris
974 2030 1106 2094 scholis
1130 2032 1298 2108 residere,

142 2150 261 2204 tamen
276 2140 367 2217 lege,
384 2146 422 2199 ut
447 2136 491 2198 de
506 2135 549 2198 iis
574 2134 776 2198 erudiendis
801 2136 935 2198 nullam
955 2137 1218 2217 susciperemus
1231 2150 1362 2219 procl¹

143 2248 249 2311 ciam.
266 2246 305 2310 In
320 2243 419 2308 tenui
433 2243 537 2305 labor
552 2251 617 2319 est,
634 2250 671 2304 at
686 2258 758 2304 non
774 2241 889 2304 tenuis
912 2241 1039 2321 gloria,
1065 2252 1105 2306 ut
1118 2244 1170 2307 ait
1183 2242 1310 2308 Maro²
1338 2282 1362 2297 -

141 2353 279 2416 duobus
293 2351 450 2414 tribusue
466 2348 523 2412 hic
537 2346 741 2411 subeundus
756 2355 810 2410 est
831 2348 941 2423 labor,
962 2358 997 2411 et
1015 2347 1160 2429 quidem
1178 2361 1360 2425 utcumcl

142 2461 262 2538 durus,
279 2474 382 2539 quern
397 2467 516 2520 tamen
532 2455 635 2517 facile
647 2452 785 2533 mitigat
797 2471 890 2534 spes,
906 2454 1060 2518 imolam
1075 2466 1176 2521 certa
1190 2458 1362 2539 experie

142 2570 203 2645 tia,
220 2564 414 2646 spiritualis
430 2561 602 2625 vtilitatis.
620 2559 777 2624 Primum
796 2561 945 2623 testulae
965 2561 1056 2625 istae
1078 2574 1253 2642 recentes,
1279 2574 1357 2644 qu

141 2677 197 2739 uel
214 2675 250 2737 in
275 2668 507 2752 hypocaustis
532 2667 672 2731 desides
698 2677 891 2746 torperent,
914 2675 975 2730 aut
1000 2684 1064 2747 per
1089 2670 1245 2750 compita
1266 2680 1352 2733 no:

141 2788 370 2859 uagarentur,
389 2784 450 2838 aut
475 2774 524 2852 (ut
550 2774 722 2836 donemus
747 2773 965 2853 praeclarius
985 2790 1065 2837 curn
1087 2775 1157 2838 illis
1179 2776 1240 2855 agi
1253 2790 1345 2857 pos·

142 2888 226 2951 alibi
242 2889 334 2949 lente
350 2902 392 2946 ac
407 2882 524 2944 minus
538 2880 710 2943 foeliciter
725 2878 815 2942 haec
829 2878 954 2943 eadem
963 2880 1166 2945 rudimenta
1180 2882 1338 2946 discere¹

142 3012 236 3058 nunc
252 3002 363 3055 totum
379 3006 468 3069 pene
483 2987 576 3050 diem
602 2986 696 3065 apud
715 3003 781 3048 nos
796 2986 942 3066 exigunt
967 2988 1193 3052 lectiunculis
1217 2990 1291 3053 suis
1315 3003 1332 3048 1

143 3112 268 3164 nantes
291 3099 452 3177 opellam.
477 3093 584 3155 Hisce
610 3092 806 3154 rationibus
831 3092 926 3156 ducti
952 3104 1119 3172 parentes
1144 3096 1204 3174 pia
1219 3094 1325 3175 quad·

141 3205 407 3287 importunitate
422 3200 524 3263 nobis
541 3200 618 3261 illos
638 3200 876 3261 obtruserunt.
903 3199 995 3278 Quin
1015 3200 1134 3277 etiarn,
1158 3212 1299 3282 praeter

140 3315 288 3387 ctrinae,
305 3327 411 3389 quam
426 3307 478 3370 sic
493 3306 670 3375 hauriunt,
688 3305 884 3382 utilitatem,
899 3316 933 3368 et
944 3316 1085 3384 praeter
1098 3309 1312 3372 commodae

142 3421 221 3484 allis
236 3417 447 3491 eommunia,
464 3413 690 3493 quotidianae
706 3413 835 3475 missae
851 3413 1024 3476 intersunt
1041 3413 1168 3491 officio,
1186 3426 1223 3478 ut
1241 3426 1306 3479 ate

141 3529 191 3590 ris
206 3523 407 3604 unguiculis
421 3522 543 3599 iugum
559 3519 702 3581 Domini
718 3519 793 3580 leue
807 3530 948 3598 portare
959 3531 1212 3586 consuescant.

200 3632 336 3695 Horum
351 3628 513 3706 exemplo
530 3643 572 3687 ac
588 3626 778 3688 foelicitate
799 3625 968 3688 stimulati
982 3629 1002 3689 5
1016 3637 1077 3690 aut
1092 3627 1113 3689 6
1128 3629 1199 3692 viri
1221 3629 1293 3709 hisp

141 3743 300 3803 nolentes
315 3736 526 3800 detrimenta
541 3732 738 3795 ociositatis
759 3732 895 3794 aulicae
917 3733 1090 3811 deuitare,
1112 3737 1286 3815 quodamn

142 3861 398 3927 repuerascere
422 3858 490 3903 non
517 3841 744 3911 erubuerunt,
769 3848 803 3900 et
823 3856 843 3899 a
868 3838 969 3901 nobis
990 3842 1251 3906 contenderunt

143 3956 221 4016 illos
238 3950 384 4014 institui.
415 3947 541 4010 Postea
572 3963 669 4023 uero,
696 3963 776 4008 cum
806 3945 933 4007 horum
957 3963 1127 4011 numerus
1156 3967 1271 4012 exeret

140 4060 187 4123 ad
201 4058 279 4132 XII,
297 4069 331 4119 et
348 4055 464 4118 adhue
479 4054 598 4133 plures
613 4061 783 4114 venturos
808 4053 1065 4131 promitterent,
1093 4057 1266 4133 postulati·

139 4165 356 4241 eumalium,
374 4162 418 4224 ab
435 4160 510 4223 istis
522 4158 641 4238 pueris
657 4168 896 4237 segregatum,
912 4174 984 4219 vna
999 4175 1081 4221 cum
1096 4158 1260 4240 Magistrr

140 4275 283 4351 linguae
295 4267 545 4344 concessimus
555 4275 592 4327 ut
605 4273 748 4344 possent
761 4264 979 4326 commodius
993 4265 1132 4343 legendi
1141 4284 1184 4329 ac
1193 4284 1251 4330 ser

146 4445 356 4459 ——..-—-—

183 4547 191 4578 ¹
222 4545 248 4588 Ρ.
262 4542 410 4597 llicronymi
422 4540 533 4583 Natalis.

180 4619 191 4649 ²
222 4614 420 4668 Georgicorum,
431 4614 474 4655 lib.
487 4623 521 4661 rr,
534 4623 557 4654 v.
568 4620 589 4652 o.
