3210 5392
674 444 746 501 'Am
768 439 836 500 155t
937 489 940 494 .
981 441 985 454 '
1325 438 1382 498 <195

176 591 232 652 stri
247 591 403 653 electione
427 599 488 653 aut
514 589 763 668 reprobatione
783 588 964 651 decretum
986 585 1132 650 Senatui
1155 584 1377 649 referendum

179 704 316 760 statuent.
329 695 433 761 Certe
444 696 614 777 plerique,
627 703 666 758 vt
677 695 765 758 nihil
778 703 900 774 agant,
917 692 1012 774 quod
1025 694 1081 755 vel
1094 691 1315 756 Pontificiam
1330 691 1378 754 di·

183 803 322 881 gnitatem
335 804 504 877 offendat,
522 804 580 867 vel
594 800 783 866 Societatis
804 801 986 880 negotium
1005 810 1214 880 promoueat
1235 799 1378 878 (vtrum-

186 927 237 989 que
260 912 343 974 enim
370 911 506 974 euitare
534 910 697 985 student,
728 909 898 971 neutrius·
916 908 1112 987 periculum
1140 907 1283 970 euasuri
1312 906 1380 974 nisi

188 1028 306 1081 mentem
319 1019 477 1095 mutent),
495 1017 673 1094 simulant,
689 1016 896 1096 neutiquam
911 1015 1013 1077 nobis
1028 1014 1244 1093 persuasuri,
1260 1031 1306 1078 se
1320 1012 1377 1077 So·

134 1103 138 1109 ’
190 1123 295 1188 eietatis
307 1117 449 1205 negotia
465 1124 728 1201 administrare,
745 1139 854 1203 quum
865 1123 1021 1186 taedium
1032 1121 1135 1185 nobis
1146 1137 1284 1201 parere,
1300 1138 1380 1185 nos·

190 1246 241 1308 que
254 1248 332 1295 vana
351 1223 414 1313 spe
434 1234 570 1295 lactare
589 1228 765 1296 studeant.
783 1231 981 1311 Episcopus
1001 1229 1212 1293 Parisiensis
1229 1227 1237 1259 ¹
1253 1228 1379 1293 infesta

188 1333 323 1403 Societati
343 1341 447 1419 signa
467 1339 608 1402 assidue
624 1339 790 1401 minatur.
809 1336 887 1416 Quo
903 1353 960 1400 res
976 1335 1119 1399 tandem
1133 1337 1274 1399 eueniet
1287 1336 1380 1416 peni·

190 1454 233 1507 tus
247 1445 452 1525 ignoramus,
468 1447 538 1510 nisi
564 1445 658 1526 quod
678 1462 805 1525 parum
819 1444 955 1508 fauoris
974 1460 995 1505 a
1016 1443 1216 1522 theologica
1235 1442 1381 1506 faculta-

190 1553 306 1617 tenebis
329 1548 570 1636 polliceamur.
586 1553 693 1617 Faxit
714 1552 877 1617 Christus
893 1562 931 1615 vt
952 1551 1125 1631 proximis
1151 1551 1263 1613 literis
1288 1552 1381 1614 laeta

193 1652 237 1718 Pa
251 1669 317 1724 tuae
330 1662 584 1725 renuntiemus.
964 1710 967 1715 .
1270 1679 1272 1683 ⁴
1333 1728 1336 1734 ,

235 1762 460 1847 Superioribus
484 1768 597 1831 literis
619 1769 781 1848 proxime
803 1769 924 1847 elapso
945 1783 1067 1830 mense
1089 1766 1135 1829 ad
1155 1764 1266 1829 paam
1286 1770 1383 1830 tuam

191 1870 279 1936 missis
290 1874 301 1905 ³
313 1876 515 1939 intellexisti
529 1892 585 1938 me
601 1874 671 1938 ΚΜ
685 1874 801 1938 Patris
815 1873 999 1938 Paschasii
1014 1873 1225 1937 auctoritate
1240 1872 1381 1951 fretum,

194 1980 323 2057 auspiciis
337 1983 519 2062 praeteriti
534 1983 666 2046 mensis
681 1983 717 2045 in
732 1981 843 2045 tribus
866 1981 969 2061 pagis
989 1981 1204 2044 concionem
1217 1981 1381 2045 habuisse

193 2097 252 2147 cum
267 2087 429 2170 frequenti
455 2091 576 2170 populi
597 2084 763 2152 confluxu
785 2098 819 2151 et
844 2088 983 2150 fauore:
1006 2087 1108 2150 cuius
1132 2097 1380 2168 argumentum

196 2195 321 2266 praebuit
344 2197 424 2276 pius
448 2195 680 2259 Dominorum
709 2196 784 2258 eius
814 2196 913 2274 pagi,
941 2195 977 2258 in
1002 2211 1072 2274 quo
1102 2195 1255 2275 quinque
1277 2195 1384 2258 habui

195 2301 359 2380 conciones
373 2301 533 2377 affectus,
546 2300 688 2364 Patrem
703 2301 934 2374 Paschasium
949 2302 1154 2381 rogantium
1168 2319 1252 2365 num
1267 2301 1383 2382 proxi·
1410 2339 1412 2343 -

197 2415 237 2462 ma
246 2409 504 2488 quadragesima
519 2409 630 2488 ipsius
641 2409 789 2473 arbitrio
804 2408 933 2472 ibidem
945 2426 988 2471 ac
1003 2410 1107 2489 pagis
1121 2409 1384 2474 circumuicinis

194 2513 364 2579 concionari
377 2516 521 2579 vellem:
534 2516 660 2596 quibus
674 2514 779 2579 Pater
794 2533 859 2579 nec
875 2515 1076 2595 refragatus
1092 2527 1225 2579 estnec
1241 2516 1383 2578 omnino

194 2622 354 2701 consensit,
376 2623 488 2686 donec
512 2623 739 2701 negotiorum
760 2625 1006 2704 opportunitas
1031 2640 1069 2686 se
1094 2622 1230 2686 offerat.
1259 2621 1382 2685 Subse-

192 2729 345 2799 quentibus
364 2729 551 2793 dominicis
577 2730 700 2793 diebus
724 2731 760 2794 in
785 2731 897 2794 tribus
923 2731 1001 2794 aliis
1026 2731 1129 2811 pagis
1154 2730 1384 2793 ecclesiastae

193 2827 277 2898 officio
289 2836 429 2900 functus
443 2853 533 2914 sum,
547 2836 800 2900 humanissime
815 2855 836 2899 a
851 2836 1005 2900 Domino
1020 2838 1100 2910 loci,
1117 2837 1153 2900 in
1168 2854 1237 2918 quo
1253 2845 1385 2916 postre-

193 2949 261 3003 mam
273 2943 377 3006 habui
393 2943 611 3020 concionem,
626 2955 807 3024 exceptus,
820 2944 901 3007 lieet
914 2961 982 3024 ego
997 2962 1062 3024 pro
1072 2961 1151 3006 meo
1165 2961 1266 3006 more
1281 2959 1385 3006 omne

191 3048 315 3114 conuiuii
329 3050 598 3114 contubernium
613 3051 728 3113 vitare
744 3053 970 3132 modesteque
985 3069 1151 3115 recusare
1167 3053 1312 3115 soleam.

233 3151 341 3238 Itaque
355 3157 544 3236 Euangelii
565 3157 760 3220 ministerio
775 3157 917 3221 functus
936 3158 1105 3222 trimestri
1119 3158 1193 3221 fere
1214 3159 1329 3239 spatio
1351 3160 1386 3223 in

191 3259 337 3338 undecim,
365 3274 440 3328 tum
469 3262 700 3344 SenonensiS,
729 3275 803 3327 tum
828 3263 1039 3328 Parisiensis
1068 3265 1258 3344 dioecesis,
1285 3267 1386 3345 lociS,

190 3356 302 3434 domum
324 3388 509 3448 reuersus,
526 3389 621 3449 eum,
639 3371 699 3452 qui
713 3372 926 3451 penultimus
941 3384 1085 3435 nostrae
1100 3373 1255 3437 familiae
1270 3364 1387 3437 nume-

192 3481 249 3536 rum
266 3478 376 3556 auxit,
395 3478 594 3558 complures
610 3478 684 3541 dies
705 3495 785 3541 cum
800 3478 888 3541 febri
908 3489 1025 3558 acuta,
1042 3480 1175 3560 absque
1189 3482 1260 3543 vlla
1282 3482 1386 3544 inter·

192 3576 329 3648 missione
355 3601 485 3665 corpus
510 3585 621 3664 ipsius
645 3586 865 3664 exagitante,
893 3588 1085 3649 luctantem
1114 3587 1258 3667 offendi,
1283 3605 1388 3667 quem

192 3677 245 3749 iam
260 3707 363 3755 vnum
386 3708 430 3754 ac
451 3691 579 3770 viginti
599 3690 674 3755 dies
696 3690 785 3755 febri
814 3693 981 3755 continua
1013 3704 1251 3773 aestuantem,
1277 3697 1387 3758 coele-

193 3788 273 3858 stium
285 3799 416 3862 ciuium
437 3815 624 3862 numerum
647 3800 851 3879 propediem
869 3810 1056 3863 aucturum
1072 3812 1146 3864 tum
1161 3803 1289 3866 medici
1315 3815 1390 3866 tum

189 3890 367 3985 Chirurgus,
394 3914 500 3986 atque
531 3905 619 3968 adeo
645 3907 803 3985 nosipsi
833 3907 1102 3970 arbitrabamur.
1134 3908 1244 3990 Atqui
1273 3911 1392 3974 mitius

193 4011 264 4070 nunc
283 4029 319 4074 se
342 4012 466 4090 habet,
493 4012 768 4092 phlebotomiam
794 4029 857 4076 seu
883 4032 996 4077 venae
1020 4016 1228 4079 incisionem
1250 4018 1392 4081 tertiam

195 4098 273 4177 hldie
290 4135 432 4198 passus:
449 4120 485 4181 in
506 4119 611 4197 gravi
625 4128 744 4182 tamen
767 4119 883 4183 adhuc
905 4122 1026 4184 haeret
1049 4122 1269 4200 discrimine,
1288 4143 1393 4205 quem

196 4204 252 4272 Ν·
261 4220 350 4288 Tuae
364 4226 586 4290 orationibus
602 4229 892 4291 commendamus
908 4230 1047 4292 obnixe.
1066 4229 1237 4295 Picardus
1259 4244 1313 4295 est
1334 4252 1393 4296 na-

209 4405 376 4431 N·—

229 4523 235 4553 ¹
258 4529 402 4583 Eustachius
412 4540 446 4584 du
458 4539 559 4598 Bellay.

199 4595 244 4720 m}
252 4600 361 4719 ιῙῶῑθῑῙΙῐθ
371 4612 476 4656 litteras
486 4615 601 4667 proxime
613 4615 702 4670 elapso
713 4616 898 4669 quadrimestrl
909 4617 1017 4663 Romam
1029 4620 1129 4673 missas,
1141 4632 1205 4674 quas
1216 4597 1387 4675 habee'eupra
