3240 5386
189 426 246 485 618
581 427 752 485 errnaas
766 443 1037 496 Quanamusraes

194 572 263 649 giis
279 574 583 651 commendarunt,
600 574 660 653 qui
682 591 762 637 cum
786 573 830 635 ad
851 591 935 637 suos
955 573 1155 649 rediissent,
1181 590 1224 635 ac
1243 571 1313 634 nihil
1328 586 1375 633 nou

195 678 444 756 orthodoxum,
470 698 540 743 non
568 682 675 759 pium,
704 698 775 744 non
800 689 974 757 sanctum,
996 681 1174 761 reperisse
1194 688 1376 749 testarentur,

196 784 244 847 illi
260 783 374 847 denuo
390 803 491 849 suam
507 804 694 850 censuram
709 787 948 864 obtrudentes,
964 803 1079 849 nouos
1096 787 1260 865 ingerunt
1271 798 1352 861 scrup
1370 814 1376 824 -

195 894 259 953 los.
277 890 395 970 Quare
410 894 486 973 ipse
501 894 689 975 inquisitor
703 894 785 957 fidei
799 895 926 957 iterum
947 894 990 956 ad
1014 911 1080 956 nos
1103 908 1264 955 reuersus
1282 888 1333 952 sihi
1347 888 1379 949 di·

194 1000 351 1074 plomata
366 1010 489 1063 nostra
505 1003 644 1064 ostendi
660 1002 882 1082 deprecatur,
900 1001 1025 1064 dubius
1041 1001 1144 1063 nobis
1160 1018 1205 1061 ne
1224 1015 1266 1060 an
1286 996 1381 1059 theolo-

194 1106 251 1183 gis
275 1105 379 1169 fidem
400 1107 568 1171 adhibere
587 1110 726 1171 debeat.
750 1109 908 1190 Cumque
930 1125 1007 1171 sese
1029 1108 1161 1170 habere
1183 1105 1306 1180 omnia,
1324 1113 1381 1163 vta

195 1212 304 1276 fratre
325 1226 525 1293 acceperat,
550 1218 792 1296 comperisset,
816 1234 888 1280 non
911 1224 1048 1296 poterat
1069 1231 1140 1277 non
1157 1208 1381 1276 succensereiu

195 1319 390 1399 theologos
408 1339 497 1401 quos
512 1340 592 1385 cum
607 1340 779 1386 excusare
800 1321 1062 1403 quodammodo
1085 1336 1303 1396 conaremur,
1319 1312 1382 1396 quod

195 1443 266 1487 non
280 1427 368 1489 satis
384 1446 426 1490 ea
440 1429 707 1507 intellexissent,
724 1431 799 1508 ipse
815 1444 948 1492 autem:
964 1428 1072 1508 “quis
1087 1426 1212 1506 inquit,
1225 1425 1308 1487 adeo
1317 1422 1383 1485 rudis

195 1532 253 1611 qui
269 1533 356 1596 haec
372 1552 443 1597 non
457 1536 643 1616 percipiat?
658 1536 748 1599 Nam
763 1547 797 1599 et
813 1537 909 1612 mihi,
926 1537 1154 1615 quantumuis
1171 1534 1294 1611 ignaro
1306 1540 1333 1592 et
1343 1528 1383 1589 iu·

195 1639 320 1719 perite,
337 1642 424 1703 satis
444 1643 541 1704 clara
563 1654 643 1705 sunt
664 1645 812 1720 omnia„
835 1644 877 1707 Et
898 1644 949 1705 sic
971 1652 1065 1704 totus
1080 1637 1329 1719 cogitabundus
1338 1634 1383 1696 dis·

195 1747 311 1809 cessit.

254 1852 351 1916 Haec
367 1868 448 1918 sunt
463 1854 580 1933 (Pater
596 1856 927 1932 obseruandissime)
944 1855 1148 1935 praecipua,
1167 1853 1211 1914 de
1226 1851 1337 1932 quibus
1350 1846 1383 1906 vi·

194 1976 271 2021 sum
287 1972 339 2022 est
355 1960 608 2026 Paternitatem
625 1963 738 2027 Tuam
754 1980 831 2025 esse
843 1962 1067 2036 monendam,
1082 1960 1222 2023 duabus
1234 1957 1276 2020 de
1286 1953 1381 2025 causis,

193 2083 342 2144 quarum
369 2069 494 2147 prima,
518 2070 720 2132 obseruatio
743 2069 925 2148 praecepti
946 2068 1007 2143 tui,
1031 2086 1100 2148 quo
1123 2067 1228 2129 nobis
1250 2056 1384 2145 praescri·

193 2183 291 2251 ptum
306 2186 345 2237 vt
360 2174 402 2237 de
417 2176 523 2238 rebus
539 2179 639 2256 lapsu
656 2177 824 2256 temporis
840 2176 1109 2238 succedentibus
1125 2185 1158 2236 te
1173 2172 1220 2235 ad
1233 2172 1383 2233 veritatem

192 2278 390 2343 faceremus
406 2284 604 2361 certiorem,
622 2293 655 2345 et
671 2285 820 2362 qualiter
835 2294 995 2345 nostrum
1015 2300 1053 2345 se
1073 2282 1204 2343 habeat
1225 2277 1383 2356 negotium.

194 2386 327 2465 Altera,
344 2399 382 2449 vt
397 2390 553 2452 unanimi
570 2391 761 2453 intentione
774 2389 927 2452 Domino
939 2389 1016 2452 Deo
1028 2406 1093 2468 pro
1107 2389 1173 2461 his,
1188 2387 1247 2466 qui
1259 2386 1304 2447 ita
1314 2377 1385 2445 nobis

191 2494 370 2568 insultant,
389 2497 487 2558 iuxta
504 2498 703 2560 doctrinam
719 2497 860 2560 Domini
875 2497 988 2560 nostri
1007 2494 1208 2559 Saluatoris
1230 2488 1387 2556 identidem

191 2617 315 2678 preces
338 2604 535 2680 tundamus,
559 2622 629 2666 non
652 2605 788 2666 suturas
811 2599 952 2683 quidem
976 2603 1176 2666 calumnias
1202 2603 1273 2664 vllo
1299 2604 1389 2677 pacto.
1453 2676 1455 2683 Ι

191 2709 305 2770 meriti
322 2722 580 2787 argumentum,
603 2710 844 2787 formidantes
867 2709 929 2773 sed
952 2710 1044 2790 quod
1067 2709 1171 2772 cedat
1193 2708 1260 2771 illis
1281 2705 1324 2768 ad
1339 2699 1391 2763 ani·

191 2832 268 2877 mae
285 2817 543 2878 detrimentum.
560 2816 670 2894 Igitur
687 2817 789 2878 nohis
809 2818 1008 2878 consultum
1030 2827 1082 2877 est
1105 2814 1211 2876 hilari
1232 2812 1344 2874 animo
1359 2807 1395 2867 in·

190 2923 383 2985 sistendum
400 2925 573 3002 precihus
592 2943 661 3002 quo
677 2924 819 2985 tandem
837 2925 1024 2985 cacoethes
1039 2923 1123 2984 illud
1139 2922 1399 3000 deponantur

190 3031 383 3107 cacologiis
399 3041 538 3092 cessent
555 3032 717 3092 assuetis.
732 3029 801 3092 Res
814 3048 899 3092 sane
912 3031 1180 3108 lachrymarum
1193 3026 1290 3088 sonte
1303 3024 1403 3103 deplo-

188 3137 313 3211 randa,
331 3137 452 3198 videre
468 3138 681 3199 christianos
697 3138 826 3198 fratres
848 3138 881 3197 in
905 3153 1025 3198 errore
1049 3134 1259 3197 obfirmatos
1283 3150 1371 3203 esse,
1392 3148 1408 3188 a

190 3243 315 3319 quihus
331 3243 589 3321 quodammodo
606 3245 806 3322 synceritas
821 3243 900 3304 fidei
916 3243 951 3304 in
968 3241 1082 3303 Gallia
1096 3241 1240 3303 videtur
1253 3240 1411 3318 pendere.

189 3359 222 3408 et
239 3350 286 3410 ita
303 3351 479 3411 caecutire
496 3360 532 3411 vt
549 3351 667 3412 dicant
682 3351 825 3425 honum,
842 3350 985 3423 malum,
1003 3358 1173 3427 ponentes
1189 3349 1310 3408 lucem
1329 3359 1416 3408 tene·

189 3455 283 3531 hras,
301 3457 393 3533 quod
407 3467 501 3518 certe
517 3457 626 3518 tendit
643 3456 687 3517 ad
703 3456 893 3517 interitum.
912 3453 1208 3532 Quandoquidem
1225 3455 1294 3531 qui
1314 3471 1352 3514 se
1371 3470 1419 3513 sa·

188 3579 272 3622 uum
288 3571 398 3640 putat,
421 3565 571 3625 consulit
593 3563 767 3624 medicum
791 3579 912 3623 nemo:
937 3562 1117 3622 enimuero
1142 3559 1221 3621 sine
1243 3561 1423 3622 charitate

188 3668 304 3730 nullus
320 3670 525 3731 saluabitur.
544 3669 673 3748 Ecquis
686 3668 829 3744 diceret,
844 3670 1001 3730 insontes
1013 3666 1190 3745 persequi,
1206 3667 1423 3729 charitatem

188 3776 280 3836 esse?
295 3775 337 3836 Et
353 3777 515 3854 quamuis
532 3777 661 3837 malum
679 3784 878 3837 reuertatur
893 3775 929 3836 in
944 3781 1051 3851 caput
1066 3773 1265 3850 irrogantis
1283 3775 1427 3850 (liuidus

187 3881 279 3943 enim
293 3883 437 3960 patienti
450 3900 672 3962 nequaquam
686 3883 789 3945 insert
805 3883 980 3956 iniuriam,
992 3880 1054 3942 sed
1066 3879 1321 3943 tantummodo
1334 3883 1427 3955 sibit.

187 3990 266 4066 quis
281 4000 397 4050 tamen
414 3990 590 4052 hominem
602 3991 729 4052 debere
741 4007 805 4051 suo
817 3988 1045 4060 benefactori,
1060 3996 1093 4048 et
1109 3984 1362 4064 suppeditanti
1376 4010 1429 4051 ea.

187 4113 276 4174 quae
299 4096 343 4156 ad
368 4097 559 4159 humanam
573 4099 684 4158 vitam
707 4096 854 4170 iaciunt,
880 4096 968 4156 bene
989 4094 1126 4172 precari
1146 4094 1325 4170 negabit?
1347 4097 1431 4159 Vita

187 4212 309 4265 nostra
326 4220 416 4282 quae
432 4214 484 4264 est
501 4203 710 4265 abscondita
727 4203 760 4263 in
778 4202 931 4272 Christo,
949 4217 1066 4262 nonne
1083 4217 1123 4260 eu
1140 4208 1250 4260 estut
1269 4219 1341 4280 pro
1363 4201 1432 4265 Do·

187 4311 282 4371 mino
297 4310 380 4391 Jesu
397 4311 645 4371 contumeliam
661 4310 852 4386 patiamur?
869 4307 947 4369 Non
964 4307 1070 4385 igitur
1094 4306 1241 4368 dubium
1264 4323 1325 4371 est
1348 4314 1431 4389 quin

188 4417 266 4477 illos
283 4417 315 4492 (a
332 4417 459 4495 quibus
474 4418 547 4477 vita
565 4427 685 4478 nostra
703 4415 957 4476 incrementum
973 4413 1103 4492 accipit
1120 4413 1154 4473 in
1170 4412 1263 4489 dies)
1282 4419 1434 4479 commi·

187 4524 367 4584 seratione
383 4533 417 4584 et
433 4540 554 4585 amore
571 4524 735 4601 prosequi
761 4522 961 4594 debeamus
986 4536 1201 4598 quamquam
1224 4531 1339 4584 actus
1360 4525 1432 4585 illo-

186 4646 264 4691 rum
279 4630 465 4691 videantur
480 4631 645 4692 secedere
661 4648 680 4690 a
700 4648 785 4690 vero
801 4629 942 4689 tramite
958 4627 1116 4688 rationis
1134 4625 1275 4689 Trahat
1292 4644 1379 4709 post
1396 4652 1432 4693 se
