3210 5392
662 481 723 540 ΑΝ.
746 481 816 539 lam
1302 478 1356 537 067

122 625 165 690 T.
184 626 228 691 R.
245 626 285 690 P.
299 629 523 707 cognouerit;
538 645 619 691 curn
631 628 666 691 id
677 627 887 708 praesertim
899 626 1036 690 duabus
1047 626 1090 688 de
1103 625 1221 688 causis
1233 625 1355 703 impul-

125 751 187 797 sus
202 734 290 797 mihi
305 735 566 797 obseruandum
581 735 912 815 impraesentiarum
926 733 1182 814 proposuerim,
1205 748 1354 812 quarum

129 842 242 905 altera
258 840 335 920 fuit,
358 851 395 905 ut
414 842 672 905 multitudinem
693 840 788 904 illam
810 842 998 904 uerborum
1019 857 1125 920 quam
1147 856 1217 901 non
1236 854 1355 900 neces-

128 948 262 1011 sariam
289 947 398 1012 luisse
422 949 683 1026 animaduerto,
710 948 876 1024 uitarem;
902 948 1051 1027 pristina
1079 958 1197 1010 autern
1226 945 1352 1022 forma,

133 1070 240 1134 quam
256 1071 299 1117 ea
315 1055 432 1118 adbuc
448 1055 611 1132 retinent,
633 1056 676 1118 de
696 1055 821 1135 quibus
846 1054 888 1118 R.
915 1052 952 1117 P.
978 1053 1020 1116 T.
1046 1052 1220 1133 supremis
1244 1053 1355 1115 literis

131 1161 321 1225 certiorem
336 1162 414 1240 ieci,
431 1179 487 1225 me
503 1179 642 1242 quoque
657 1162 856 1225 breuiorem
868 1159 968 1237 facit;
982 1159 1157 1222 nonenim
1169 1158 1354 1221 eademre·

128 1267 282 1345 petenda
305 1269 390 1332 mihi
410 1270 487 1331 uisa
509 1279 608 1348 sunt3
631 1285 741 1349 quare
764 1285 806 1331 ea
828 1267 981 1330 breuiter
1007 1264 1301 1344 commemorabo,
1325 1265 1356 1326 si

127 1389 218 1453 quae
234 1375 334 1438 hisce
350 1375 528 1439 mensibus
543 1393 636 1440 noua
651 1375 887 1454 contigerunt.

184 1481 279 1545 Illud
295 1498 392 1559 uero,
413 1483 507 1562 quod
528 1481 701 1546 Dominus
721 1499 784 1562 per
805 1492 924 1561 patres
945 1491 1086 1544 nostros
1105 1477 1356 1559 perficiendum

119 1589 252 1665 uoluit,
263 1589 417 1652 sermoni
428 1598 550 1652 nostro
560 1588 685 1653 afferet
696 1588 845 1668 initium,
855 1589 960 1668 quod,
973 1587 1119 1667 scilicet,
1131 1587 1256 1650 mulier
1266 1603 1357 1666 quae

117 1696 300 1773 potestati
315 1691 513 1775 cuiusdam}
537 1695 692 1775 coniugii
711 1696 867 1773 uinculo,
890 1712 953 1776 per
973 1693 1244 1775 quadriennium
1264 1694 1356 1754 ultro

113 1801 291 1865 subiecta
304 1800 431 1880 fuerat,
447 1819 607 1883 quaeque
621 1802 714 1865 intra
729 1811 781 1865 tot
796 1818 908 1865 annos
931 1800 1168 1864 conscientiae
1187 1798 1357 1878 expiatio-

113 1925 212 1971 nem
227 1925 410 1988 nunquam
425 1910 568 1986 iecerat,
585 1926 698 1990 nuper
716 1908 933 1973 domicilium
953 1925 1016 1971 suo
1039 1919 1143 1987 atque
1158 1914 1280 1969 nostro
1296 1902 1358 1966 Re-

112 2015 308 2095 demptori
319 2015 409 2078 adeo
421 2015 661 2094 illustrauerit,
675 2024 712 2078 ut
726 2015 819 2079 idem
830 2014 1004 2079 Dominus
1018 2013 1212 2077 secundum
1225 2011 1358 2075 miseri·

114 2122 274 2185 cordias
289 2138 375 2184 suas
388 2121 473 2184 illud
488 2122 633 2185 uisitare
648 2139 718 2185 non
733 2122 946 2200 dedignatus
960 2120 1076 2198 fuerit,
1098 2120 1168 2182 imo
1191 2136 1233 2183 eo
1253 2117 1358 2181 modo

114 2228 309 2306 munierit,
325 2238 363 2291 ut
377 2230 473 2291 nullo
489 2246 669 2292 armorum
683 2245 814 2309 genere
829 2228 1000 2292 hactenus
1019 2226 1218 2308 expugnari
1238 2236 1357 2306 potue·

117 2336 174 2399 rit
191 2354 214 2398 a
230 2336 475 2414 potentissimo
490 2335 603 2415 hoste,
617 2353 660 2399 ac
673 2353 858 2416 speramus
869 2338 965 2400 nulla
976 2335 1215 2415 longaeuitate
1228 2343 1357 2413 tempo-

119 2443 178 2506 ris
194 2458 302 2521 posse
317 2441 471 2505 dirutum
486 2443 540 2521 iri,
558 2442 589 2506 si
604 2443 745 2523 quidem
759 2443 885 2506 mulier
899 2442 1054 2523 quotidie
1070 2443 1186 2521 magis
1199 2443 1235 2504 in
1251 2442 1357 2504 uirtu-

119 2549 224 2612 tibus
239 2558 274 2610 et
289 2548 474 2612 deuotione
489 2547 638 2629 proficit;
654 2550 796 2613 domum
808 2560 1004 2630 praeterea,
1019 2566 1124 2631 quam
1137 2548 1358 2611 incolendam

124 2656 187 2719 uir
201 2656 260 2718 ille
276 2656 408 2719 ascitus
423 2655 455 2718 ei
470 2655 699 2735 conduxerat,
717 2657 950 2721 renunciauit.

191 2761 319 2845 Judaei
333 2771 407 2825 tum
422 2762 492 2825 duo
507 2779 577 2825 non
593 2763 717 2843 paucis
732 2763 855 2826 diebus
870 2784 891 2827 a
905 2765 1038 2827 nostris
1052 2764 1251 2827 doctrinam
1269 2761 1357 2825 chri·

129 2870 291 2932 stianam
305 2869 400 2932 docti
414 2867 567 2946 suerunt,
585 2887 628 2932 ac
643 2870 785 2934 tandem
801 2871 1017 2934 christianae
1037 2871 1106 2949 legi
1129 2887 1191 2949 per
1211 2868 1359 2931 sanctis-

129 2976 212 3039 simi
227 2976 442 3038 sacramenti
456 2975 688 3057 Baptismatis
702 2976 917 3040 ablutionem
933 2976 1146 3039 christianus
1171 2977 1259 3037 alter
1277 2974 1358 3036 insi·

130 3099 189 3145 tus
200 3081 279 3159 fuit,
293 3082 350 3161 qui
362 3091 397 3144 et
408 3099 514 3161 saepe
527 3084 752 3147 sanctissimo
765 3085 842 3147 cibo
857 3084 1024 3161 uescitur,
1038 3093 1073 3145 et
1084 3083 1193 3145 uerbo
1215 3080 1358 3144 Domini

132 3191 256 3252 alitur:
273 3190 362 3251 alter
379 3199 497 3251 autern
513 3189 697 3253 instruitur
706 3190 839 3267 adhuc,
862 3202 896 3253 et
915 3208 995 3254 cum
1015 3190 1166 3270 primum
1187 3188 1358 3264 cognitio·

132 3313 216 3359 nem
230 3313 353 3359 earum
369 3310 498 3370 rerum,
516 3313 607 3377 quae
622 3297 658 3360 in
674 3298 742 3360 hac
764 3296 925 3361 doctrina
947 3296 1156 3378 praesertim
1179 3305 1259 3358 sunt
1282 3312 1358 3375 per·

133 3400 315 3479 discenda,
332 3404 482 3484 adeptus
497 3405 611 3483 suerit,
629 3405 704 3484 ipse
720 3421 858 3486 quoque
874 3405 1084 3484 baptismate
1098 3413 1222 3466 sancto
1243 3403 1358 3466 ablue-

134 3521 205 3587 tur,
223 3509 323 3571 cuius
344 3512 460 3589 gratia
484 3510 600 3575 Deum
621 3511 812 3575 Dominum
833 3526 993 3576 nostrum
1011 3510 1131 3594 Jesum
1153 3510 1226 3573 X.¹²¹
1249 3527 1358 3573 exoro

134 3616 212 3678 eius
234 3615 409 3679 desideria
431 3617 511 3681 fidei
531 3619 747 3682 christianae
770 3629 1025 3683 conseruentur
1047 3628 1081 3682 et
1101 3620 1356 3698 adaugeantur.

194 3719 331 3786 Deinde
347 3724 382 3788 id
394 3725 488 3802 quod
500 3727 605 3804 paulo
617 3735 699 3788 ante
711 3726 879 3804 euenerit‚
893 3727 1052 3802 multum,
1066 3736 1100 3788 et
1111 3725 1251 3806 quidem
1263 3723 1359 3787 haud

133 3830 211 3892 scio
225 3848 269 3892 an
286 3831 393 3893 etiam
407 3833 522 3910 magis
538 3849 643 3912 quam
659 3848 726 3910 ego
741 3833 860 3895 verbis
875 3833 1042 3913 consequi
1057 3834 1206 3910 ualeam,
1219 3831 1360 3894 diuinae

134 3934 312 3999 Maiestati
335 3939 511 4017 placuisse
531 3940 650 4002 credo.
673 3938 764 4003 Nam
783 3940 927 4025 quidam
948 3952 1024 4003 arte
1043 3956 1085 4001 ac
1107 3937 1188 4002 dolo
1208 3950 1241 4001 et
1260 3938 1360 4001 falsis

132 4038 347 4106 daemonum
371 4045 584 4124 imaginibus
609 4045 743 4124 illusus,
771 4047 830 4127 qui
850 4064 1030 4126 nunquam
1052 4045 1243 4126 praeterita
1266 4046 1360 4108 uitae

133 4160 252 4212 aetate
278 4150 415 4230 integre
442 4152 626 4215 confessus
651 4150 781 4230 suerat,
810 4165 870 4215 aut
894 4152 1106 4216 uerecundia
1131 4152 1273 4230 insana,
1300 4160 1361 4214 aut

132 4256 251 4319 stultis
266 4257 440 4336 aliquibus
454 4259 729 4337 cogitationibus
744 4258 916 4337 detentus
935 4260 989 4322 uel
1010 4259 1134 4321 timore
1155 4275 1359 4338 oppressus,

132 4364 206 4426 iam
227 4363 364 4443 integre
385 4365 436 4441 (ut
455 4364 621 4442 creditur)
643 4365 901 4429 consessionem
922 4364 1104 4428 consessus
1126 4375 1190 4428 est.
1216 4363 1272 4428 Ex
1292 4382 1361 4445 quo

133 4469 296 4550 profecto
319 4470 485 4549 intelligis
507 4481 676 4549 quantum
699 4470 870 4535 Dominus
890 4472 994 4554 Jesus
1016 4473 1188 4552 singulari
1209 4474 1363 4552 quodam

135 4594 282 4640 munere
303 4577 384 4641 huic
405 4578 570 4641 minimae
597 4576 765 4642 Societati
787 4580 987 4659 impertitus
1008 4580 1131 4657 fuerit,
1152 4590 1190 4642 ut
1210 4580 1246 4643 id
1270 4581 1364 4662 quod

135 4684 230 4746 intra
249 4697 298 4745 rot
315 4702 427 4745 :runos
445 4686 561 4746 multis
578 4685 765 4762 religiosis.
783 4687 967 4750 diabolicis
983 4687 1128 4754 insidiis.
1148 4697 1278 4748 tcctum
1293 4686 1362 4748 iuc-
