3210 5392
717 452 779 510 Aa.
803 452 871 509 ina-t
1357 450 1406 511 131

212 612 298 659 turos.
311 596 422 677 Atque
442 597 530 660 haec
550 597 691 676 quidem
716 597 758 659 de
780 598 834 673 iis,
857 597 916 675 qui
935 597 1192 676 grammaticae
1213 596 1406 675 studiisque

213 702 407 767 humanitatis
421 702 507 767 dant
522 721 679 784 operam;
697 715 733 766 at
747 704 790 766 de
805 702 1066 781 sacerdotibus,
1093 705 1153 783 qui
1169 705 1407 767 conscientiae

215 809 325 873 casibus
336 810 397 888 (sic
412 811 556 888 uocant)
571 811 732 886 student,
750 811 833 873 illud
848 811 966 873 dicere
981 811 1110 887 habeo,
1132 811 1336 873 existimare
1352 829 1408 874 me

217 913 421 996 illosquoque,
450 914 517 980 Dei
533 919 662 996 grauia,
680 917 883 997 profecisse.
901 917 1022 996 itaque
1039 916 1238 980 factumest
1262 928 1310 995 ut,
1327 936 1409 980 cum

219 1031 294 1084 antea
311 1023 430 1102 uiginti
446 1033 506 1086 aut
528 1024 669 1087 circiter
694 1023 863 1104 Princeps
886 1024 1087 1087 Cardinaiis
1104 1023 1111 1054 ¹
1135 1024 1311 1104 stipendia
1331 1042 1407 1103 pro·

219 1139 342 1204 poneret,
357 1148 426 1210 quo
442 1131 535 1194 hanc
555 1131 740 1194 lectionem
763 1130 942 1206 audirent,
965 1131 1069 1194 modo
1084 1148 1208 1193 eorum
1224 1149 1407 1194 numerum

220 1234 252 1295 ad
262 1236 386 1311 triginta
400 1254 513 1318 usque
528 1255 660 1317 augere
675 1239 770 1313 uelit,
788 1249 929 1317 praeter
944 1256 1016 1310 eos,
1034 1239 1093 1317 qui
1107 1239 1210 1301 nuliis
1225 1239 1409 1318 stipendiis

221 1340 303 1404 allecti
325 1345 479 1408 audiunt.
507 1344 725 1408 Effecturum
751 1344 865 1407 Deum
886 1345 1040 1419 confide,
1067 1355 1104 1407 ut
1130 1346 1219 1408 haec
1239 1347 1409 1409 omnia‘in

222 1462 293 1511 suam
310 1452 442 1514 laudem
467 1462 501 1514 ct
523 1452 728 1531 obsequium
752 1451 891 1514 cedant.
908 1452 1057 1531 ipsemet
1078 1450 1256 1531 Princeps
1275 1454 1408 1515 nonita

222 1554 321 1630 pridem
342 1558 485 1621 scholas
509 1558 666 1636 subiens,
694 1557 868 1621 Doctores
897 1576 1019 1620 omnes
1044 1559 1189 1621 audiuit.
1221 1560 1288 1638 Qui
1314 1560 1409 1623 domi

221 1670 311 1737 postea
327 1663 422 1727 Patri
447 1664 610 1727 Michaeli
625 1662 788 1744 Bayros’
808 1683 846 1727 se
866 1665 946 1727 inde
966 1666 1196 1728 laetissimum
1216 1677 1251 1728 et
1271 1683 1408 1728 summa

220 1767 363 1849 uoluptate
378 1770 561 1850 perfusum
575 1770 703 1834 rediise
719 1771 823 1847 dixit,
844 1770 937 1850 quod
954 1772 999 1833 ibi
1023 1788 1192 1850 magnum
1213 1771 1288 1835 Deo
1310 1790 1409 1852 prac-

218 1883 338 1941 staretur
352 1878 572 1958 obsequium,

260 1979 364 2047 Patres
389 1985 597 2048 Emmanuel
622 1983 867 2048 Ferdinandus
893 1995 927 2047 et
954 1984 1079 2048 Petrus
1107 1984 1320 2063 Santacruz,
1338 1987 1408 2065 qui,

209 2089 309 2154 eodem
322 2090 481 2172 Principe
498 2091 680 2155 Cardinali
693 2095 907 2170 postulante,
925 2092 958 2153 in
976 2093 1129 2170 airardum
1141 2094 1226 2155 urbe
1239 2092 1342 2157 huius
1358 2095 1410 2155 sui

206 2197 509 2279 archiepiscopatus
531 2198 776 2275 elaborabant,
804 2198 920 2261 Patris
945 2199 991 2261 ili.
1019 2199 1191 2262 1111οηί3ἆ
1217 2200 1315 2263 iussu
1331 2199 1411 2262 inde

201 2302 242 2365 ad
255 2302 312 2367 hoc
325 2305 512 2384 collegium
529 2315 711 2368 uenerunt.
737 2304 807 2368 Sed
830 2306 941 2388 altero
957 2307 1013 2368 uel
1036 2306 1138 2369 tertio
1154 2306 1209 2368 die
1225 2316 1409 2387 postquam

198 2410 260 2473 huc
273 2411 314 2474 ad
328 2429 393 2475 nos
409 2413 664 2492 peruenissent,
681 2411 750 2475 duo
767 2422 827 2475 aut
842 2421 915 2474 tres
931 2413 1069 2475 honesti
1085 2425 1119 2474 et
1139 2414 1303 2476 honorati
1321 2415 1412 2476 eius-

194 2516 269 2580 dem
283 2519 376 2582 urbis
391 2520 490 2582 ciues
505 2518 550 2581 ad
564 2516 790 2582 Cardinaiem
805 2520 912 2598 legati
938 2530 1034 2596 sunt,
1062 2530 1205 2583 orantes
1229 2532 1266 2583 ut
1286 2521 1413 2583 iterum

191 2640 232 2686 eo
247 2634 503 2688 reuerterentur
519 2634 661 2705 propter
676 2627 837 2704 ingentes
854 2626 1032 2703 utilitates
1051 2644 1139 2706 quas
1154 2645 1198 2689 ex
1220 2629 1262 2690 iis
1277 2636 1351 2690 tota
1368 2630 1412 2690 ci·

188 2731 281 2794 uitas
295 2731 472 2811 capiebat,
490 2749 571 2795 cum
586 2730 754 2812 oppidum
779 2731 861 2794 hinc
884 2731 924 2794 48
951 2733 1102 2795 millibus
1125 2751 1293 2812 passuum
1308 2733 1413 2796 absit.

185 2839 297 2918 igitur
312 2836 348 2900 P.
364 2837 481 2902 Miron
493 2855 553 2900 eos
568 2838 649 2901 illuc
666 2838 844 2900 remittere
856 2849 1001 2901 coactus
1013 2851 1077 2902 est.
1094 2839 1271 2902 Nihildum
1286 2841 1414 2903 littera-

183 2962 266 3008 rum
280 2945 324 3008 ab
338 2945 390 3008 eis
405 2945 620 3025 accepimus.
637 2944 822 3009 Credimus
838 2943 952 3007 Deum
968 2963 1089 3008 eorum
1105 2947 1244 3009 labores
1260 2947 1295 3009 in
1311 2964 1353 3008 ea
1369 2947 1415 3008 ci·

180 3052 296 3115 nitate
310 3051 440 3115 habere
455 3069 561 3133 quam
575 3052 809 3131 gratissimos,
827 3051 862 3113 id
874 3051 966 3131 quod
983 3053 1224 3132 superioribus
1241 3053 1352 3114 literis
1371 3053 1415 3115 ad

179 3174 229 3237 te,
246 3157 325 3221 1151(Ξ
346 3157 463 3236 Pater,
482 3158 625 3238 copiose
641 3158 905 3238 descripsimus.

245 3264 346 3329 Haec
361 3265 405 3329 de
421 3274 573 3345 quatuor
596 3265 774 3327 mensibus
801 3265 960 3344 proxime
985 3267 1093 3345 lapsis
1115 3267 1269 3328 scribere
1295 3266 1413 3329 habui.

179 3374 289 3438 Nunc
304 3372 478 3454 reliquum
502 3383 556 3436 est
573 3383 647 3436 uta
673 3383 724 3449 te,
751 3371 909 3434 omnium
933 3373 1089 3449 nomine,
1114 3384 1231 3452 petam
1258 3382 1295 3436 ut
1316 3375 1417 3437 nobis

179 3479 393 3557 benedicaS,
418 3489 452 3542 et
475 3479 510 3541 in
535 3479 605 3541 tuis
629 3477 814 3541 sacrificiis
838 3477 1066 3541 uehementer
1088 3480 1220 3542 habeas
1242 3497 1416 3543 commen·

177 3589 302 3652 datos,

244 3692 402 3766 Eborac,
418 3690 439 3753 3
454 3708 568 3754 nonas
583 3692 770 3771 septemb,
788 3709 881 3753 anno
894 3709 914 3752 a
928 3692 1113 3755 natiuitate
1129 3693 1272 3755 Domini
1290 3693 1377 3755 1554.

244 3800 301 3865 Ex
316 3799 467 3879 imperio
483 3799 598 3862 Patris
614 3799 798 3862 Michaelis
812 3797 855 3860 de
867 3798 1017 3878 Bayros,

934 4013 1083 4077 blancus
1106 4014 1298 4079 Gaoncrus.

186 4210 405 4222 ....--——

226 4330 236 4362 ¹
267 4327 406 4381 ilenricus,
415 4325 505 4369 inians
515 4324 663 4368 cardinalis
674 4324 777 4379 saepius
788 4326 944 4380 appellatus,
962 4325 1144 4377 Emmanuelis,
1161 4326 1314 4371 Lusitaniae
1332 4328 1419 4383 Regis,

184 4400 256 4445 filins
267 4406 294 4444 et
304 4398 412 4452 Joannln
424 4394 761 4452 iiiirater.VideT1uuns,
773 4396 886 4440 Chonlca
898 4398 932 4440 da
945 4398 1108 4453 componito
1117 4399 1150 4442 de
1158 4398 1269 4452 Jesuda
1279 4403 1421 4454 provencia

185 4473 224 4515 da
236 4469 378 4522 Porrugat,
389 4468 418 4512 Ρ.
429 4466 461 4522 11,
473 4468 517 4511 111).
527 4480 553 4519 v,
564 4478 589 4511 c.
601 4466 674 4511 28-35.

227 4544 241 4576 ²
269 4540 401 4586 IsRector
410 4540 460 4583 hoc
471 4548 538 4583 anno
548 4538 597 4582 fuit
607 4539 747 4583 Eborensis
758 4539 875 4593 collegii.
895 4539 961 4583 Vide
982 4540 1092 4585 Poeaxcr
1111 4540 1264 4595 canonicor,
1282 4548 1300 4586 t.
1312 4554 1347 4595 ir,
1362 4555 1421 4597 pag.

186 4612 347 4661 omnim

230 4684 243 4717 ³
272 4683 360 4729 Patris
370 4682 405 4728 11.
417 4683 508 4736 Jacobl
519 4681 609 4737 iiiron,
620 4681 772 4726 Lusitaniae
784 4682 965 4726 Prouincialis.
