3210 5392
179 436 237 496 332
394 417 396 421 Α
568 438 1023 509 erraaasouanantasms

244 581 438 649 Mansimus
449 585 483 648 in
499 585 558 648 illo
573 585 704 668 oppido
718 602 782 666 per
796 585 919 649 decem
933 585 1020 666 dies,
1038 593 1075 648 ut
1096 601 1221 648 eorum
1235 583 1422 650 maximae

184 687 363 754 deuotioni
386 691 693 772 responderemus,
720 691 800 756 Non
822 690 917 756 enim
948 691 1186 773 permiserunt
1218 708 1287 755 nos
1319 690 1422 755 abire

186 807 344 877 tempore
358 798 555 879 praefinito,
573 799 709 863 scilicet
723 808 853 863 octauo
869 800 937 880 die;
958 799 1033 877 sed,
1056 799 1166 864 misso
1181 799 1229 864 ad
1244 799 1318 862 hoc
1331 815 1420 863 nuu-

186 904 248 981 tio,
265 904 372 968 trium
387 904 523 970 dierum
538 906 699 971 inducias
713 907 960 988 impetrarunt.
976 905 1022 971 Et
1036 907 1120 987 quia
1134 905 1253 970 nullus
1272 906 1422 969 uolebat

185 1012 253 1075 nisi
268 1014 370 1077 nobis
390 1011 560 1093 confiteri,
582 1015 676 1079 misit
695 1013 732 1079 P.
750 1013 880 1079 Rector
902 1013 1044 1079 Patrem
1061 1015 1237 1098 Joannem
1261 1013 1422 1078 Mortan·

187 1136 280 1200 nem,
293 1120 353 1201 qui
364 1119 410 1184 ad
422 1122 704 1202 copiosissimam
712 1139 863 1187 messem
871 1123 909 1186 in
916 1121 1199 1186 horrcaDomini
1205 1120 1423 1204 mittendam

186 1225 383 1290 adiuuaret.
400 1227 715 1294 Communicarunt
730 1239 860 1307 autem,
873 1229 976 1293 nobis
986 1229 1244 1311 praesentibus
1258 1244 1422 1309 nongen-

188 1332 228 1412 ti;
243 1334 345 1397 multi
359 1334 466 1397 etiam
481 1345 604 1399 nostra
618 1336 771 1416 uestigia
790 1337 997 1418 subsequuti
1016 1335 1075 1400 hic
1095 1336 1424 1415 communicarunt,

188 1439 309 1519 plures
319 1441 428 1505 ctiam
442 1443 603 1523 sequenti
617 1443 807 1522 dominica,
824 1453 892 1507 etc.

249 1546 423 1630 Tempore
437 1549 672 1630 carnispriuii,
686 1568 767 1614 cum
781 1550 956 1615 lauretani
967 1567 1006 1614 se
1018 1550 1117 1615 uerbi
1128 1550 1241 1614 diuini
1253 1550 1428 1629 indignos

190 1652 403 1734 effecissent,
431 1671 500 1736 quo
524 1656 670 1720 liberius
696 1657 790 1721 illius
814 1658 983 1738 temporis
1007 1657 1251 1721 deliramentis
1287 1670 1426 1720 uacare

191 1770 347 1841 possent,
364 1762 494 1826 missus
509 1772 562 1827 est
577 1772 698 1827 noster
713 1765 944 1828 concionator
959 1780 1041 1828 cum
1056 1763 1162 1828 Patre
1176 1762 1372 1827 Mortanne
1384 1762 1422 1826 in

190 1866 358 1949 oppidum
371 1869 548 1949 quoddam
564 1870 731 1949 uicinum,
748 1871 807 1934 cui
824 1888 953 1935 nomen
972 1869 1115 1949 Ciriolo,
1132 1870 1203 1951 ubi,
1227 1879 1427 1951 postquam

192 1973 375 2039 habuisset
390 1977 609 2055 concionem,
631 1995 757 2058 pacem
771 1978 963 2060 quamdam
981 1978 1180 2060 composuit
1201 1977 1297 2041 inter
1321 1977 1426 2055 duos,

193 2091 228 2145 et
242 2082 288 2145 ad
301 2082 571 2147 instaurandum
585 2083 771 2165 hospitale,
784 2083 1045 2165 quodammodo
1055 2084 1278 2162 derelictum,
1293 2084 1427 2165 prima-

192 2199 246 2251 tes
260 2189 353 2253 illius
367 2189 487 2272 oppidi
501 2191 683 2255 excitauit.
701 2189 885 2271 Quaedam
900 2190 1008 2255 etiam
1022 2190 1093 2254 alia
1107 2192 1202 2255 bona
1217 2190 1377 2272 peregit,
1391 2199 1428 2253 ct

196 2294 328 2358 bonum
343 2296 488 2360 odorem
501 2295 689 2362 Societatis
704 2299 752 2363 ibi
766 2299 918 2380 reliquit.

254 2401 366 2480 Haec,
382 2401 423 2466 R.
440 2403 492 2481 Ρ.,
509 2414 612 2468 extra
627 2405 771 2469 domum
789 2408 1010 2470 lauretanam
1031 2415 1114 2470 sunt
1134 2407 1202 2469 hoc
1223 2405 1429 2485 quadrimo

197 2509 261 2572 stri
275 2520 434 2589 peracta.
457 2508 540 2575 Alia
555 2528 653 2589 uero,
670 2529 761 2592 quae
776 2521 897 2576 tantae
910 2512 1037 2576 matris
1059 2511 1232 2592 auspiciis
1249 2509 1431 2592 pientissi-

197 2632 276 2679 mus
299 2616 404 2699 Jesus
427 2617 484 2681 hic
509 2616 677 2697 dignatus
701 2628 755 2682 est
779 2619 935 2699 operari,
963 2619 1043 2700 quis
1067 2616 1282 2682 sufficienter
1307 2616 1431 2681 ualeat

197 2725 421 2787 enumerare?
444 2725 631 2788 Confluunt
655 2726 702 2790 ad
720 2727 813 2790 hanc
835 2725 1097 2789 sanctissimam
1117 2724 1262 2788 domum
1284 2740 1334 2787 ex
1355 2723 1432 2787 uni·

197 2846 303 2894 uerso
316 2831 390 2896 sere
404 2832 536 2896 mundo
558 2832 714 2914 quotidie
734 2833 1006 2914 peregrinorum
1028 2842 1207 2911 cateruae,
1225 2839 1260 2894 et
1279 2830 1432 2912 populo·

199 2955 277 3001 rum
301 2938 553 3017 multitudines,
577 2956 727 3019 quorum
746 2939 927 3004 deuotioni
948 2947 1088 3020 oportet
1110 2954 1177 3001 nos
1202 2954 1268 3018 pro
1288 2936 1432 3001 uiribus

199 3046 383 3109 inseruire.
400 3045 528 3110 Sumus
543 3045 616 3108 iere
628 3063 767 3127 semper
782 3044 938 3111 saltem3
949 3064 995 3110 ex
1006 3044 1252 3109 sacerdotibus
1271 3041 1435 3108 Societa-

200 3152 245 3215 tis
261 3154 297 3216 in
312 3154 454 3233 templo,
471 3153 531 3233 qui
545 3170 599 3232 ea,
613 3170 719 3234 quam
734 3170 755 3215 a
770 3151 926 3217 Domino
941 3153 1160 3232 accepimus
1177 3150 1358 3215 charitate
1373 3150 1435 3214 ad·

200 3261 383 3323 uenientes
398 3261 534 3323 animas
549 3259 595 3322 ad
610 3277 722 3341 aquas
743 3259 998 3324 consolationis
1014 3269 1049 3323 et
1071 3257 1319 3338 indulgentiae
1345 3258 1435 3322 reci-

201 3366 327 3446 pimus,
344 3377 393 3444 ut,
411 3367 585 3447 sanguine
600 3367 732 3431 Christi
743 3367 937 3429 inebriatae
950 3376 984 3429 et
996 3373 1154 3429 torrente
1164 3365 1364 3445 uoluptatis
1375 3381 1436 3445 po·

201 3482 308 3552 tatae,
325 3472 506 3553 digniores
531 3472 680 3537 reddant
695 3473 893 3553 gratiarum
908 3472 1068 3535 actiones
1082 3472 1233 3550 auctori,
1250 3480 1286 3534 et
1301 3471 1441 3535 media·

203 3580 284 3643 trici
300 3581 456 3643 omnium
470 3581 655 3645 bonorum.

261 3687 448 3768 Recipiunt
463 3697 582 3752 autem
604 3707 650 3752 ex
671 3689 803 3751 nostris
822 3704 894 3751 non
914 3688 1030 3750 solum
1050 3685 1293 3749 testimonium
1318 3685 1437 3748 defae-

202 3807 305 3861 catae
319 3796 570 3875 conscientiae,
587 3804 668 3875 post
683 3795 887 3874 diligentem
901 3793 1213 3869 examinationem,
1236 3790 1301 3855 sed
1326 3792 1439 3856 etiam

203 3906 332 3968 miram
347 3902 537 3984 quamdam
553 3902 661 3965 animi
675 3902 858 3980 laetitiam,
875 3901 924 3963 ita
939 3908 977 3963 ut
991 3897 1169 3963 interdum
1184 3898 1220 3961 in
1235 3898 1304 3961 has
1323 3914 1437 3962 uoces

203 4023 238 4077 et
254 4012 387 4076 similes
401 4019 645 4093 prorumpant:
658 4007 711 4073 Sit
725 4008 931 4071 benedictus
942 4005 1051 4084 Deus,
1065 4005 1125 4087 qui
1138 4022 1194 4068 me
1209 4003 1382 4084 perduxit
1393 4003 1441 4068 ad

204 4130 251 4183 te.
268 4120 345 4199 Ego
361 4120 535 4182 hactenus
549 4116 715 4196 ignoraui
740 4115 824 4196 quid
849 4124 943 4178 esset
963 4112 1135 4177 confiteri.
1158 4111 1237 4192 Ego
1259 4111 1444 4176 hactenus

206 4244 277 4290 non
292 4226 343 4290 fui
358 4226 585 4290 christianus.
607 4222 799 4287 Benedicta
822 4222 867 4285 sit
888 4230 1014 4298 mater,
1035 4237 1127 4301 quae
1146 4227 1181 4282 te
1200 4219 1354 4301 peperit,
1370 4226 1443 4282 etc.

206 4332 327 4398 Solent
341 4332 610 4413 flagitiosissimi
625 4332 754 4412 quique
768 4329 814 4392 ad
830 4345 897 4391 nos
908 4326 1098 4406 confluere,
1113 4344 1134 4389 a
1149 4324 1252 4389 nobis
1266 4325 1444 4405 grauissi-

207 4458 345 4505 morum
353 4440 560 4503 delictorum
572 4436 828 4501 absolutionem
837 4431 1339 4514 cumlachrymisefflagitare,
1349 4432 1448 4496 inter

206 4569 295 4633 quos
310 4560 391 4613 sunt
406 4547 580 4630 permulti,
598 4546 693 4625 quia
711 4544 759 4623 10,
776 4544 847 4622 alii,
864 4543 923 4625 qui
938 4561 959 4606 a
973 4541 1014 4605 20
1028 4551 1062 4605 et
1080 4540 1122 4604 25
1145 4539 1249 4604 annis
1269 4557 1345 4605 non
1360 4548 1450 4605 sunt

204 4656 374 4722 confessi:
391 4655 451 4719 alii
465 4654 585 4734 etiam,
611 4653 671 4741 qui
691 4652 777 4716 nulli
799 4649 1099 4715 confessariorum
1118 4645 1340 4727 grauissima
1366 4664 1450 4729 pec·
