<?xml version="1.0" encoding="UTF-8"?>
<!DOCTYPE html PUBLIC "-//W3C//DTD XHTML 1.0 Transitional//EN"
    "http://www.w3.org/TR/xhtml1/DTD/xhtml1-transitional.dtd">
<html xmlns="http://www.w3.org/1999/xhtml" xml:lang="en" lang="en">
 <head>
  <title>
</title>
<meta http-equiv="Content-Type" content="text/html;charset=utf-8" />
  <meta name='ocr-system' content='tesseract 3.04.00' />
  <meta name='ocr-capabilities' content='ocr_page ocr_carea ocr_par ocr_line ocrx_word'/>
</head>
<body>
  <div class='ocr_page' id='page_1' title='image "./litteraequadrim02jesugoog_0576.png"; bbox 0 0 3210 5392; ppageno 0'>
   <div class='ocr_carea' id='block_1_1' title="bbox 415 385 1144 471">
    <p class='ocr_par' dir='ltr' id='par_1_1' title="bbox 415 385 1144 471">
     <span class='ocr_line' id='line_1_1' title="bbox 415 385 1144 471; baseline -0.003 -22"><span class='ocrx_word' id='word_1_1' title='bbox 415 395 479 449; x_wconf 77' lang='lat' dir='ltr'>Aa.</span> <span class='ocrx_word' id='word_1_2' title='bbox 501 389 572 448; x_wconf 74' lang='lat'>1555</span> <span class='ocrx_word' id='word_1_3' title='bbox 1050 385 1107 447; x_wconf 77' lang='lat'>5⁶5</span> <span class='ocrx_word' id='word_1_4' title='bbox 1141 466 1144 471; x_wconf 20' lang='grc' dir='ltr'>Ι</span> 
     </span>
    </p>
   </div>
   <div class='ocr_carea' id='block_1_2' title="bbox 90 533 1104 4680">
    <p class='ocr_par' dir='ltr' id='par_1_2' title="bbox 90 533 1104 3077">
     <span class='ocr_line' id='line_1_2' title="bbox 102 533 1102 616; baseline -0.002 -17"><span class='ocrx_word' id='word_1_5' title='bbox 102 536 210 616; x_wconf 92' lang='lat' dir='ltr'>liquet</span> <span class='ocrx_word' id='word_1_6' title='bbox 225 547 394 616; x_wconf 90' lang='lat' dir='ltr'>quantum</span> <span class='ocrx_word' id='word_1_7' title='bbox 410 537 510 600; x_wconf 89' lang='lat' dir='ltr'>labor</span> <span class='ocrx_word' id='word_1_8' title='bbox 526 546 724 600; x_wconf 84' lang='lat' dir='ltr'>nostrorum</span> <span class='ocrx_word' id='word_1_9' title='bbox 740 535 900 599; x_wconf 81' lang='lat' dir='ltr'>conferat</span> <span class='ocrx_word' id='word_1_10' title='bbox 919 533 968 598; x_wconf 91' lang='lat' dir='ltr'>ita</span> <span class='ocrx_word' id='word_1_11' title='bbox 988 533 1102 615; x_wconf 86' lang='lat' dir='ltr'>pemi-</span> 
     </span>
     <span class='ocr_line' id='line_1_3' title="bbox 90 639 1101 723; baseline 0 -19"><span class='ocrx_word' id='word_1_12' title='bbox 90 643 197 722; x_wconf 88' lang='lat' dir='ltr'>tibus,</span> <span class='ocrx_word' id='word_1_13' title='bbox 212 643 297 707; x_wconf 89' lang='lat' dir='ltr'>dnm</span> <span class='ocrx_word' id='word_1_14' title='bbox 312 652 385 707; x_wconf 90' lang='lat' dir='ltr'>tam</span> <span class='ocrx_word' id='word_1_15' title='bbox 397 645 433 707; x_wconf 91' lang='lat' dir='ltr'>in</span> <span class='ocrx_word' id='word_1_16' title='bbox 448 644 690 721; x_wconf 89' lang='lat' dir='ltr'>concionibus,</span> <span class='ocrx_word' id='word_1_17' title='bbox 703 659 810 723; x_wconf 91' lang='lat' dir='ltr'>quam</span> <span class='ocrx_word' id='word_1_18' title='bbox 823 642 859 706; x_wconf 92' lang='lat' dir='ltr'>in</span> <span class='ocrx_word' id='word_1_19' title='bbox 873 639 1101 707; x_wconf 79' lang='lat' dir='ltr'>consessioni-</span> 
     </span>
     <span class='ocr_line' id='line_1_4' title="bbox 90 749 1032 815; baseline -0.002 -3"><span class='ocrx_word' id='word_1_20' title='bbox 90 750 192 813; x_wconf 89' lang='lat' dir='ltr'>alutis</span> <span class='ocrx_word' id='word_1_21' title='bbox 203 750 353 814; x_wconf 88' lang='lat' dir='ltr'>fideliter</span> <span class='ocrx_word' id='word_1_22' title='bbox 368 751 557 815; x_wconf 89' lang='lat' dir='ltr'>ostendunt</span> <span class='ocrx_word' id='word_1_23' title='bbox 573 751 704 815; x_wconf 89' lang='lat' dir='ltr'>iamdiu</span> <span class='ocrx_word' id='word_1_24' title='bbox 718 766 791 815; x_wconf 92' lang='lat' dir='ltr'>non</span> <span class='ocrx_word' id='word_1_25' title='bbox 805 749 1032 813; x_wconf 82' lang='lat' dir='ltr'><strong>intellectam.</strong></span> 
     </span>
     <span class='ocr_line' id='line_1_5' title="bbox 90 855 1100 937; baseline 0 -18"><span class='ocrx_word' id='word_1_26' title='bbox 90 857 203 920; x_wconf 89' lang='lat' dir='ltr'>eniam</span> <span class='ocrx_word' id='word_1_27' title='bbox 227 857 427 922; x_wconf 87' lang='lat' dir='ltr'>Paternitas</span> <span class='ocrx_word' id='word_1_28' title='bbox 451 869 510 922; x_wconf 89' lang='lat' dir='ltr'>tua</span> <span class='ocrx_word' id='word_1_29' title='bbox 534 857 741 923; x_wconf 90' lang='lat' dir='ltr'>uerbositati</span> <span class='ocrx_word' id='word_1_30' title='bbox 764 872 877 935; x_wconf 90' lang='lat' dir='ltr'>meae,</span> <span class='ocrx_word' id='word_1_31' title='bbox 903 855 936 920; x_wconf 89' lang='lat' dir='ltr'>si</span> <span class='ocrx_word' id='word_1_32' title='bbox 947 856 1100 937; x_wconf 86' lang='lat' dir='ltr'>paucula</span> 
     </span>
     <span class='ocr_line' id='line_1_6' title="bbox 91 961 1098 1043; baseline 0.002 -16"><span class='ocrx_word' id='word_1_33' title='bbox 91 964 249 1028; x_wconf 85' lang='lat' dir='ltr'>bdidero.</span> <span class='ocrx_word' id='word_1_34' title='bbox 265 966 372 1029; x_wconf 89' lang='lat' dir='ltr'>Anno</span> <span class='ocrx_word' id='word_1_35' title='bbox 383 963 504 1031; x_wconf 87' lang='lat' dir='ltr'>XXIX</span> <span class='ocrx_word' id='word_1_36' title='bbox 518 982 599 1029; x_wconf 91' lang='lat' dir='ltr'>cum</span> <span class='ocrx_word' id='word_1_37' title='bbox 612 967 794 1043; x_wconf 79' lang='lat' dir='ltr'>ingrueret</span> <span class='ocrx_word' id='word_1_38' title='bbox 808 963 855 1026; x_wconf 89' lang='lat' dir='ltr'>ad</span> <span class='ocrx_word' id='word_1_39' title='bbox 868 961 1098 1029; x_wconf 79' lang='lat' dir='ltr'>obsidendam</span> 
     </span>
     <span class='ocr_line' id='line_1_7' title="bbox 90 1069 1097 1137; baseline -0.002 -2"><span class='ocrx_word' id='word_1_40' title='bbox 90 1080 161 1135; x_wconf 92' lang='lat' dir='ltr'>tem</span> <span class='ocrx_word' id='word_1_41' title='bbox 176 1073 354 1136; x_wconf 85' lang='lat' dir='ltr'>maximus</span> <span class='ocrx_word' id='word_1_42' title='bbox 373 1090 416 1136; x_wconf 87' lang='lat' dir='ltr'>ac</span> <span class='ocrx_word' id='word_1_43' title='bbox 435 1072 680 1137; x_wconf 86' lang='lat' dir='ltr'>formidandus</span> <span class='ocrx_word' id='word_1_44' title='bbox 699 1071 757 1135; x_wconf 90' lang='lat' dir='ltr'>ilie</span> <span class='ocrx_word' id='word_1_45' title='bbox 771 1069 944 1135; x_wconf 86' lang='lat' dir='ltr'>Turcicus</span> <span class='ocrx_word' id='word_1_46' title='bbox 963 1070 1097 1134; x_wconf 89' lang='lat' dir='ltr'>exerci-</span> 
     </span>
     <span class='ocr_line' id='line_1_8' title="bbox 90 1176 1096 1247; baseline 0 -6"><span class='ocrx_word' id='word_1_47' title='bbox 90 1176 204 1242; x_wconf 83' lang='lat' dir='ltr'>ia&#39;tum</span> <span class='ocrx_word' id='word_1_48' title='bbox 219 1190 273 1242; x_wconf 91' lang='lat' dir='ltr'>est</span> <span class='ocrx_word' id='word_1_49' title='bbox 289 1179 422 1244; x_wconf 87' lang='lat' dir='ltr'>destrui</span> <span class='ocrx_word' id='word_1_50' title='bbox 440 1178 696 1247; x_wconf 87' lang='lat' dir='ltr'>Monasterium</span> <span class='ocrx_word' id='word_1_51' title='bbox 715 1176 1037 1243; x_wconf 87' lang='lat' dir='ltr'>Franciscanorum</span> <span class='ocrx_word' id='word_1_52' title='bbox 1051 1176 1096 1241; x_wconf 94' lang='lat' dir='ltr'>de</span> 
     </span>
     <span class='ocr_line' id='line_1_9' title="bbox 90 1282 1094 1367; baseline 0 -20"><span class='ocrx_word' id='word_1_53' title='bbox 90 1303 116 1364; x_wconf 78' lang='lat' dir='ltr'>a,</span> <span class='ocrx_word' id='word_1_54' title='bbox 134 1286 229 1366; x_wconf 91' lang='lat' dir='ltr'>quod</span> <span class='ocrx_word' id='word_1_55' title='bbox 243 1303 315 1349; x_wconf 92' lang='lat' dir='ltr'>non</span> <span class='ocrx_word' id='word_1_56' title='bbox 330 1288 490 1367; x_wconf 91' lang='lat' dir='ltr'>procula</span> <span class='ocrx_word' id='word_1_57' title='bbox 505 1285 648 1350; x_wconf 89' lang='lat' dir='ltr'>ciuitate</span> <span class='ocrx_word' id='word_1_58' title='bbox 662 1285 770 1350; x_wconf 85' lang='lat' dir='ltr'>situm</span> <span class='ocrx_word' id='word_1_59' title='bbox 785 1293 874 1362; x_wconf 88' lang='lat' dir='ltr'>erat,</span> <span class='ocrx_word' id='word_1_60' title='bbox 887 1301 933 1349; x_wconf 85' lang='lat' dir='ltr'>ex</span> <span class='ocrx_word' id='word_1_61' title='bbox 943 1300 1013 1365; x_wconf 92' lang='lat' dir='ltr'>quo</span> <span class='ocrx_word' id='word_1_62' title='bbox 1023 1282 1094 1348; x_wconf 85' lang='lat' dir='ltr'>fra·</span> 
     </span>
     <span class='ocr_line' id='line_1_10' title="bbox 90 1392 1091 1475; baseline -0.001 -21"><span class='ocrx_word' id='word_1_63' title='bbox 90 1392 304 1475; x_wconf 84' lang='lat' dir='ltr'>tquicquam</span> <span class='ocrx_word' id='word_1_64' title='bbox 319 1402 509 1473; x_wconf 82' lang='lat' dir='ltr'>exportare</span> <span class='ocrx_word' id='word_1_65' title='bbox 524 1402 558 1456; x_wconf 92' lang='lat' dir='ltr'>et</span> <span class='ocrx_word' id='word_1_66' title='bbox 574 1394 715 1457; x_wconf 88' lang='lat' dir='ltr'>saluare</span> <span class='ocrx_word' id='word_1_67' title='bbox 733 1408 853 1456; x_wconf 90' lang='lat' dir='ltr'>rerum</span> <span class='ocrx_word' id='word_1_68' title='bbox 872 1407 1018 1454; x_wconf 87' lang='lat' dir='ltr'>suarum</span> <span class='ocrx_word' id='word_1_69' title='bbox 1031 1406 1091 1471; x_wconf 93' lang='lat' dir='ltr'>po·</span> 
     </span>
     <span class='ocr_line' id='line_1_11' title="bbox 90 1496 1090 1565; baseline -0.001 -4"><span class='ocrx_word' id='word_1_70' title='bbox 90 1500 269 1563; x_wconf 70' lang='lat' dir='ltr'>inturbata</span> <span class='ocrx_word' id='word_1_71' title='bbox 283 1510 386 1563; x_wconf 88' lang='lat' dir='ltr'>erant</span> <span class='ocrx_word' id='word_1_72' title='bbox 411 1501 529 1565; x_wconf 91' lang='lat' dir='ltr'>omnia</span> <span class='ocrx_word' id='word_1_73' title='bbox 556 1500 601 1564; x_wconf 93' lang='lat' dir='ltr'>ob</span> <span class='ocrx_word' id='word_1_74' title='bbox 622 1509 796 1563; x_wconf 87' lang='lat' dir='ltr'>terrorem</span> <span class='ocrx_word' id='word_1_75' title='bbox 817 1496 931 1562; x_wconf 90' lang='lat' dir='ltr'>bostis</span> <span class='ocrx_word' id='word_1_76' title='bbox 954 1496 1026 1561; x_wconf 86' lang='lat' dir='ltr'>iam</span> <span class='ocrx_word' id='word_1_77' title='bbox 1040 1497 1090 1560; x_wconf 90' lang='lat' dir='ltr'>vi·</span> 
     </span>
     <span class='ocr_line' id='line_1_12' title="bbox 90 1602 1089 1686; baseline 0 -19"><span class='ocrx_word' id='word_1_78' title='bbox 90 1604 215 1669; x_wconf 63' lang='lat' dir='ltr'>*actum</span> <span class='ocrx_word' id='word_1_79' title='bbox 226 1615 280 1669; x_wconf 91' lang='lat' dir='ltr'>est</span> <span class='ocrx_word' id='word_1_80' title='bbox 296 1619 332 1669; x_wconf 93' lang='lat' dir='ltr'>ut</span> <span class='ocrx_word' id='word_1_81' title='bbox 347 1607 416 1686; x_wconf 91' lang='lat' dir='ltr'>ipsi</span> <span class='ocrx_word' id='word_1_82' title='bbox 430 1606 558 1671; x_wconf 87' lang='lat' dir='ltr'>milites</span> <span class='ocrx_word' id='word_1_83' title='bbox 571 1606 781 1670; x_wconf 85' lang='lat' dir='ltr'>viennenses</span> <span class='ocrx_word' id='word_1_84' title='bbox 794 1602 870 1669; x_wconf 83' lang='lat' dir='ltr'>iere</span> <span class='ocrx_word' id='word_1_85' title='bbox 880 1602 965 1667; x_wconf 92' lang='lat' dir='ltr'>illud</span> <span class='ocrx_word' id='word_1_86' title='bbox 976 1612 1089 1667; x_wconf 91' lang='lat' dir='ltr'>totum</span> 
     </span>
     <span class='ocr_line' id='line_1_13' title="bbox 90 1708 1088 1793; baseline -0.002 -18"><span class='ocrx_word' id='word_1_87' title='bbox 90 1759 96 1791; x_wconf 91' lang='lat'>,</span> <span class='ocrx_word' id='word_1_88' title='bbox 130 1713 263 1792; x_wconf 84' lang='lat' dir='ltr'>alioqui</span> <span class='ocrx_word' id='word_1_89' title='bbox 287 1714 421 1793; x_wconf 91' lang='lat' dir='ltr'>optima</span> <span class='ocrx_word' id='word_1_90' title='bbox 449 1713 667 1793; x_wconf 89' lang='lat' dir='ltr'>supellectile</span> <span class='ocrx_word' id='word_1_91' title='bbox 681 1710 1006 1777; x_wconf 87' lang='lat' dir='ltr'>instructissimum.</span> <span class='ocrx_word' id='word_1_92' title='bbox 1033 1708 1088 1773; x_wconf 82' lang='lat' dir='ltr'>Ex</span> 
     </span>
     <span class='ocr_line' id='line_1_14' title="bbox 106 1818 1088 1901; baseline -0.004 -18"><span class='ocrx_word' id='word_1_93' title='bbox 106 1819 231 1883; x_wconf 87' lang='lat' dir='ltr'>mulier</span> <span class='ocrx_word' id='word_1_94' title='bbox 255 1838 276 1883; x_wconf 91' lang='lat' dir='ltr'>a</span> <span class='ocrx_word' id='word_1_95' title='bbox 301 1819 411 1884; x_wconf 91' lang='lat' dir='ltr'>milite</span> <span class='ocrx_word' id='word_1_96' title='bbox 435 1819 589 1901; x_wconf 91' lang='lat' dir='ltr'>quodam</span> <span class='ocrx_word' id='word_1_97' title='bbox 614 1818 715 1884; x_wconf 91' lang='lat' dir='ltr'>uaria</span> <span class='ocrx_word' id='word_1_98' title='bbox 735 1818 856 1898; x_wconf 90' lang='lat' dir='ltr'>templi</span> <span class='ocrx_word' id='word_1_99' title='bbox 877 1824 1088 1887; x_wconf 86' lang='lat' dir='ltr'>ornamenta</span> 
     </span>
     <span class='ocr_line' id='line_1_15' title="bbox 90 1922 1086 2006; baseline -0.001 -19"><span class='ocrx_word' id='word_1_100' title='bbox 90 1944 119 1987; x_wconf 77' lang='lat' dir='ltr'>te</span> <span class='ocrx_word' id='word_1_101' title='bbox 132 1927 213 1989; x_wconf 88' lang='lat' dir='ltr'>licet</span> <span class='ocrx_word' id='word_1_102' title='bbox 227 1926 405 1991; x_wconf 86' lang='lat' dir='ltr'>dubitaret</span> <span class='ocrx_word' id='word_1_103' title='bbox 418 1943 465 1990; x_wconf 87' lang='lat' dir='ltr'>an</span> <span class='ocrx_word' id='word_1_104' title='bbox 483 1937 561 1990; x_wconf 90' lang='lat' dir='ltr'>tuta</span> <span class='ocrx_word' id='word_1_105' title='bbox 575 1924 794 1991; x_wconf 86' lang='lat' dir='ltr'>conscientia</span> <span class='ocrx_word' id='word_1_106' title='bbox 818 1932 938 2006; x_wconf 88' lang='lat' dir='ltr'>posset</span> <span class='ocrx_word' id='word_1_107' title='bbox 956 1922 1018 1987; x_wconf 89' lang='lat' dir='ltr'>illa</span> <span class='ocrx_word' id='word_1_108' title='bbox 1031 1938 1086 1987; x_wconf 88' lang='lat' dir='ltr'>re·</span> 
     </span>
     <span class='ocr_line' id='line_1_16' title="bbox 103 2028 1085 2113; baseline -0.002 -18"><span class='ocrx_word' id='word_1_109' title='bbox 103 2048 189 2097; x_wconf 91' lang='lat' dir='ltr'>usus</span> <span class='ocrx_word' id='word_1_110' title='bbox 204 2034 410 2113; x_wconf 83' lang='lat' dir='ltr'>prophanus</span> <span class='ocrx_word' id='word_1_111' title='bbox 425 2045 645 2112; x_wconf 87' lang='lat' dir='ltr'>conuertere,</span> <span class='ocrx_word' id='word_1_112' title='bbox 661 2042 866 2101; x_wconf 82' lang='lat' dir='ltr'>nontamen</span> <span class='ocrx_word' id='word_1_113' title='bbox 881 2030 927 2097; x_wconf 88' lang='lat' dir='ltr'>ad</span> <span class='ocrx_word' id='word_1_114' title='bbox 947 2028 1085 2094; x_wconf 87' lang='lat' dir='ltr'>restitu-</span> 
     </span>
     <span class='ocr_line' id='line_1_17' title="bbox 90 2138 1084 2221; baseline -0.004 -18"><span class='ocrx_word' id='word_1_115' title='bbox 90 2158 98 2202; x_wconf 74' lang='lat' dir='ltr'>s</span> <span class='ocrx_word' id='word_1_116' title='bbox 114 2140 354 2204; x_wconf 90' lang='lat' dir='ltr'>conscientiae</span> <span class='ocrx_word' id='word_1_117' title='bbox 365 2141 553 2221; x_wconf 89' lang='lat' dir='ltr'>scrupulus</span> <span class='ocrx_word' id='word_1_118' title='bbox 564 2149 625 2204; x_wconf 92' lang='lat' dir='ltr'>aut</span> <span class='ocrx_word' id='word_1_119' title='bbox 638 2141 710 2203; x_wconf 87' lang='lat' dir='ltr'>ulla</span> <span class='ocrx_word' id='word_1_120' title='bbox 721 2138 899 2203; x_wconf 83' lang='lat' dir='ltr'>confessio</span> <span class='ocrx_word' id='word_1_121' title='bbox 909 2152 991 2201; x_wconf 89' lang='lat' dir='ltr'>eam</span> <span class='ocrx_word' id='word_1_122' title='bbox 1004 2152 1084 2217; x_wconf 92' lang='lat' dir='ltr'>pro·</span> 
     </span>
     <span class='ocr_line' id='line_1_18' title="bbox 92 2243 1081 2312; baseline -0.003 -2"><span class='ocrx_word' id='word_1_123' title='bbox 92 2264 111 2309; x_wconf 94' lang='lat' dir='ltr'>c</span> <span class='ocrx_word' id='word_1_124' title='bbox 127 2248 181 2311; x_wconf 86' lang='lat' dir='ltr'>his</span> <span class='ocrx_word' id='word_1_125' title='bbox 195 2248 320 2311; x_wconf 86' lang='lat' dir='ltr'>diebus</span> <span class='ocrx_word' id='word_1_126' title='bbox 331 2248 376 2310; x_wconf 92' lang='lat' dir='ltr'>ab</span> <span class='ocrx_word' id='word_1_127' title='bbox 391 2266 462 2312; x_wconf 90' lang='lat' dir='ltr'>uno</span> <span class='ocrx_word' id='word_1_128' title='bbox 480 2247 707 2311; x_wconf 87' lang='lat' dir='ltr'>sacerdotum</span> <span class='ocrx_word' id='word_1_129' title='bbox 727 2255 930 2310; x_wconf 91' lang='lat' dir='ltr'>nostrorum</span> <span class='ocrx_word' id='word_1_130' title='bbox 954 2243 1081 2308; x_wconf 86' lang='lat' dir='ltr'>edocta</span> 
     </span>
     <span class='ocr_line' id='line_1_19' title="bbox 90 2351 1081 2435; baseline -0.002 -19"><span class='ocrx_word' id='word_1_131' title='bbox 90 2356 212 2418; x_wconf 77' lang='lat' dir='ltr'>tullum</span> <span class='ocrx_word' id='word_1_132' title='bbox 237 2357 292 2419; x_wconf 91' lang='lat' dir='ltr'>ius</span> <span class='ocrx_word' id='word_1_133' title='bbox 317 2355 448 2418; x_wconf 89' lang='lat' dir='ltr'>ineam</span> <span class='ocrx_word' id='word_1_134' title='bbox 472 2353 760 2435; x_wconf 87' lang='lat' dir='ltr'>suppellectilem,</span> <span class='ocrx_word' id='word_1_135' title='bbox 781 2352 859 2417; x_wconf 87' lang='lat' dir='ltr'>siue</span> <span class='ocrx_word' id='word_1_136' title='bbox 878 2351 1081 2430; x_wconf 86' lang='lat' dir='ltr'>donatione,</span> 
     </span>
     <span class='ocr_line' id='line_1_20' title="bbox 93 2458 1081 2543; baseline -0.001 -19"><span class='ocrx_word' id='word_1_137' title='bbox 93 2479 171 2541; x_wconf 89' lang='lat' dir='ltr'>one,</span> <span class='ocrx_word' id='word_1_138' title='bbox 198 2471 398 2542; x_wconf 79' lang='lat' dir='ltr'>acceptam,</span> <span class='ocrx_word' id='word_1_139' title='bbox 426 2463 634 2527; x_wconf 87' lang='lat' dir='ltr'>obtinuisset</span> <span class='ocrx_word' id='word_1_140' title='bbox 657 2477 824 2543; x_wconf 88' lang='lat' dir='ltr'>unquam:</span> <span class='ocrx_word' id='word_1_141' title='bbox 854 2460 948 2525; x_wconf 90' lang='lat' dir='ltr'>laeta</span> <span class='ocrx_word' id='word_1_142' title='bbox 972 2458 1081 2539; x_wconf 77' lang='lat' dir='ltr'>igitur</span> 
     </span>
     <span class='ocr_line' id='line_1_21' title="bbox 100 2564 1104 2650; baseline -0.002 -19"><span class='ocrx_word' id='word_1_143' title='bbox 100 2567 143 2631; x_wconf 89' lang='lat' dir='ltr'>de</span> <span class='ocrx_word' id='word_1_144' title='bbox 156 2570 300 2649; x_wconf 83' lang='lat' dir='ltr'>cognita</span> <span class='ocrx_word' id='word_1_145' title='bbox 324 2569 451 2632; x_wconf 89' lang='lat' dir='ltr'>melius</span> <span class='ocrx_word' id='word_1_146' title='bbox 464 2568 626 2646; x_wconf 85' lang='lat' dir='ltr'>ueritate,</span> <span class='ocrx_word' id='word_1_147' title='bbox 648 2566 815 2650; x_wconf 89' lang='lat' dir='ltr'>quicquid</span> <span class='ocrx_word' id='word_1_148' title='bbox 837 2564 1080 2631; x_wconf 89' lang='lat' dir='ltr'>huiuscemodi</span> <span class='ocrx_word' id='word_1_149' title='bbox 1102 2590 1104 2595; x_wconf 96' lang='lat'>·</span> 
     </span>
     <span class='ocr_line' id='line_1_22' title="bbox 95 2672 1080 2739; baseline -0.001 -3"><span class='ocrx_word' id='word_1_150' title='bbox 95 2691 134 2737; x_wconf 90' lang='lat' dir='ltr'>se</span> <span class='ocrx_word' id='word_1_151' title='bbox 149 2676 265 2737; x_wconf 91' lang='lat' dir='ltr'>adbuc</span> <span class='ocrx_word' id='word_1_152' title='bbox 281 2676 425 2738; x_wconf 82' lang='lat' dir='ltr'>extabat</span> <span class='ocrx_word' id='word_1_153' title='bbox 440 2673 590 2739; x_wconf 86' lang='lat' dir='ltr'>fideliter</span> <span class='ocrx_word' id='word_1_154' title='bbox 605 2673 768 2738; x_wconf 89' lang='lat' dir='ltr'>Patribus</span> <span class='ocrx_word' id='word_1_155' title='bbox 781 2672 938 2739; x_wconf 89' lang='lat' dir='ltr'>eiusdem</span> <span class='ocrx_word' id='word_1_156' title='bbox 960 2688 1080 2737; x_wconf 91' lang='lat' dir='ltr'>mona·</span> 
     </span>
     <span class='ocr_line' id='line_1_23' title="bbox 90 2781 1078 2862; baseline 0.001 -19"><span class='ocrx_word' id='word_1_157' title='bbox 90 2797 149 2844; x_wconf 84' lang='lat' dir='ltr'>rnc</span> <span class='ocrx_word' id='word_1_158' title='bbox 164 2782 200 2844; x_wconf 92' lang='lat' dir='ltr'>in</span> <span class='ocrx_word' id='word_1_159' title='bbox 226 2782 370 2846; x_wconf 90' lang='lat' dir='ltr'>ciuitate</span> <span class='ocrx_word' id='word_1_160' title='bbox 395 2781 685 2859; x_wconf 89' lang='lat' dir='ltr'>commorantur),</span> <span class='ocrx_word' id='word_1_161' title='bbox 706 2781 925 2862; x_wconf 89' lang='lat' dir='ltr'>apportauit,</span> <span class='ocrx_word' id='word_1_162' title='bbox 942 2781 994 2845; x_wconf 89' lang='lat' dir='ltr'>uti</span> <span class='ocrx_word' id='word_1_163' title='bbox 1016 2795 1078 2844; x_wconf 89' lang='lat' dir='ltr'>nu·</span> 
     </span>
     <span class='ocr_line' id='line_1_24' title="bbox 90 2885 1078 2969; baseline 0 -20"><span class='ocrx_word' id='word_1_164' title='bbox 90 2904 97 2948; x_wconf 77' lang='lat' dir='ltr'>t</span> <span class='ocrx_word' id='word_1_165' title='bbox 111 2886 204 2950; x_wconf 52' lang='grc' dir='ltr'>ΚΜ</span> <span class='ocrx_word' id='word_1_166' title='bbox 216 2885 253 2950; x_wconf 92' lang='lat' dir='ltr'>P.</span> <span class='ocrx_word' id='word_1_167' title='bbox 271 2888 509 2968; x_wconf 89' lang='lat' dir='ltr'>Guardianus,</span> <span class='ocrx_word' id='word_1_168' title='bbox 522 2888 754 2969; x_wconf 89' lang='lat' dir='ltr'>personaliter</span> <span class='ocrx_word' id='word_1_169' title='bbox 766 2889 835 2953; x_wconf 86' lang='lat' dir='ltr'>huc</span> <span class='ocrx_word' id='word_1_170' title='bbox 847 2886 1004 2964; x_wconf 90' lang='lat' dir='ltr'>ueniens,</span> <span class='ocrx_word' id='word_1_171' title='bbox 1017 2900 1078 2949; x_wconf 88' lang='lat' dir='ltr'>no·</span> 
     </span>
     <span class='ocr_line' id='line_1_25' title="bbox 90 2994 1075 3077; baseline 0.001 -22"><span class='ocrx_word' id='word_1_172' title='bbox 90 2995 167 3071; x_wconf 78' lang='lat' dir='ltr'>init,</span> <span class='ocrx_word' id='word_1_173' title='bbox 195 2994 238 3057; x_wconf 91' lang='lat' dir='ltr'>de</span> <span class='ocrx_word' id='word_1_174' title='bbox 261 2995 476 3074; x_wconf 90' lang='lat' dir='ltr'>poenitentia</span> <span class='ocrx_word' id='word_1_175' title='bbox 496 2996 653 3060; x_wconf 88' lang='lat' dir='ltr'>mulieris</span> <span class='ocrx_word' id='word_1_176' title='bbox 668 3010 775 3077; x_wconf 92' lang='lat' dir='ltr'>quam</span> <span class='ocrx_word' id='word_1_177' title='bbox 792 2994 836 3059; x_wconf 91' lang='lat' dir='ltr'>de</span> <span class='ocrx_word' id='word_1_178' title='bbox 866 3001 1075 3074; x_wconf 86' lang='lat' dir='ltr'>recuperata</span> 
     </span>
    </p>

    <p class='ocr_par' dir='ltr' id='par_1_3' title="bbox 90 3103 373 3166">
     <span class='ocr_line' id='line_1_26' title="bbox 90 3103 373 3166; baseline 0.007 -2"><span class='ocrx_word' id='word_1_179' title='bbox 90 3130 91 3141; x_wconf 23' lang='grc' dir='ltr'><strong>κ</strong></span> <span class='ocrx_word' id='word_1_180' title='bbox 106 3103 216 3164; x_wconf 91' lang='lat' dir='ltr'>multo</span> <span class='ocrx_word' id='word_1_181' title='bbox 236 3103 373 3166; x_wconf 87' lang='lat' dir='ltr'>laetior.</span> 
     </span>
    </p>

    <p class='ocr_par' dir='ltr' id='par_1_4' title="bbox 90 3205 1075 4360">
     <span class='ocr_line' id='line_1_27' title="bbox 90 3205 1074 3289; baseline 0 -20"><span class='ocrx_word' id='word_1_182' title='bbox 90 3205 193 3285; x_wconf 77' lang='lat' dir='ltr'>edam,</span> <span class='ocrx_word' id='word_1_183' title='bbox 211 3207 352 3272; x_wconf 87' lang='lat' dir='ltr'>uiuente</span> <span class='ocrx_word' id='word_1_184' title='bbox 366 3210 508 3289; x_wconf 89' lang='lat' dir='ltr'>quidem</span> <span class='ocrx_word' id='word_1_185' title='bbox 527 3210 653 3275; x_wconf 90' lang='lat' dir='ltr'>marito</span> <span class='ocrx_word' id='word_1_186' title='bbox 672 3210 822 3275; x_wconf 89' lang='lat' dir='ltr'>honesta</span> <span class='ocrx_word' id='word_1_187' title='bbox 840 3215 1016 3287; x_wconf 87' lang='lat' dir='ltr'>matrona,</span> <span class='ocrx_word' id='word_1_188' title='bbox 1031 3221 1074 3270; x_wconf 91' lang='lat' dir='ltr'>eo</span> 
     </span>
     <span class='ocr_line' id='line_1_28' title="bbox 90 3314 1075 3397; baseline 0.002 -22"><span class='ocrx_word' id='word_1_189' title='bbox 90 3324 151 3377; x_wconf 77' lang='lat' dir='ltr'>‚cto</span> <span class='ocrx_word' id='word_1_190' title='bbox 167 3332 247 3379; x_wconf 91' lang='lat' dir='ltr'>cum</span> <span class='ocrx_word' id='word_1_191' title='bbox 263 3314 417 3396; x_wconf 88' lang='lat' dir='ltr'>quodam</span> <span class='ocrx_word' id='word_1_192' title='bbox 428 3317 624 3397; x_wconf 86' lang='lat' dir='ltr'>praediuite</span> <span class='ocrx_word' id='word_1_193' title='bbox 639 3316 717 3380; x_wconf 90' lang='lat' dir='ltr'>viro</span> <span class='ocrx_word' id='word_1_194' title='bbox 732 3317 867 3396; x_wconf 91' lang='lat' dir='ltr'>aliquot</span> <span class='ocrx_word' id='word_1_195' title='bbox 887 3314 991 3379; x_wconf 91' lang='lat' dir='ltr'>annis</span> <span class='ocrx_word' id='word_1_196' title='bbox 1004 3322 1075 3377; x_wconf 91' lang='lat' dir='ltr'>tur·</span> 
     </span>
     <span class='ocr_line' id='line_1_29' title="bbox 90 3420 1073 3504; baseline 0.001 -20"><span class='ocrx_word' id='word_1_197' title='bbox 90 3421 177 3501; x_wconf 88' lang='lat' dir='ltr'>laec,</span> <span class='ocrx_word' id='word_1_198' title='bbox 188 3439 270 3486; x_wconf 88' lang='lat' dir='ltr'>cum</span> <span class='ocrx_word' id='word_1_199' title='bbox 281 3424 421 3502; x_wconf 82' lang='lat' dir='ltr'>longius</span> <span class='ocrx_word' id='word_1_200' title='bbox 432 3423 489 3487; x_wconf 90' lang='lat' dir='ltr'>ille</span> <span class='ocrx_word' id='word_1_201' title='bbox 500 3438 650 3504; x_wconf 81' lang='lat' dir='ltr'>peregre</span> <span class='ocrx_word' id='word_1_202' title='bbox 658 3432 752 3487; x_wconf 87' lang='lat' dir='ltr'>esset</span> <span class='ocrx_word' id='word_1_203' title='bbox 763 3420 954 3503; x_wconf 86' lang='lat' dir='ltr'>proiectus,</span> <span class='ocrx_word' id='word_1_204' title='bbox 966 3429 1073 3485; x_wconf 89' lang='lat' dir='ltr'>nacta</span> 
     </span>
     <span class='ocr_line' id='line_1_30' title="bbox 90 3528 1073 3612; baseline 0 -20"><span class='ocrx_word' id='word_1_205' title='bbox 90 3547 292 3610; x_wconf 85' lang='lat' dir='ltr'>remquam</span> <span class='ocrx_word' id='word_1_206' title='bbox 307 3540 413 3595; x_wconf 88' lang='lat' dir='ltr'>antea</span> <span class='ocrx_word' id='word_1_207' title='bbox 427 3530 739 3612; x_wconf 88' lang='lat' dir='ltr'>opportunitatem,</span> <span class='ocrx_word' id='word_1_208' title='bbox 764 3530 921 3603; x_wconf 87' lang='lat' dir='ltr'>animum</span> <span class='ocrx_word' id='word_1_209' title='bbox 943 3528 1073 3594; x_wconf 87' lang='lat' dir='ltr'>adiecit</span> 
     </span>
     <span class='ocr_line' id='line_1_31' title="bbox 91 3635 1070 3702; baseline 0.003 -4"><span class='ocrx_word' id='word_1_210' title='bbox 91 3645 268 3700; x_wconf 90' lang='lat' dir='ltr'>ostrorum</span> <span class='ocrx_word' id='word_1_211' title='bbox 289 3638 515 3701; x_wconf 84' lang='lat' dir='ltr'>sacerdotnm</span> <span class='ocrx_word' id='word_1_212' title='bbox 537 3638 684 3702; x_wconf 89' lang='lat' dir='ltr'>vulnera</span> <span class='ocrx_word' id='word_1_213' title='bbox 709 3635 849 3702; x_wconf 88' lang='lat' dir='ltr'>animae</span> <span class='ocrx_word' id='word_1_214' title='bbox 871 3654 959 3702; x_wconf 90' lang='lat' dir='ltr'>suae</span> <span class='ocrx_word' id='word_1_215' title='bbox 983 3646 1070 3701; x_wconf 89' lang='lat' dir='ltr'>rete·</span> 
     </span>
     <span class='ocr_line' id='line_1_32' title="bbox 90 3744 1069 3826; baseline 0.004 -22"><span class='ocrx_word' id='word_1_216' title='bbox 90 3752 179 3806; x_wconf 78' lang='lat' dir='ltr'>itare</span> <span class='ocrx_word' id='word_1_217' title='bbox 198 3744 384 3807; x_wconf 89' lang='lat' dir='ltr'>consilium</span> <span class='ocrx_word' id='word_1_218' title='bbox 405 3744 669 3826; x_wconf 89' lang='lat' dir='ltr'>remediumque</span> <span class='ocrx_word' id='word_1_219' title='bbox 693 3754 932 3825; x_wconf 90' lang='lat' dir='ltr'>opportunum</span> <span class='ocrx_word' id='word_1_220' title='bbox 952 3753 1069 3824; x_wconf 87' lang='lat' dir='ltr'>postu·</span> 
     </span>
     <span class='ocr_line' id='line_1_33' title="bbox 93 3847 1066 3931; baseline 0.003 -20"><span class='ocrx_word' id='word_1_221' title='bbox 93 3847 202 3928; x_wconf 83' lang='lat' dir='ltr'>gitur,</span> <span class='ocrx_word' id='word_1_222' title='bbox 225 3868 305 3914; x_wconf 90' lang='lat' dir='ltr'>cnm</span> <span class='ocrx_word' id='word_1_223' title='bbox 328 3866 459 3930; x_wconf 82' lang='lat' dir='ltr'>magna</span> <span class='ocrx_word' id='word_1_224' title='bbox 484 3850 713 3931; x_wconf 89' lang='lat' dir='ltr'>turpitudinis</span> <span class='ocrx_word' id='word_1_225' title='bbox 737 3867 823 3915; x_wconf 91' lang='lat' dir='ltr'>suae</span> <span class='ocrx_word' id='word_1_226' title='bbox 847 3849 1066 3924; x_wconf 83' lang='lat' dir='ltr'>confusione.</span> 
     </span>
     <span class='ocr_line' id='line_1_34' title="bbox 95 3957 1067 4037; baseline 0.003 -19"><span class='ocrx_word' id='word_1_227' title='bbox 95 3965 212 4020; x_wconf 89' lang='lat' dir='ltr'>actam</span> <span class='ocrx_word' id='word_1_228' title='bbox 237 3974 384 4037; x_wconf 90' lang='lat' dir='ltr'>prorsus</span> <span class='ocrx_word' id='word_1_229' title='bbox 408 3958 444 4021; x_wconf 91' lang='lat' dir='ltr'>in</span> <span class='ocrx_word' id='word_1_230' title='bbox 467 3957 689 4032; x_wconf 86' lang='lat' dir='ltr'>confessione</span> <span class='ocrx_word' id='word_1_231' title='bbox 714 3957 901 4037; x_wconf 86' lang='lat' dir='ltr'>detestata,</span> <span class='ocrx_word' id='word_1_232' title='bbox 927 3974 1067 4021; x_wconf 88' lang='lat' dir='ltr'>sacram</span> 
     </span>
     <span class='ocr_line' id='line_1_35' title="bbox 90 4064 1066 4147; baseline 0.004 -22"><span class='ocrx_word' id='word_1_233' title='bbox 90 4080 129 4125; x_wconf 90' lang='lat' dir='ltr'>m</span> <span class='ocrx_word' id='word_1_234' title='bbox 142 4065 176 4126; x_wconf 90' lang='lat' dir='ltr'>in</span> <span class='ocrx_word' id='word_1_235' title='bbox 192 4064 496 4129; x_wconf 88' lang='lat' dir='ltr'>confirmationem</span> <span class='ocrx_word' id='word_1_236' title='bbox 521 4066 577 4129; x_wconf 89' lang='lat' dir='ltr'>sui</span> <span class='ocrx_word' id='word_1_237' title='bbox 602 4064 774 4147; x_wconf 89' lang='lat' dir='ltr'>propositi</span> <span class='ocrx_word' id='word_1_238' title='bbox 798 4064 933 4129; x_wconf 82' lang='lat' dir='ltr'>feruide</span> <span class='ocrx_word' id='word_1_239' title='bbox 948 4080 1066 4129; x_wconf 86' lang='lat' dir='ltr'>susce·</span> 
     </span>
     <span class='ocr_line' id='line_1_36' title="bbox 90 4170 1064 4254; baseline 0.005 -23"><span class='ocrx_word' id='word_1_240' title='bbox 90 4187 121 4232; x_wconf 71' lang='lat' dir='ltr'>ra</span> <span class='ocrx_word' id='word_1_241' title='bbox 137 4170 277 4233; x_wconf 91' lang='lat' dir='ltr'>cuidam</span> <span class='ocrx_word' id='word_1_242' title='bbox 292 4172 441 4235; x_wconf 89' lang='lat' dir='ltr'>honesto</span> <span class='ocrx_word' id='word_1_243' title='bbox 457 4173 535 4235; x_wconf 93' lang='lat' dir='ltr'>viro</span> <span class='ocrx_word' id='word_1_244' title='bbox 551 4172 622 4253; x_wconf 91' lang='lat' dir='ltr'>(qui</span> <span class='ocrx_word' id='word_1_245' title='bbox 637 4189 717 4236; x_wconf 89' lang='lat' dir='ltr'>eam</span> <span class='ocrx_word' id='word_1_246' title='bbox 740 4171 777 4236; x_wconf 89' lang='lat' dir='ltr'>in</span> <span class='ocrx_word' id='word_1_247' title='bbox 802 4172 991 4251; x_wconf 82' lang='lat' dir='ltr'>coniugem</span> <span class='ocrx_word' id='word_1_248' title='bbox 1004 4188 1064 4254; x_wconf 88' lang='lat' dir='ltr'>po·</span> 
     </span>
     <span class='ocr_line' id='line_1_37' title="bbox 90 4277 961 4360; baseline 0.006 -22"><span class='ocrx_word' id='word_1_249' title='bbox 90 4277 192 4356; x_wconf 90' lang='lat' dir='ltr'>psius</span> <span class='ocrx_word' id='word_1_250' title='bbox 206 4279 345 4341; x_wconf 90' lang='lat' dir='ltr'>moechi</span> <span class='ocrx_word' id='word_1_251' title='bbox 358 4280 539 4343; x_wconf 86' lang='lat' dir='ltr'>consortio</span> <span class='ocrx_word' id='word_1_252' title='bbox 559 4296 597 4343; x_wconf 90' lang='lat' dir='ltr'>se</span> <span class='ocrx_word' id='word_1_253' title='bbox 612 4278 755 4345; x_wconf 90' lang='lat' dir='ltr'>omnino</span> <span class='ocrx_word' id='word_1_254' title='bbox 769 4279 961 4360; x_wconf 87' lang='lat' dir='ltr'>separauit.</span> 
     </span>
    </p>

    <p class='ocr_par' dir='ltr' id='par_1_5' title="bbox 90 4385 1062 4680">
     <span class='ocr_line' id='line_1_38' title="bbox 90 4385 1061 4469; baseline 0.007 -23"><span class='ocrx_word' id='word_1_255' title='bbox 90 4385 168 4446; x_wconf 85' lang='lat' dir='ltr'>tatis</span> <span class='ocrx_word' id='word_1_256' title='bbox 182 4385 299 4448; x_wconf 91' lang='lat' dir='ltr'>studio</span> <span class='ocrx_word' id='word_1_257' title='bbox 314 4386 357 4449; x_wconf 88' lang='lat' dir='ltr'>de</span> <span class='ocrx_word' id='word_1_258' title='bbox 373 4387 532 4466; x_wconf 90' lang='lat' dir='ltr'>plurimis</span> <span class='ocrx_word' id='word_1_259' title='bbox 546 4396 661 4464; x_wconf 88' lang='lat' dir='ltr'>taceo,</span> <span class='ocrx_word' id='word_1_260' title='bbox 674 4403 763 4469; x_wconf 92' lang='lat' dir='ltr'>quos</span> <span class='ocrx_word' id='word_1_261' title='bbox 774 4386 950 4467; x_wconf 89' lang='lat' dir='ltr'>colloquia</span> <span class='ocrx_word' id='word_1_262' title='bbox 963 4386 1061 4453; x_wconf 84' lang='lat' dir='ltr'>sami·</span> 
     </span>
     <span class='ocr_line' id='line_1_39' title="bbox 90 4491 1062 4573; baseline 0.007 -20"><span class='ocrx_word' id='word_1_263' title='bbox 90 4501 207 4554; x_wconf 86' lang='lat' dir='ltr'>umet</span> <span class='ocrx_word' id='word_1_264' title='bbox 227 4491 460 4558; x_wconf 87' lang='lat' dir='ltr'>consessionis</span> <span class='ocrx_word' id='word_1_265' title='bbox 479 4494 652 4573; x_wconf 88' lang='lat' dir='ltr'>remedia,</span> <span class='ocrx_word' id='word_1_266' title='bbox 668 4505 741 4560; x_wconf 91' lang='lat' dir='ltr'>tam</span> <span class='ocrx_word' id='word_1_267' title='bbox 762 4493 943 4561; x_wconf 87' lang='lat' dir='ltr'>erroribus</span> <span class='ocrx_word' id='word_1_268' title='bbox 964 4494 1062 4560; x_wconf 91' lang='lat' dir='ltr'>circa</span> 
     </span>
     <span class='ocr_line' id='line_1_40' title="bbox 90 4599 720 4680; baseline 0.01 -19"><span class='ocrx_word' id='word_1_269' title='bbox 90 4599 235 4664; x_wconf 86' lang='lat' dir='ltr'>alterius</span> <span class='ocrx_word' id='word_1_270' title='bbox 249 4601 391 4680; x_wconf 83' lang='lat' dir='ltr'>generis</span> <span class='ocrx_word' id='word_1_271' title='bbox 405 4602 500 4665; x_wconf 88' lang='lat' dir='ltr'>vitiis</span> <span class='ocrx_word' id='word_1_272' title='bbox 515 4602 720 4668; x_wconf 89' lang='lat' dir='ltr'>liberarunt.</span> 
     </span>
    </p>
   </div>
   <div class='ocr_carea' id='block_1_3' title="bbox 0 0 1610 5392">
    <p class='ocr_par' dir='ltr' id='par_1_6' title="bbox 0 0 1610 5392">
     <span class='ocr_line' id='line_1_41' title="bbox 0 0 1610 5392; baseline 0 0"><span class='ocrx_word' id='word_1_273' title='bbox 0 0 1610 5392; x_wconf 95' lang='lat' dir='ltr'> </span> 
     </span>
    </p>
   </div>
  </div>
 </body>
</html>
