3240 5386
185 449 240 509 612
532 452 536 463 '
573 448 1025 515 Lirrannaouaoanrasrnns

187 595 367 674 utriusque
382 594 521 673 collegii
536 593 647 657 literis
666 594 803 673 plenius
818 604 852 656 et
872 594 1085 656 cumulatius
1106 601 1279 673 poterunt
1302 593 1433 656 inteili-

187 702 235 780 gi.
252 700 420 780 Reliquos
433 718 531 777 uer0‚
547 700 607 779 qui
622 700 726 763 simili
742 699 917 763 desiderio
932 708 1106 775 tenentur,
1130 699 1177 762 ad
1193 700 1356 762 uirtutes
1371 717 1429 762 ex·

188 807 365 882 colendas
382 808 599 886 quantumin
618 806 718 868 nobis
734 818 798 881 est,
815 807 1060 881 adhortamur3
1079 822 1145 868 nec
1160 823 1312 869 omnem
1326 823 1428 886 pror-

188 931 249 977 sus
273 930 371 994 spem
392 914 546 977 abiicere
567 913 812 993 permittimus.
832 912 1023 992 Speramus
1044 913 1119 975 iore
1135 921 1173 975 ut
1187 922 1345 976 nostrae
1368 914 1428 975 aii·

188 1021 330 1101 quando
344 1019 513 1084 Societati
528 1029 563 1083 et
577 1021 795 1083 incremento
810 1029 845 1082 et
860 1020 1057 1083 accessioni
1072 1019 1142 1081 sint
1157 1018 1282 1082 futuri.

247 1127 377 1204 Habes,
395 1126 585 1190 admodum
600 1126 806 1189 Reuerende
821 1124 936 1200 Pater,
962 1143 1053 1205 quae
1069 1125 1114 1188 ad
1135 1125 1203 1187 has
1218 1126 1428 1205 quadrime-

188 1243 280 1296 stres
308 1235 429 1297 literas
456 1234 631 1313 pertinere
666 1233 887 1296 uidebantur.
918 1230 1105 1311 Reliquum
1132 1240 1188 1295 est
1225 1242 1265 1295 ut
1303 1251 1430 1296 rerum

188 1340 344 1403 omnium
360 1340 498 1403 auctori
520 1356 584 1418 pro
603 1341 711 1402 tantis
730 1340 765 1402 in
780 1357 845 1401 nos
860 1338 1038 1402 beneficiis
1052 1339 1216 1417 ingentes
1230 1341 1381 1419 gratias
1396 1353 1433 1403 et

188 1462 338 1525 agamus
357 1457 391 1509 et
414 1447 616 1523 habeamus;
640 1463 743 1526 quem
762 1463 826 1525 pro
848 1456 907 1509 tua
928 1446 963 1508 in
978 1462 1046 1508 nos
1064 1445 1196 1524 pietate
1217 1450 1371 1524 precari
1386 1464 1431 1510 ne

188 1552 340 1628 desinas,
356 1565 394 1616 ut
410 1555 477 1615 hoc
493 1552 703 1615 confirmare
717 1553 811 1628 ueiit,
828 1551 922 1632 quod
938 1561 1105 1632 operatus
1116 1559 1169 1614 est
1181 1552 1220 1614 in
1232 1553 1358 1615 nobis.
1373 1553 1431 1617 Ad

188 1670 384 1723 extremum
404 1669 576 1739 quotquot
601 1659 814 1738 Ulyssipone
834 1675 956 1721 sumus
979 1675 1049 1721 non
1072 1657 1243 1737 exiguam
1262 1675 1374 1738 spem
1395 1661 1430 1722 in

188 1768 258 1830 tuis
272 1764 490 1829 orationibus
504 1776 538 1828 et
553 1765 738 1828 sacrificiis
749 1765 930 1841 habemus
941 1764 1067 1844 quibus
1078 1780 1145 1827 nos
1155 1766 1361 1847 omniaque
1373 1785 1431 1830 no·

187 1885 261 1937 stra
277 1890 492 1953 magnopere
508 1873 806 1935 commendamus.

246 1981 285 2043 ln
300 1980 451 2059 collegio
466 1978 525 2042 Si*
545 1979 699 2052 Antonii,
717 1978 875 2041 calendis
890 1977 1107 2057 Septembris
1125 1977 1204 2040 1555
1218 1977 1240 2039 ¹.

247 2300 292 2361 In
307 2306 439 2378 quarta
451 2300 608 2379 pagina,
622 2298 695 2360 alia
710 2315 833 2360 manu:
849 2296 1107 2376 Quadrimestri
1122 2298 1178 2361 del
1196 2299 1371 2380 Collegio
1386 2303 1430 2366 de

188 2407 355 2469 Lisbona.

246 2513 294 2575 Et
308 2512 395 2575 alto:
410 2513 524 2577 Credo
537 2513 589 2574 sia
604 2513 660 2574 del
672 2512 803 2575 Genn.⁰
817 2511 902 2590 (sic)
921 2512 1007 2576 1556.

225 2752 233 2785 ¹
262 2752 342 2807 Haec,
353 2753 464 2796 averbis
474 2751 506 2795 In
517 2750 739 2803 collegiqeddidit
750 2761 827 2793 manu
840 2751 946 2804 proprie
958 2748 1208 2795 rotrocus-earet
1224 2754 1423 2808 subscriptione

183 2831 210 2867 et
220 2824 446 2878 superscriptione.
458 2822 508 2866 Vix
525 2829 611 2865 tamen
623 2832 677 2865 esse
693 2821 797 2864 dubium
814 2826 900 2875 potest
917 2819 978 2874 quin
988 2831 1005 2865 ι
1021 2820 1100 2865 Patre
1116 2820 1223 2875 ignatio
1238 2824 1273 2867 de
1291 2826 1422 2870 Acebedo.

185 2896 393 2950 Ulyssiponensis
418 2894 526 2947 Collegii
545 2893 668 2941 Rectore,
686 2893 797 2945 scriptae
814 2893 878 2942 sint,
894 2899 939 2935 aut
955 2904 986 2934 cx
998 2892 1053 2945 ejus
1070 2893 1264 2937 commissione.
