3210 5392
682 456 747 515 Au.
770 456 839 515 1554
1326 462 1377 519 177

179 601 328 680 possimus,
345 619 415 683 qua
438 603 496 666 uia
515 603 561 666 sit
583 604 628 667 ad
650 606 787 666 coelum
809 602 1091 683 ingrediendum,
1109 604 1211 667 cuius
1234 605 1375 686 quidem

179 723 276 787 scopus
287 717 349 786 est,
366 717 405 771 ut
420 709 608 773 vniuersos
621 710 836 773 christianos
852 708 897 772 ad
913 710 1147 773 humilitatem
1162 712 1312 792 erudiat,
1330 716 1376 778 ad

180 815 282 877 coelum
295 814 469 881 instituat.

220 920 301 986 Haec
314 923 443 1003 scripsi
456 924 549 987 bono
562 933 596 987 et
611 924 680 1006 pio,
695 935 732 987 ut
747 923 833 987 mihi
843 923 979 1003 videor,
996 926 1126 1003 animo,
1140 943 1231 1006 quae
1243 929 1375 1007 omnia,

182 1027 287 1091 Christo
306 1031 463 1110 auspice,
489 1041 587 1093 recte
601 1031 834 1111 explorabitis
859 1041 966 1111 atque
986 1031 1181 1112 disponetis
1207 1032 1227 1096 ¹.
1249 1032 1376 1097 Nume-

182 1133 466 1215 rusdiscipuiorum
480 1147 533 1200 est
548 1137 652 1216 idem,
670 1137 730 1219 qui
744 1138 917 1218 proximis
933 1138 1043 1201 literis
1054 1138 1119 1203 fuit
1132 1141 1376 1221 praescriptus

183 1250 208 1302 et
218 1242 373 1321 aliquanto
389 1245 529 1307 auctior
540 1243 561 1304 '.

227 1561 469 1643 Superscriptio
482 1563 520 1625 in
535 1569 667 1643 quarta
688 1572 843 1644 pagena:
866 1563 943 1627 R.d⁰
960 1565 1029 1628 Pri.
1046 1565 1213 1630 Polanco.

225 1667 290 1731 Alia
301 1687 423 1733 manu.
440 1670 530 1733 1554.
547 1670 718 1750 Bologna.
736 1670 783 1734 Di
798 1670 844 1734 M.
862 1670 989 1734 Fran⁰
1003 1672 1167 1736 Bordone
1179 1672 1203 1732 ³.

304 1776 377 1841 R}a
392 1778 453 1840 alli
470 1777 507 1839 15
521 1776 556 1840 di
571 1776 784 1842 Novembre.

233 1880 410 1964 Vestigium
425 1883 557 1963 sigilli.

199 2035 357 2055 ⁵8-

214 2116 220 2147 ¹
240 2118 281 2166 ius
290 2125 430 2180 respexisse
441 2126 546 2170 litterae
558 2126 684 2170 Poieucue
694 2127 806 2179 videtur,
818 2128 878 2171 dum
888 2128 913 2170 id
923 2126 996 2170 Patri
1004 2127 1145 2171 Franciuco
1154 2127 1252 2172 Palmio
1261 2129 1375 2183 scripuit,

185 2188 259 2237 iiidin
267 2194 392 2251 Chronico,
400 2204 420 2242 t.
431 2207 467 2248 ιν,
478 2208 538 2251 pag.
552 2197 597 2251 109,
608 2203 697 2242 annot.
705 2198 726 2241 2.

213 2257 222 2289 '
240 2260 271 2309 liu
279 2268 378 2322 explicit
389 2269 511 2323 epistola,
522 2270 619 2323 absque
630 2270 695 2321 ioco,
704 2269 753 2322 die,
765 2280 832 2312 anno
842 2275 868 2312 ei
878 2268 1078 2324 subscriptione.

212 2327 221 2360 ¹
239 2330 405 2393 imperspicue
416 2338 441 2382 iu
452 2339 623 2394 autographo.
639 2338 711 2391 Quod
721 2339 743 2382 ui
763 2339 802 2382 ite
812 2350 875 2382 vere
890 2347 938 2393 eet,
950 2346 1011 2383 tuuc
1028 2350 1092 2383 unue
1103 2339 1220 2394 idemque
1235 2347 1275 2384 eet
1290 2339 1369 2385 Fren-

184 2397 344 2461 mliorem,
354 2408 398 2463 qui
408 2407 523 2453 Mutinae
535 2411 692 2454 vertebatur
703 2410 751 2454 ii·
760 2409 896 2454 Februarii
907 2417 933 2454 et
941 2411 977 2454 5.·
986 2409 1047 2465 Maii
1059 2410 1112 2453 1553
1120 2410 1196 2464 (Vide
1211 2422 1299 2466 eupre.
1310 2418 1332 2455 t.
1345 2423 1373 2461 rr,

183 2474 290 2525 vir-inei
302 2479 358 2532 272),
370 2487 398 2524 et
408 2479 564 2525 Franciscue
574 2480 669 2537 Scipio,
686 2480 729 2536 qui
739 2480 878 2526 Ferrariee
889 2482 938 2525 lii·
952 2481 1070 2534 Jenuerii
1080 2481 1156 2537 huius
1167 2483 1227 2527 anni
1241 2483 1292 2527 1551
1302 2485 1327 2533 (Ι.
1339 2495 1371 2536 c..

181 2545 294 2600 miore
304 2551 433 2596 Bononiae
444 2564 511 2597 nunc
521 2554 637 2607 ejusdem
648 2552 709 2597 enni
718 2564 803 2597 mense
816 2553 967 2598 Novembri.
