3210 5392
552 430 613 488 ΑΝ.
637 429 706 486 1555
1185 428 1240 488 583

119 576 236 636 oculos
258 577 453 654 proposuit,
479 594 609 655 eosque
632 576 825 648 admonuit,
850 584 888 637 ut
910 575 975 636 sibi
998 575 1239 654 providerent,

93 699 122 742 :e
137 693 172 743 ut
187 682 230 743 de
246 682 404 744 discessu
417 685 476 745 illo
490 683 677 761 diligenter
690 683 900 762 cogitarent.
916 682 1013 761 Quae
1026 683 1102 744 eius
1113 683 1239 758 orati0,

93 804 136 849 na
151 805 238 867 erga
255 789 414 852 homines
430 791 587 852 bonitate
603 791 758 866 iuuante,
771 800 909 851 tantum
920 790 1012 868 apud
1026 790 1104 851 illos
1116 790 1239 866 ualuit,

93 893 128 957 bi
152 896 270 957 statim
297 897 489 959 inimicitiis
514 899 683 976 depositis
706 899 741 960 in
766 898 920 974 gratiam
947 896 1113 959 redirent.
1140 895 1242 957 Alius

92 1017 124 1063 m
148 1001 253 1064 Pater
279 1021 360 1065 cum
386 1021 406 1064 a
432 1005 582 1082 quodam
609 1005 804 1081 postularet
829 1014 866 1065 ut
893 1004 935 1079 ei,
963 1020 984 1064 a
1010 1020 1079 1082 quo
1105 1003 1242 1065 iniuriis

92 1118 163 1172 :tus
175 1120 264 1185 erat,
279 1111 491 1189 ignosceret,
505 1128 718 1190 quamquam
731 1109 870 1172 dicebat
883 1109 987 1171 Pater
996 1109 1241 1171 aduersarium

99 1263 107 1292 ,
121 1216 149 1278 si
165 1217 241 1295 ipse
256 1217 304 1278 ita
321 1219 436 1295 uellet,
452 1236 493 1278 eo
510 1234 594 1279 mox
610 1235 687 1279 essc
703 1229 892 1279 uenturum
908 1226 945 1279 ut
960 1217 1004 1277 ab
1024 1235 1065 1278 co
1089 1217 1165 1295 ipso
1186 1215 1241 1277 de-

92 1376 93 1380 ,
114 1323 252 1385 ueniam
273 1333 419 1401 peteret,
441 1324 497 1386 ille
522 1334 650 1397 tamen,
675 1325 730 1386 cui
754 1324 881 1386 iniuria
904 1323 999 1385 sacta
1022 1322 1147 1397 suerat,
1172 1340 1243 1384 non

92 1428 119 1492 lo
140 1430 186 1505 id,
209 1431 303 1509 quod
325 1429 429 1492 Pater
455 1432 616 1508 rogabat,
645 1431 873 1493 libentissime
899 1431 1093 1507 concessit,
1120 1446 1243 1491 uerum

92 1553 123 1598 m
137 1537 316 1613 pollicitus
330 1548 383 1600 est
399 1555 437 1600 se
451 1537 594 1599 domum
616 1539 812 1601 aduersarii
835 1540 966 1600 iturum
987 1538 1031 1599 ab
1050 1536 1245 1614 eodemque

92 1644 157 1707 iam
173 1645 364 1724 petiturum
380 1662 469 1707 esse.
493 1646 546 1707 Ex
568 1646 609 1707 iis
632 1656 750 1708 autem
773 1646 947 1720 omnibus,
966 1645 1074 1724 quiin
1090 1644 1245 1723 gratiam

91 1752 153 1813 icti
173 1761 266 1828 sunt,
288 1752 386 1813 multi
407 1752 546 1827 iratres,
570 1753 667 1814 multi
691 1753 906 1829 cognatione
928 1764 962 1814 et
984 1750 1245 1831 propinquitate

91 1858 299 1921 iunctissimi
318 1872 434 1919 erant.
463 1858 573 1920 Multa
595 1871 780 1938 praeterea
803 1860 872 1921 alia
893 1875 956 1937 per
972 1867 1114 1920 nostros
1129 1867 1243 1934 gesta,

93 1965 225 2027 effecta
241 1974 333 2043 sunt,
351 1978 493 2043 propter
509 1983 598 2044 quae
613 1965 690 2028 Deo
707 1966 787 2046 Opt.
804 1966 913 2041 Max„
939 1966 995 2028 cui
1016 1965 1106 2028 haec
1126 1963 1245 2026 omnia

91 2082 101 2133 t
115 2083 263 2152 accepta
280 2073 474 2146 reserenda,
493 2074 649 2135 maxima
666 2075 744 2135 laus
759 2085 792 2134 et
808 2073 923 2151 gloria
938 2073 1067 2134 tributa
1079 2081 1142 2149 est,
1156 2087 1244 2133 sem·

91 2196 149 2258 que
165 2180 348 2243 tribuetur.

90 2285 144 2363 Qui
171 2287 205 2348 in
231 2288 420 2365 gymnasio
445 2296 568 2349 nostro
590 2287 701 2349 literis
722 2304 867 2366 operam
888 2287 988 2361 dant,
1009 2302 1091 2348 cum
1111 2284 1246 2348 confes·

90 2391 175 2454 ibus
190 2393 313 2467 adiuti,
331 2403 404 2454 tum
420 2394 526 2456 etiam
543 2393 796 2471 magistrorum
811 2403 845 2455 et
861 2393 1012 2455 instituti
1026 2391 1190 2455 doctrina
1211 2399 1247 2453 et

90 2499 180 2578 mplo
196 2500 352 2576 excitati,
370 2517 440 2562 non
456 2499 683 2562 mediocriter
698 2498 896 2578 proficiunt.
914 2498 1004 2561 Nam
1020 2499 1124 2560 simul
1139 2511 1246 2577 atque

90 2605 212 2667 cholas
227 2615 367 2668 nostras
383 2604 632 2680 admittuntur,
650 2605 759 2667 uerba
776 2606 895 2667 statim
912 2606 1007 2685 ipsa,
1030 2622 1120 2684 quae
1141 2614 1246 2666 antea

90 2711 151 2773 sim
167 2712 398 2790 usurpabant,
415 2713 535 2774 nescio
552 2728 621 2791 quo
635 2721 753 2791 pactu,
771 2713 827 2773 uel
839 2711 981 2773 omnino
995 2711 1175 2788 abiiciunt,
1189 2712 1246 2772 uel

90 2835 150 2895 rna
165 2833 211 2879 ex
227 2831 327 2896 parte
341 2826 571 2881 commutant.
589 2817 711 2898 Neque
727 2820 840 2880 solum
856 2816 1084 2880 iureiurando
1100 2816 1245 2895 diligen·

89 2940 151 2986 me
168 2924 355 3001 abstinent,
372 2926 435 2988 sed
450 2943 493 2987 ne
508 2941 616 2986 unum
632 2924 773 3005 quidem
788 2925 935 2987 uerbum
952 2942 995 2986 ex
1012 2924 1168 3003 ipsorum
1184 2939 1246 2985 ore

93 3031 214 3111 ,quod
229 3032 437 3112 cuiusquam
454 3049 558 3096 aures
579 3031 744 3109 offendat,
767 3042 804 3094 ut
823 3042 928 3093 antea
952 3031 1002 3093 eis
1025 3047 1090 3093 usu
1110 3030 1247 3092 solebat

89 3138 172 3200 nire.
194 3136 315 3217 Itaque
343 3139 388 3200 ab
413 3139 508 3200 omni
531 3155 580 3210 re,
606 3156 675 3218 qua
692 3136 812 3199 Diuini
827 3135 990 3199 Numinis
1005 3137 1175 3199 maiestas
1190 3137 1247 3198 uel

89 3255 142 3307 ter
168 3243 297 3308 offendi
322 3246 446 3323 possit,
469 3245 737 3323 diligentissime
758 3254 896 3306 cauent.
923 3242 1012 3306 Tam
1031 3243 1188 3306 modeste
1208 3259 1246 3304 se

89 3352 184 3412 tibus
200 3351 236 3413 in
257 3352 362 3413 rebus
383 3362 526 3430 gerunt,
548 3362 585 3414 ut
604 3368 707 3413 nemo
730 3367 792 3412 eos
813 3350 942 3428 uideat,
967 3351 1050 3428 quin
1072 3351 1248 3412 maximas

89 3481 94 3515 ι
109 3457 247 3536 gratias
262 3469 348 3536 agat
359 3476 424 3538 pro
435 3468 509 3520 tam
520 3458 693 3536 singulari
706 3457 1048 3519 adolescentulorum
1060 3455 1244 3519 modestia.

104 3563 199 3625 enim
214 3581 361 3642 prorsus
377 3564 488 3626 uideri
504 3567 627 3639 solent,
646 3574 680 3625 et
695 3581 765 3625 non
781 3564 841 3638 illi,
856 3565 914 3642 qui
927 3574 1008 3624 ante
1020 3573 1132 3625 erant.
1148 3562 1246 3624 Multi

88 3686 171 3749 tque
183 3686 305 3732 eorum
318 3683 446 3733 octauo
461 3688 599 3751 quoque
612 3670 667 3732 die
680 3671 723 3732 de
735 3671 893 3749 peccatis
905 3669 1127 3747 confitentur,
1142 3679 1247 3748 atque

92 3795 128 3839 m
143 3777 286 3856 capiunt
302 3775 576 3839 Sacrosanctum
591 3776 721 3839 Christi
737 3775 886 3855 CorpuS,
900 3787 1050 3855 suntque
1064 3777 1246 3838 uehemen-

89 3883 218 3945 soliciti
233 3883 275 3944 de
291 3900 436 3945 suorum
451 3885 650 3945 animorum
665 3882 850 3945 commodo
866 3892 899 3944 et
914 3884 1038 3945 salute.
1063 3882 1101 3944 ln
1121 3883 1247 3961 quibus

88 3991 123 4051 le
138 3989 281 4067 quidem
296 3998 445 4068 apparet
460 3999 611 4069 quantos
626 3989 662 4050 in
679 3989 808 4052 uirtute
823 3989 956 4051 saciant
973 4005 1194 4068 progressus.

88 4094 187 4157 Pater
207 4104 328 4157 noster
347 4095 437 4157 Miro
458 4112 523 4157 nos
546 4095 591 4157 ad
613 4096 781 4157 calendas
803 4094 970 4173 Quintilis
993 4095 1123 4172 inuisit,
1147 4095 1250 4157 cuius

88 4200 273 4264 indissimo
299 4203 574 4281 gratissimoque
599 4212 790 4281 conspectu
816 4202 943 4264 mirum
969 4203 1003 4264 in
1030 4200 1173 4264 modum
1196 4218 1247 4264 re·

87 4309 131 4370 ati
146 4325 279 4370 sumus.
297 4309 433 4370 Verum
448 4308 542 4387 apud
558 4327 622 4370 nos
637 4326 707 4370 non
724 4309 874 4388 amplius
888 4308 1074 4371 undecimo
1086 4309 1142 4371 die
1153 4325 1249 4370 com·

87 4425 181 4478 ratus
196 4425 261 4493 est,
278 4425 466 4494 propterea
481 4415 575 4493 quod
590 4417 701 4478 multa
717 4432 917 4495 magnaque
933 4416 1083 4494 negocia
1099 4425 1132 4477 et
1148 4414 1248 4495 Olys·

87 4531 195 4584 meet
211 4520 456 4584 Conimbricae
472 4521 636 4598 habebat,
654 4539 743 4600 quae
759 4522 855 4584 illum
874 4520 1003 4584 diutius
1017 4521 1155 4584 Eborac
1171 4539 1251 4585 esse

87 4649 93 4690 ι
108 4629 344 4708 patiebantur.
362 4628 506 4690 Interim
520 4627 707 4706 quemdam
723 4628 780 4690 hic
795 4627 1018 4691 sacerdotem
1037 4629 1073 4690 in
1095 4627 1251 4693 Societa-
