3210 5392
704 427 769 486 ΑΝ.
791 428 861 488 1554
1371 428 1408 487 29

177 571 296 635 neficio
311 570 463 652 indigni,
480 572 549 636 hoc
565 581 683 636 tamen
700 589 807 636 vnum
829 591 875 636 ex
895 582 929 637 te
950 574 1123 638 maiorem
1141 575 1179 638 in
1193 575 1336 638 modum
1350 591 1408 655 pe·

181 680 290 756 timuS,
307 677 414 742 Pater
430 679 468 741 in
490 677 627 743 CHRO.
652 677 873 759 Reuerende‚
894 689 933 744 vt
954 697 1022 744 nos
1041 680 1111 745 tuis
1131 681 1297 762 precibus
1316 698 1410 744 com·

185 785 464 849 mendatissimos
479 803 557 850 esse
572 787 672 850 velis

237 891 429 971 Bononiae,
445 892 467 954 9
481 892 649 956 calendas
659 893 742 975 Julii
756 893 844 956 1554.

417 999 589 1080 Indignus
603 997 695 1064 filius
712 1010 806 1079 tuus,

1016 1212 1247 1278 Guiuemus

246 1535 288 1597 In
301 1541 436 1615 quarta
445 1534 604 1614 pagina,
618 1535 694 1597 loco
709 1536 1044 1616 superscriptionis:
1057 1535 1218 1616 Bologna
1232 1536 1287 1600 del
1299 1536 1351 1599 54.

198 1639 443 1722 23,ᾰίῦίιιςιιο,
1048 1641 1053 1661 ’

244 2625 431 2687 Edmundus
446 2626 619 2699 Augerius

272 2724 361 2784 Patri
374 2725 504 2800 Ignatio
517 2725 559 2784 de
573 2723 713 2797 Loyola.

305 2822 455 2893 Petusio.
470 2822 506 2881 23
518 2822 607 2895 Junii
622 2821 723 2881 15541.

245 3134 317 3198 Pax
330 3135 433 3216 Xpri.
450 3144 518 3199 etc.

245 3239 350 3305 Molto
365 3240 449 3305 R.do
464 3243 498 3304 in
514 3241 607 3322 Xpo.
624 3241 750 3304 Padre.

244 3345 352 3428 Spero
364 3349 430 3411 che
441 3366 505 3428 per
516 3357 638 3429 queste
653 3356 752 3410 tanto
766 3348 825 3426 piu
834 3346 1035 3411 sacilmente
1051 3348 1226 3412 sodissaro
1239 3350 1312 3413 aV.
1324 3349 1364 3413 R.
1377 3353 1411 3414 in

192 3455 337 3518 scriuere
351 3456 577 3519 brenemente
599 3466 633 3518 et
654 3472 721 3517 con
742 3454 940 3530 chiarezza‚
962 3464 1093 3534 quanto
1109 3457 1143 3517 la
1159 3457 1307 3519 materia
1323 3458 1413 3520 delle

191 3577 266 3624 cose
282 3563 337 3625 ch’
361 3562 397 3625 in
416 3562 531 3641 questi
551 3572 693 3642 quattro
713 3561 802 3623 mesi
823 3562 959 3640 passati
978 3560 1064 3624 fatte
1088 3561 1118 3624 si
1143 3580 1242 3641 son0,
1267 3568 1286 3624 e
1308 3581 1413 3627 meno

189 3668 337 3748 copiosa.
360 3667 408 3732 Di
430 3670 588 3732 maniera
611 3669 677 3730 che
692 3684 756 3747 per
777 3670 798 3730 l’
817 3685 887 3730 una
904 3678 937 3730 et
952 3669 974 3730 l’
992 3670 1083 3730 altra
1105 3670 1256 3747 cagione
1271 3671 1412 3751 bisogni

185 3775 238 3836 eh'
251 3775 284 3838 io
295 3775 332 3838 in
347 3779 423 3839 cosi
442 3777 580 3856 piccola
600 3775 748 3838 materia
770 3791 842 3837 non
861 3774 914 3836 sia
930 3776 1038 3837 molto
1054 3776 1216 3854 prolisso.
1234 3774 1324 3840 Pure
1339 3795 1412 3841 non

189 3881 441 3960 risguardando
457 3884 527 3945 alla
542 3887 692 3962 pouerte
707 3881 797 3944 delle
813 3898 895 3943 cose
911 3880 1069 3944 scriuero
1085 3884 1166 3961 quel
1187 3900 1276 3962 poco
1292 3885 1358 3948 che
1373 3891 1413 3948 εὐ

189 3986 228 4049 V.
245 3987 284 4050 R.
298 3999 436 4069 espetta
451 3990 496 4052 da
510 3989 582 4052 noi.
599 3987 645 4052 Et
659 3997 784 4069 questo
807 4005 879 4050 non
894 3997 993 4050 tanto
1014 4005 1078 4067 per
1092 3990 1309 4067 negligentia
1325 4009 1345 4054 o
1363 3994 1412 4072 pi·

187 4095 285 4171 gritia
306 4097 334 4158 s'
356 4088 554 4174 e'causato,
576 4104 709 4177 quanto
732 4098 806 4175 (per
827 4094 902 4157 dire
923 4095 1013 4174 quel'
1036 4095 1091 4158 ch'
1106 4095 1136 4172 e)
1153 4113 1215 4174 per
1235 4097 1258 4159 ii
1274 4097 1412 4177 piccolo

188 4217 332 4266 numero
348 4202 381 4266 d'
398 4203 410 4267 i
425 4203 619 4266 lauoratori
634 4203 688 4265 ch’
705 4203 740 4264 in
755 4213 881 4283 questa
897 4204 1019 4283 vignia
1035 4203 1064 4264 si
1081 4201 1285 4267 affaticano.

242 4308 392 4389 Auenga
407 4310 473 4374 che
488 4311 596 4374 niuno
618 4313 678 4390 qui
699 4310 729 4373 si
744 4311 871 4373 ritroui
888 4313 1036 4386 (eccetto
1052 4311 1185 4373 colloro
1203 4311 1257 4376 ch’
1271 4311 1413 4376 infermi

189 4419 280 4492 sono)
303 4418 328 4479 il
347 4418 451 4497 quale
473 4433 541 4481 con
556 4417 738 4497 diligentia
760 4435 831 4480 non
851 4417 878 4480 s'
900 4417 1060 4481 esserciti
1077 4420 1166 4481 nelle
1186 4419 1243 4498 pie
1262 4429 1296 4482 et
1312 4432 1414 4483 sante

191 4573 260 4582 -......

263 4658 447 4713 Αιιῑοςηρὴεε
459 4661 563 4704 Ηῑῑεῐιε
575 4660 599 4703 in
610 4660 705 4714 duplici
717 4660 785 4711 solio,
798 4671 837 4702 nn.
846 4638 871 4702 51
887 4667 911 4702 ct
922 4659 956 4701 52.
