3210 5392
673 416 842 478 Lucanas
862 434 1134 487 ouanaurcsraes

481 1024 696 1069 Praecedentium
706 1026 854 1069 litterarum
863 1024 991 1069 Edmundi
1004 1025 1111 1081 Augerll
1123 1026 1206 1071 latina
1216 1028 1303 1072 versio
1316 1029 1332 1070 ¹.

344 1635 421 1698 Pax
436 1633 579 1711 Christi,
597 1644 665 1697 etc.

342 1742 421 1804 Hoc
445 1741 595 1819 facilius,
620 1739 662 1803 R.
684 1741 720 1803 in
742 1739 884 1804 Christo
905 1740 1020 1817 Pater,
1042 1757 1147 1819 spero
1169 1758 1224 1804 me
1240 1750 1321 1805 tuae
1337 1744 1515 1807 voluntati

282 1850 560 1926 satisfacturum,
583 1865 654 1928 qua
676 1865 732 1911 me
746 1848 803 1910 vis
821 1848 856 1909 in
876 1847 1063 1911 scribendo
1082 1847 1273 1911 dilucidam
1288 1850 1389 1929 sequi
1402 1851 1514 1915 breui·

283 1965 404 2033 tatem,
432 1973 501 2036 quo
528 1972 647 2018 rerum
671 1962 854 2034 gestarum
879 1954 981 2033 copia
1012 1954 1142 2033 elapsis
1172 1955 1333 2034 proxime
1361 1966 1515 2037 quatuor

282 2063 462 2126 mensibus
485 2062 601 2125 minor
624 2060 699 2123 fuit.
722 2060 824 2139 Quod
842 2077 914 2122 non
934 2070 1007 2123 tam
1029 2060 1267 2139 negligentiae
1291 2063 1379 2127 vitio
1404 2082 1512 2144 quam

281 2172 333 2245 (vt
357 2186 481 2232 verum
507 2167 632 2245 fatear)
656 2185 771 2247 pauco
797 2167 853 2230 hic
876 2178 1015 2230 tuorum
1042 2183 1189 2231 numero
1215 2169 1438 2234 tribuendum
1464 2172 1513 2233 vi-

283 2277 397 2340 detur.

341 2383 465 2447 Nullus
490 2383 583 2445 enim
609 2392 673 2457 est,
701 2382 761 2462 qui
787 2382 821 2443 in
841 2381 1040 2444 animarum
1061 2383 1211 2448 salutem
1230 2384 1372 2464 pietatis
1397 2383 1512 2448 officia

280 2489 549 2569 diligentissime
571 2506 644 2551 non
663 2498 842 2550 exerceat.
866 2487 1024 2566 Quorum
1045 2490 1162 2553 visum
1184 2502 1236 2553 est
1261 2490 1415 2554 Domino
1435 2509 1512 2555 coe·

281 2607 352 2659 tum
379 2597 532 2676 aliquem
553 2611 697 2673 augere,
719 2602 824 2675 atquc
846 2595 999 2674 aliquem
1021 2596 1164 2659 tandem
1184 2614 1229 2659 ex
1251 2597 1318 2659 hac
1340 2596 1511 2661 Perusina

279 2705 385 2783 plaga
401 2704 436 2765 in
452 2701 664 2765 Societatem
685 2702 873 2764 asciscere.
894 2701 957 2763 Est
977 2702 1033 2765 hic
1055 2703 1192 2765 iuuenis
1211 2721 1343 2782 genere
1368 2705 1509 2782 nobiliS,

279 2812 408 2873 virtute
424 2820 542 2872 tamen
568 2827 609 2872 ac
631 2809 726 2870 vitae
749 2808 925 2888 probitate
945 2811 1054 2871 multo
1070 2810 1231 2872 nobilior:
1248 2811 1289 2889 is,
1308 2822 1389 2891 post
1404 2812 1511 2874 tradi-

278 2928 351 2981 tam
374 2916 443 2979 sibi
466 2934 488 2979 a
513 2916 618 2978 Patre
638 2928 760 2977 nostro
787 2914 1035 2977 exercitiorum
1061 2916 1272 2995 spiritalium
1292 2918 1508 2991 methodum,

278 3024 466 3087 Societatis
502 3023 700 3085 institutum
733 3031 785 3083 cst
820 3022 1053 3102 amplexatus.
1083 3023 1129 3086 Ut
1158 3034 1275 3087 autem
1304 3024 1403 3088 breui
1434 3028 1509 3089 voti

276 3149 422 3211 compos
443 3130 515 3201 fiat.
540 3131 611 3192 iam
633 3127 783 3192 Romam
805 3146 885 3192 cum
905 3129 1017 3192 tribus
1038 3131 1112 3193 suis
1131 3130 1310 3207 iratribus,
1334 3150 1424 3213 quos
1450 3150 1506 3196 eo·

276 3239 355 3300 dem
381 3256 401 3298 a
417 3236 570 3299 Domino
585 3237 763 3299 existimat
784 3237 890 3298 etiam
907 3245 1066 3314 vocatoS,
1083 3237 1134 3299 ire
1150 3246 1264 3317 parat:
1283 3237 1372 3301 laxit
1387 3238 1507 3303 Domi-

276 3361 341 3407 nus
356 3352 394 3406 vt
410 3360 479 3423 quo
495 3360 643 3421 coepere
656 3343 773 3404 animo
790 3348 953 3421 pergant;
970 3353 1050 3405 sunt
1062 3344 1156 3406 enim
1168 3360 1321 3423 magnae
1332 3345 1408 3424 spei
1424 3346 1507 3409 ado·

275 3454 457 3513 lescentes.
474 3448 561 3512 Sunt
581 3459 616 3511 et
640 3450 698 3511 alii
722 3449 808 3528 ipsis
822 3451 1005 3512 voluntate
1028 3451 1190 3530 proximi,
1214 3468 1365 3531 quorum
1385 3469 1506 3532 spera·

273 3575 351 3620 nius
366 3557 499 3637 aliquot
520 3573 705 3619 romanum
727 3556 794 3618 iter
814 3556 1017 3635 propediem
1038 3567 1253 3636 arrepturos,
1280 3566 1320 3620 vt
1335 3558 1370 3620 in
1386 3556 1507 3623 Socie-

273 3675 382 3727 tatem
398 3663 639 3726 admittantur.

331 3770 385 3833 De
407 3769 603 3832 studiorum
624 3778 741 3831 autem
768 3778 970 3831 nostrorum
995 3770 1132 3832 ratione
1147 3788 1190 3832 ac
1206 3771 1329 3834 ordine
1347 3771 1433 3834 nillil
1451 3783 1506 3835 est

271 3879 384 3955 abeo,
403 3877 530 3955 dequo
552 3877 641 3939 alias
660 3887 694 3938 te
715 3876 902 3938 certiorem
928 3875 1086 3953 lecimus,
1110 3878 1343 3940 immutatum.
1365 3878 1403 3941 Id
1417 3896 1505 3942 vero

269 3984 409 4047 silentio
425 3984 568 4047 minime
583 3982 794 4063 praeteribo,
817 3983 910 4062 quod
931 4000 1025 4046 nunc
1047 3985 1092 4046 ab
1113 3984 1274 4047 omnibus
1292 3985 1367 4048 iere
1389 3986 1505 4050 litera·

269 4110 347 4154 rum
373 4090 634 4171 professoribus
659 4090 824 4152 methodo
840 4098 984 4152 nostrae
1014 4090 1180 4163 docendi,
1205 4090 1326 4154 diuino
1354 4109 1504 4157 munere

267 4199 459 4276 deleratur;
476 4215 539 4277 pro
555 4214 624 4276 qua
641 4213 751 4276 usque
767 4195 856 4258 adeo
872 4197 984 4274 nobis,
1002 4206 1040 4259 vt
1056 4198 1164 4276 probe
1180 4198 1284 4275 nosti,
1301 4197 1365 4260 fuit
1381 4199 1502 4262 haete-

266 4323 333 4368 nus
348 4305 613 4381 decertandum,
630 4304 781 4366 necdum
797 4303 939 4366 omnino
955 4315 1134 4367 cessatum
1149 4314 1214 4368 est.
1231 4303 1320 4369 Sunt
1336 4306 1431 4369 enim
1442 4307 1503 4369 ad-

307 4511 315 4541 ¹
345 4509 407 4553 Tria
417 4516 477 4552 sunt
488 4508 564 4563 hujus
574 4508 702 4552 versionis
713 4510 820 4562 antiqua
831 4509 991 4563 apographa
1003 4521 1081 4554 unum
1102 4511 1126 4553 in
1146 4511 1241 4564 duplici
1253 4510 1312 4555 lolio
1324 4522 1365 4555 nn.
1380 4510 1408 4556 50
1425 4520 1454 4557 et
1468 4514 1505 4559 53.

264 4584 291 4625 in
301 4582 353 4625 vol.
363 4580 505 4633 Qrtadrim.
518 4579 679 4633 1553-1554,
690 4581 802 4623 alterum
821 4580 845 4622 in
863 4580 922 4623 lolio
938 4581 1000 4623 item
1014 4582 1119 4635 duplici,
1136 4593 1179 4625 nn.
1193 4582 1220 4624 60
1237 4589 1263 4625 et
1280 4583 1320 4636 6l;
1338 4584 1448 4628 tertium
1458 4586 1502 4630 de·

265 4654 341 4707 nique
351 4652 377 4696 ln
388 4652 448 4695 lolio
460 4652 540 4696 etiam
551 4651 656 4706 duplici,
668 4662 709 4694 nn.
719 4652 746 4695 ol
757 4658 782 4694 et
793 4651 828 4695 65.
840 4651 910 4695 ilaec
921 4652 970 4696 duo
981 4659 1114 4706 postrema
1127 4653 1151 4696 ln
1166 4655 1218 4696 vol.
1237 4652 1379 4706 eradrim.
1397 4656 1475 4703 1555.
