3210 5392
715 387 779 447 Au.
801 389 871 446 1555
1350 389 1405 448 717

172 539 234 607 est,
250 541 284 594 et
298 547 430 610 graece
445 541 479 593 et
494 531 602 593 latine
617 532 824 610 compositis
839 533 1117 611 epigrammatis.
1133 531 1209 611 Quo
1226 533 1333 595 etiam
1346 533 1403 597 die

171 638 425 718 pronunciatae
450 649 530 701 sunt
556 638 844 701 declamationes.
870 638 1021 714 Thema,
1040 639 1252 701 consultatio
1271 637 1401 718 Dauid,

170 743 254 824 quid
266 742 309 806 de
325 744 448 821 tribus,
465 755 575 823 peste,
591 744 684 807 same
699 755 805 825 atque
820 745 975 807 hostium
996 744 1080 823 fuga
1097 745 1322 825 potissimum
1342 747 1403 809 eli·

172 859 273 929 geret
296 849 316 913 ¹.

230 956 336 1020 Domi
348 958 451 1020 solita
467 958 637 1020 exercitia
650 968 872 1036 exequuntur
888 973 1009 1020 omnes
1022 957 1208 1036 diligenter
1229 970 1334 1039 atque
1347 960 1404 1021 ob·

170 1063 359 1126 seruandis
372 1064 503 1143 regulis
518 1063 660 1127 student
672 1064 872 1143 praecipue.
886 1064 929 1127 Et
945 1073 983 1126 vt
999 1081 1040 1127 eo
1056 1081 1127 1126 vno
1140 1064 1244 1127 finem
1257 1064 1400 1141 faciam,

171 1170 267 1250 quod
281 1171 452 1250 epistolae
469 1170 607 1233 initium
621 1169 728 1249 dedit,
745 1169 871 1233 Messis
883 1171 1003 1248 multa,
1021 1170 1174 1250 operarii
1191 1172 1305 1250 pauci.
1322 1172 1399 1235 Mit-

170 1286 222 1340 tat
237 1276 413 1341 Dominus
429 1278 612 1358 operarios
628 1295 690 1357 per
704 1277 827 1360 Jesum
842 1276 1033 1354 Christum,
1051 1277 1111 1357 qui
1126 1287 1160 1341 te
1176 1278 1277 1341 nobis
1293 1280 1403 1342 omni·

172 1383 238 1446 bus
253 1396 371 1446 seruet
386 1384 610 1463 incolumem,
627 1394 732 1464 atque
747 1384 843 1446 obita
861 1384 985 1446 militia
1001 1383 1117 1446 ciuem
1129 1383 1237 1447 faciat
1252 1385 1289 1448 in
1300 1386 1403 1449 beata

174 1490 233 1552 illa
248 1489 458 1572 Jerusalem.

233 1595 359 1659 Patres
374 1606 408 1659 et
420 1596 549 1659 fratres
560 1598 665 1660 huius
674 1597 821 1677 Collegii
834 1597 902 1660 tuis
914 1597 1065 1677 petimus
1078 1597 1295 1662 orationibus
1306 1599 1404 1663 adiu·

175 1703 264 1782 uari,
280 1703 447 1782 priuatim
463 1704 549 1783 ipse,
567 1705 626 1784 qui
638 1704 783 1784 reliquis
799 1704 914 1784 magis
928 1702 1072 1782 indigeo
1087 1704 1231 1769 Domini
1245 1706 1403 1784 benigni·

178 1818 260 1888 tate,
276 1818 317 1873 vt
332 1812 393 1890 qui
408 1811 488 1890 plus
502 1810 649 1890 reliquis
664 1811 824 1873 debeam.

237 1915 370 1980 Datum
384 1914 396 1946 ¹
411 1916 608 1997 Cordubae,
625 1917 675 1979 6.⁰
689 1917 859 1981 kalendas
874 1918 1035 2000 Januarii
1050 1918 1154 1981 Anno
1173 1918 1259 1982 1555.

420 2023 556 2087 Inutilis
571 2042 697 2087 servus
713 2022 774 2104 [in]
790 2023 943 2088 Domino
955 2022 977 2084 ³.

971 2236 1196 2310 †Azuunoo.
1220 2247 1242 2318 †

233 2396 304 2460 Por
318 2397 509 2460 comission
524 2397 579 2459 del
595 2395 649 2460 P.e
666 2396 807 2460 Zarate.

234 2769 502 2851 Superscriptio
516 2771 555 2833 in
575 2775 707 2850 quarta
727 2770 885 2850 pagina:
905 2715 980 2852 Jffs.
996 2769 1043 2833 Al
1069 2786 1153 2850 muy
1179 2768 1256 2833 R.‘¹⁰
1276 2770 1330 2834 P.e
1358 2789 1402 2834 en

174 2875 239 2941 X.⁰
250 2889 395 2941 nuestro
409 2877 447 2941 P.
463 2877 601 2956 ignatio
617 2876 660 2939 de
675 2876 822 2957 Loyola,
838 2875 1021 2956 Preposito
1036 2877 1240 2954 generalde
1253 2877 1289 2939 la
1302 2876 1404 2941 Com·

174 2986 285 3062 pallia
301 2984 343 3048 de
357 2984 473 3066 Jesus,
491 3001 534 3046 en
549 2981 673 3046 Roma.

235 3089 321 3153 Alia
336 3107 459 3154 manu:
476 3088 564 3153 1556.
582 3088 756 3153 Corduba.
775 3087 1060 3168 Quadrimestres
1073 3085 1112 3149 27
1127 3087 1346 3153 Decembris

217 3332 226 3364 ¹
256 3331 370 3384 Cumque
382 3332 496 3374 venisset
506 3328 564 3373 Gud
579 3329 611 3373 ud
630 3327 724 3381 David,
741 3328 876 3372 nunciavit
889 3328 912 3371 ei
930 3328 1026 3371 dicens:
1043 3327 1096 3371 Aut
1112 3334 1212 3382 septem
1226 3328 1302 3373 unuln
1318 3328 1408 3373 veniet

172 3403 222 3447 tibi
233 3402 316 3446 fumes
328 3403 353 3444 in
364 3408 437 3444 terra
448 3408 502 3445 tua:
514 3408 559 3444 aut
571 3401 654 3444 tribus
670 3399 800 3443 mensibus
815 3399 900 3452 fugies
916 3399 1084 3443 adversarios
1099 3406 1165 3444 tuos,
1180 3405 1206 3443 et
1223 3400 1259 3442 llll
1276 3405 1302 3443 te
1320 3411 1406 3454 perse·

171 3479 295 3528 quentur:
306 3480 351 3515 aut
363 3479 434 3516 certe
451 3472 535 3515 tribus
550 3472 640 3514 diebus
650 3471 699 3514 erit
716 3470 867 3524 pestilentia
885 3470 911 3513 in
927 3476 1000 3513 terra
1011 3476 1064 3512 tua.
1079 3468 1152 3514 Nune
1169 3480 1231 3524 ergo
1249 3471 1364 3515 delibera
1380 3478 1406 3515 et

172 3544 236 3589 vide
246 3555 323 3598 quem
332 3543 503 3597 respondeam
514 3542 545 3591 ei,
556 3541 600 3596 qul
613 3553 651 3584 me
662 3541 740 3595 misit,
751 3552 903 3585 sermonem.
915 3539 939 3584 11
949 3539 1023 3594 Reg„
1034 3551 1106 3593 xxrv,
1120 3540 1152 3584 1³.

215 3615 229 3647 ¹
256 3616 377 3659 Alterum
387 3616 531 3668 exemplum
539 3614 619 3657 habet
630 3611 718 3656 Datis.

216 3686 229 3719 ³
255 3687 377 3731 Alterum
393 3687 456 3730 item
473 3686 619 3739 exemplum
636 3685 715 3728 habet
727 3683 909 3727 Paternitatis
925 3686 989 3727 tuae
1004 3683 1032 3726 in
1050 3682 1153 3726 Christo
1170 3682 1237 3737 Jesu
1254 3693 1350 3727 servus
1367 3684 1408 3727 in·

171 3758 289 3812 dignus.
