3210 5392
625 111 689 170 Au.
711 110 780 170 1555
1260 111 1313 168 727

65 271 194 334 neque
216 273 292 318 rem
315 273 473 335 sacrorn,
499 275 560 319 trec
580 259 767 320 curicsdam
789 256 995 336 spiritualis
1019 256 1106 318 libri
1127 255 1311 317 lectionem

61 377 171 438 quae
187 363 287 441 apud
300 361 385 425 illos
401 364 556 443 qnotidie
576 364 726 442 legitur.
755 366 802 426 At
826 381 911 425 vero
936 362 1145 425 scholastici
1163 368 1311 441 praeter

59 468 236 532 aiteram
248 472 425 533 orationis
435 472 623 545 horarum,
634 489 675 533 ac
684 478 831 550 praeter
842 471 1040 547 lectionem,
1050 471 1110 531 cui
1119 470 1193 532 nisi
1204 478 1309 549 expe·

59 576 146 639 diti
167 575 378 640 lectionibus
393 579 611 659 caeterisque
621 580 737 641 studii
754 579 1015 658 impedimentis
1030 595 1102 640 nort
1117 577 1310 652 assistunt,

58 683 172 746 idem
188 700 268 746 cum
287 684 364 746 iliis
388 692 518 763 agitat.
546 685 798 749 Sanctissimae
821 685 1059 749 communioni
1087 703 1195 765 usque
1221 685 1310 746 adeo

58 791 127 853 his
151 791 278 854 diebus
293 791 409 855 affecti
424 792 440 854 i
439 805 575 868 uerunt,
593 804 631 854 vt
647 805 725 872 post
740 810 847 870 saepe
859 792 1089 870 efflagitatum
1102 793 1308 869 impetraue-

57 897 145 960 rint
156 898 302 960 tandem
318 900 458 978 plurimi
473 899 565 979 quod
582 900 764 976 optabant:
782 900 899 979 itaque
909 900 1029 961 datum
1044 909 1096 960 est
1110 898 1177 959 illis
1191 909 1227 959 vt
1241 915 1306 960 me·

55 1004 130 1068 dia
162 1004 386 1067 hebdomada
401 1023 524 1068 rursus
539 1006 584 1070 ad
599 1005 729 1069 Christi
746 1023 904 1069 mensam
919 1005 1089 1069 accedere
1105 1016 1246 1085 queant.

127 1111 338 1174 Literarum
353 1114 522 1176 exercitia
539 1113 677 1176 intensa
693 1113 887 1191 procedunt
913 1130 1010 1189 cura,
1038 1124 1188 1191 suntque
1210 1111 1303 1173 domi

55 1219 242 1281 omnibus
257 1218 422 1297 profestis
434 1221 557 1282 diebus
576 1232 609 1282 et
636 1221 836 1298 theologiae
859 1232 893 1282 et
920 1220 1048 1282 artium
1068 1219 1304 1298 repetitiones,

56 1325 417 1404 quamplurimisquc
432 1326 554 1388 diebus
570 1326 731 1405 priuatae
757 1326 1013 1388 conclusiones.
1041 1325 1139 1403 Quae
1164 1325 1305 1403 quidem

58 1431 219 1511 publice
234 1431 420 1494 dominicis
440 1432 613 1495 habentur
633 1433 801 1509 vicissim,
828 1431 932 1494 modo
958 1431 1071 1508 huius,
1089 1431 1192 1493 modo
1215 1432 1307 1493 illius

59 1536 275 1615 facultatis;
293 1537 338 1599 ad
352 1554 440 1617 quas
466 1538 534 1600 viri
559 1539 715 1617 insignes
738 1550 843 1617 atque
867 1538 1083 1600 Academiae
1108 1536 1305 1616 dignissimi

58 1643 257 1708 confluere
272 1646 397 1721 solent,
410 1645 572 1722 magistri
585 1645 720 1708 scilicet
734 1644 960 1719 cathedrarii,
978 1645 1221 1722 maiorumque
1237 1645 1304 1706 col-

59 1751 253 1831 legiorum
267 1751 437 1829 collegae,
458 1761 493 1813 et
519 1753 675 1814 nonnulli
697 1753 803 1815 etiam
819 1751 1055 1814 Dominicani:
1078 1750 1204 1831 quibus
1219 1750 1306 1813 satis

65 1872 210 1921 censeo
237 1855 356 1919 lacere
382 1868 455 1919 tum
480 1856 699 1921 habilitatem
717 1859 867 1921 fratrum
883 1859 918 1920 in
945 1858 1125 1938 literisque
1144 1873 1306 1937 progres-

64 1981 163 2041 sum,
184 1973 259 2026 turn
271 1964 378 2026 etiam
396 1965 551 2042 modum,
568 1965 628 2044 qui
643 1965 733 2028 inter
748 1965 998 2044 disputandum
1013 1972 1187 2027 seruatur.

130 2070 327 2150 Cupientes
342 2069 512 2134 Societati
527 2071 639 2134 dicari
653 2072 795 2151 plurimi
809 2072 950 2152 quidem
965 2081 1057 2144 sunt,
1083 2069 1145 2133 sed
1160 2070 1305 2134 admissi

68 2176 180 2257 pauci
195 2185 327 2254 tamen,
344 2194 424 2239 cum
439 2178 673 2241 commoditas
695 2189 787 2241 esset
802 2180 909 2255 nulla;
933 2177 1082 2257 ideoque
1108 2193 1221 2257 neque
1238 2178 1304 2239 hac

73 2292 288 2365 tempestate
303 2285 543 2347 admittentur.
561 2284 653 2362 Duo,
670 2285 729 2365 qui
744 2286 801 2347 hic
817 2285 963 2347 admissi
981 2283 1131 2359 fuerant,
1149 2284 1231 2347 laici
1245 2285 1305 2346 hu-

74 2407 201 2454 manas
213 2390 335 2453 literas
350 2388 576 2470 Methymnae
591 2390 809 2470 profitentur.
825 2391 954 2471 Atque,
979 2393 1038 2454 alii
1064 2404 1146 2468 treS,
1173 2392 1233 2470 qui
1249 2391 1306 2453 hic

74 2496 324 2574 versabantur,
342 2494 578 2576 Septimancis
593 2496 762 2561 Societati
773 2515 811 2560 se
824 2498 1047 2561 addixerunt:
1064 2498 1220 2576 theologi
1233 2498 1303 2576 qui·

73 2602 152 2667 dem
167 2619 303 2681 omnes;
319 2621 469 2683 quorum
484 2621 576 2666 vuus
591 2605 717 2667 nobilis
731 2616 818 2680 erat,
836 2605 894 2684 qui
917 2615 950 2667 et
965 2605 1022 2667 hic
1049 2606 1157 2666 multo
1173 2604 1302 2665 abhinc

74 2718 233 2788 tempore
256 2710 435 2772 exercitiis
460 2721 670 2789 vacauerat,
697 2710 1012 2790 frequentabatque
1027 2718 1252 2773 sacramenta
1268 2720 1303 2772 et

72 2815 142 2879 alia
157 2814 272 2895 proba
287 2815 468 2893 exercitia,
486 2834 622 2879 necnon
643 2826 677 2879 et
703 2817 924 2879 xenodochia
944 2817 1116 2879 inuisebat
1142 2817 1303 2896 pauperi·

73 2923 139 2986 bus
153 2932 194 2985 vt
209 2921 407 2985 inseruiret.
424 2922 482 2985 Ad
497 2940 587 3003 quae
609 2940 742 2999 omnes,
766 2922 861 3002 apud
880 2940 945 2986 nos
964 2932 1160 2997 versantes
1184 2923 1304 2985 induci

74 3029 201 3106 solent,
225 3046 315 3108 quae
340 3046 412 3091 non
434 3029 611 3092 modicam
632 3030 774 3108 pariunt
809 3028 1099 3093 aedificationem:
1127 3040 1226 3092 tanta
1251 3042 1303 3092 est

73 3135 141 3199 illis
156 3135 316 3198 charitas
331 3152 412 3197 cum
427 3136 536 3198 animi
551 3134 734 3198 modestia.

132 3241 213 3305 Non
228 3243 332 3322 pauci
347 3253 532 3322 praeterea
557 3243 736 3306 exercitiis
760 3243 1001 3322 spiritualibus
1022 3243 1178 3305 animum
1202 3260 1304 3305 suum

74 3349 310 3429 applicarunt,
327 3367 373 3413 ex
393 3350 518 3429 quibus
543 3366 614 3412 non
639 3351 806 3429 exiguum
832 3360 1065 3429 perceperunt
1084 3349 1248 3412 fructum.
1265 3348 1304 3412 In

73 3455 201 3535 quibus
215 3456 436 3534 potissimum
452 3455 619 3519 sacerdos
635 3457 790 3536 quidam,
807 3466 922 3519 aetate
935 3457 1005 3518 iam
1024 3467 1226 3535 prouectus,
1244 3457 1304 3535 qui

74 3580 144 3625 vno
159 3562 232 3625 iarn
246 3580 355 3643 prope
371 3580 491 3625 mense
503 3563 572 3625 illis
587 3574 702 3625 vacat.
720 3563 788 3626 Hic
803 3573 882 3644 post
897 3564 1089 3625 maximam
1104 3563 1213 3624 animi
1229 3580 1303 3624 cor·

72 3671 283 3750 ruptionem,
300 3679 489 3751 postquam
507 3671 561 3733 bis
576 3672 633 3734 vel
648 3681 701 3733 ter
716 3671 925 3750 religionem
944 3670 1172 3746 destituisset,
1196 3688 1303 3750 quam

71 3777 217 3840 totidem
232 3779 417 3857 amplexus
433 3778 558 3856 luerat,
573 3787 652 3857 post
668 3779 796 3841 multas
811 3778 962 3857 denique
981 3777 1207 3852 tentationes
1231 3778 1303 3856 qui-

69 3883 134 3946 bus
148 3883 206 3946 hic
221 3892 328 3964 atque
341 3884 412 3947 illic
427 3885 664 3962 volutabatur,
693 3885 864 3947 exercitia
891 3884 1087 3963 spiritualia
1109 3899 1303 3962 aggressus

70 3999 133 4067 cst,
151 3989 244 4053 unde
259 3991 451 4054 maximam
465 3991 532 4054 sibi
547 3992 688 4071 parauit
703 3992 1011 4071 compunctionem
1020 3991 1302 4070 praeteritaeque

72 4097 166 4159 vitae
181 4096 427 4160 vehementem
443 4097 613 4176 dolorem,
629 4100 823 4178 statuitque
838 4099 909 4161 iam
925 4099 1065 4161 demum
1081 4097 1125 4160 ad
1137 4114 1237 4159 suam
1250 4114 1301 4159 re·

70 4203 172 4283 gredi
187 4204 407 4283 religionem,
424 4202 469 4267 D.
482 4204 661 4267 Dominici
675 4222 812 4284 nempe,
836 4202 928 4284 quod
955 4215 989 4267 et
1014 4214 1131 4266 actum
1147 4214 1200 4266 est
1221 4222 1298 4266 cum

69 4311 146 4374 eius
157 4311 332 4391 praelato,
349 4329 392 4374 ac
408 4310 450 4374 de
467 4311 524 4373 illo
547 4311 638 4374 inter
662 4329 723 4374 eos
750 4313 926 4375 conuenit.
952 4310 1055 4390 Quod
1079 4310 1210 4374 iactum
1226 4311 1302 4373 eius
