3210 5392
604 398 668 457 An.
690 399 759 456 imo
1238 388 1295 452 507

134 540 179 605 De
194 545 324 623 insigni
340 545 400 607 illa
415 556 449 607 et
464 547 568 624 plane
582 544 722 607 heroica
735 545 876 624 pietate,
891 561 998 622 quam
1009 558 1096 621 erga
1109 559 1173 604 nos
1185 560 1291 621 opere

90 662 95 703 ῑ
134 652 273 713 ueritate
299 649 470 714 Sereniss
498 651 575 715 Rex
601 651 841 714 Romanorum
864 652 1032 727 declarat,
1053 649 1140 712 nihil
1166 649 1290 712 attinet

90 771 144 819 -1n
156 757 280 835 dicere,
299 776 406 839 quum
421 776 463 821 ea
478 759 548 821 iam
563 761 631 839 ipsi
647 760 725 821 orbi
747 758 955 834 innotuerit,
972 757 1101 819 nedum
1122 766 1203 819 tuae
1225 757 1288 819 Pa·

90 865 240 938 unitati,
263 866 320 927 cui
342 866 416 945 ipse
442 866 513 928 iam
531 867 672 945 saepius
697 866 807 928 literis
826 866 900 927 suis
924 864 1022 926 uarie
1042 864 1165 943 pandit
1187 880 1290 926 suum

90 978 250 1034 aternum
272 973 307 1035 in
322 990 387 1035 nos
407 990 564 1036 amorem
587 983 621 1035 et
643 990 750 1052 quam
772 972 814 1034 de
837 981 908 1035 tota
931 970 1108 1034 Societate
1129 971 1291 1050 concepit

90 1079 233 1146 primam
251 1079 463 1158 opinionem,
478 1081 513 1143 id
525 1081 617 1159 quod
629 1090 662 1142 et
678 1080 880 1160 nuperrime
896 1081 1023 1142 iterum
1035 1078 1290 1140 demonstrauit

90 1185 203 1248 uando
219 1185 350 1248 fratres
369 1205 390 1249 a
410 1197 470 1249 tua
490 1186 707 1250 Paternitate
727 1188 830 1250 enixe
855 1187 1062 1266 postulauit,
1084 1195 1120 1247 ut
1140 1186 1176 1247 in
1196 1202 1288 1247 nouo

90 1292 220 1371 ollegio
249 1293 343 1372 apud
365 1293 530 1371 Pragam,
554 1295 679 1356 vrbem
703 1295 981 1370 celeberrimam,
1008 1303 1042 1355 et
1058 1293 1166 1355 totius
1188 1293 1289 1371 regni

91 1398 252 1462 ohemiae
261 1399 496 1480 Metropolim,
511 1400 618 1464 fixam
629 1402 800 1464 haberent
812 1402 1043 1472 mansionem,
1056 1401 1113 1462 ubi
1123 1417 1216 1462 nunc
1228 1416 1289 1462 eos

90 1508 317 1585 raestolatur,
340 1508 511 1587 sedesque
531 1518 723 1588 praeparat
744 1508 787 1570 D.
810 1507 975 1571 Canisius
999 1505 1155 1570 subsidio
1176 1506 1290 1568 fretus

90 1605 218 1675 'tusdem
234 1614 445 1692 pientissimi
465 1614 573 1695 Regis
594 1633 635 1678 ac
655 1615 684 1677 F
686 1615 887 1691 erdinandi,
909 1614 1056 1677 iunioris
1074 1612 1288 1676 Archiducis

90 1720 228 1782 rustriae
244 1724 264 1798 ¹,
282 1731 452 1800 paternae
467 1723 609 1785 virtutis
625 1723 760 1785 strenui
784 1721 1028 1798 aemulatoriS,
1052 1737 1201 1800 quorum
1223 1719 1289 1799 piis

90 1827 248 1890 unatibus
263 1828 408 1890 minime
420 1830 490 1891 illic
502 1829 628 1892 desunt
640 1830 763 1908 inclyti
779 1829 922 1909 quidam
937 1829 1134 1891 catholicae
1150 1828 1288 1906 religio·

90 1930 116 1994 is
130 1935 315 2012 zelatores
334 1936 391 2015 qui
404 1945 573 2016 tanquam
584 1937 772 1999 luminaria
784 1935 1004 2014 praefulgida
1016 1935 1052 1997 in
1064 1935 1218 1997 tenebris
1230 1951 1289 1996 ua·

90 2056 194 2103 arum
206 2041 402 2104 haereseon
414 2043 519 2122 inque
531 2043 646 2106 medio
657 2042 811 2105 nationis
822 2059 1007 2121 prauaeac
1018 2058 1208 2121 peruersae
1220 2041 1288 2103 col·

90 2156 177 2209 lcent
191 2146 214 2205 ².

118 2253 217 2316 Haec
233 2266 325 2329 sunt,
344 2255 419 2318 Rfle
434 2257 556 2331 Pater,
578 2257 621 2318 de
640 2258 766 2336 quibus
787 2257 1120 2336 inpraesentiarum
1139 2256 1286 2334 perscri-

90 2376 142 2422 ere
167 2361 285 2423 visum
303 2371 368 2425 est.
389 2362 642 2425 Paternitatem
661 2374 760 2425 tuam
779 2381 824 2425 ex
846 2363 978 2426 intimis
997 2363 1106 2425 animi
1126 2362 1288 2424 medullis

90 2483 300 2546 >secramus,
316 2480 352 2530 ut
368 2469 568 2532 interuentu
584 2467 847 2533 Sacrificiorum
866 2481 899 2532 et
920 2469 1119 2532 orationum
1141 2485 1286 2531 suarum

90 2573 201 2636 ‚uinae
225 2575 489 2638 misericordiae
514 2592 579 2639 nos
605 2577 845 2654 commendet,
876 2592 944 2656 quo
969 2575 1203 2638 ministerium
1227 2593 1285 2638 no·

90 2697 183 2753 rum,
201 2681 301 2743 cuius
315 2681 519 2761 perficiendi
534 2701 643 2745 causa
658 2684 693 2745 in
716 2684 809 2746 hanc
829 2684 1012 2762 regionem
1033 2699 1098 2745 nos
1119 2682 1285 2760 amanda·

90 2789 120 2862 lt,
145 2786 293 2850 fideliter
313 2789 513 2868 utiliterque
532 2807 750 2870 exequamur
767 2789 812 2852 ad
831 2789 971 2852 laudem
992 2799 1026 2851 et
1045 2789 1198 2869 gloriam
1216 2787 1286 2850 Do·

92 2895 142 2956 ini
157 2894 270 2956 nostri
284 2895 369 2976 Jesu
380 2894 523 2972 Christi,
537 2897 597 2976 qui
608 2906 661 2959 est
671 2895 877 2960 benedictus
887 2897 923 2959 in
934 2897 1088 2959 saecula.
1104 2895 1232 2958 Amen.

117 2999 280 3062 Viennae
308 3000 495 3080 Austriae,
526 3021 549 3063 v
578 3004 713 3065 calend.
745 3002 984 3082 SeptembriS‚
1022 3020 1115 3064 anno
1143 3001 1286 3064 Domini

90 3106 206 3170 DLV.

117 3214 156 3276 T.
176 3213 216 3276 R.
234 3214 271 3276 P.
289 3232 415 3278 seruus
431 3235 472 3279 ac
488 3216 579 3280 filius
595 3219 630 3279 in
646 3216 788 3280 Christo
805 3216 957 3279 Domino
973 3225 1108 3293 nostro,

781 3429 959 3492 N1cocnus
981 3429 1161 3493 Lauorus.

118 3829 164 3891 In
194 3835 322 3891 octava
348 3831 490 3908 pagina
519 3828 839 3908 superscriptionis
864 3828 941 3890 loco
970 3828 1054 3890 haec
1082 3828 1285 3906 leguntur:

90 3909 144 4026 flS.
162 3963 265 4025 Lrae.
284 3962 432 4041 Collegii
445 3963 617 4025 Viennen.

115 4069 201 4132 Alta
218 4087 345 4132 manu:
362 4070 464 4133 Vien.
483 4069 614 4149 Quadr.
632 4071 678 4133 V.
695 4069 789 4150 Sept.
810 4072 895 4132 1555.

116 4175 164 4237 Et
180 4175 253 4237 alia
269 4192 378 4237 manu
394 4176 480 4238 haec
500 4176 704 4239 semt'deleta
727 4177 825 4238 harad
841 4177 955 4254 sucr'le
970 4177 1160 4256 leguntur:
1182 4177 1215 4240 A
1237 4179 1285 4241 mi

90 4282 185 4344 nado
200 4283 235 4344 in
250 4282 305 4363 Jo.
321 4282 350 4344 F
353 4293 462 4345 ran.co
474 4284 516 4346 de
532 4282 628 4358 Soto,
645 4283 814 4364 Capellan
830 4284 872 4347 de
888 4302 929 4345 su
945 4286 1023 4346 alt.a
1044 4333 1050 4360 ,
1067 4284 1190 4347 dolens
1206 4283 1228 4343 ³.

98 4488 104 4511 ⁶
135 4486 314 4532 Fordinandus
325 4488 358 4542 ll,
369 4487 527 4531 Ferdinandi
536 4488 555 4536 1.
567 4488 740 4531 Romanorum
750 4487 836 4542 Regis,
847 4487 901 4531 filil.

97 4562 107 4587 ¹
135 4558 173 4602 Ci.
186 4559 398 4612 Baaurssunoun,
409 4562 425 4603 l.
437 4573 465 4612 c.,
476 4572 535 4614 pag.
546 4561 580 4612 49,
589 4569 675 4604 annot.
686 4560 708 4603 5.

98 4631 109 4659 ³
138 4631 185 4673 Est
197 4639 222 4675 et
233 4633 300 4675 alind
313 4633 429 4678 verbum.
440 4633 485 4675 sed
497 4634 533 4675 ita
545 4633 640 4686 raptim
651 4639 677 4675 et
687 4632 837 4685 imperfecte
848 4639 985 4676 exaratum
996 4641 1023 4677 ut
1032 4636 1082 4689 legi
1093 4645 1142 4678 non
1153 4636 1245 4689 possit.
