3210 5392
688 454 753 513 An.
774 455 844 513 1554
1332 454 1386 512 tuo

178 603 414 682 quentationem
425 616 667 681 quoscumque
680 601 839 677 incitare;
856 601 892 663 in
904 599 1118 664 nosocomiis
1133 600 1384 663 decumbentes

180 727 208 771 re
220 726 253 772 ac
264 710 383 787 uerbo,
401 717 506 789 prout
527 708 655 789 cuique
670 708 895 772 commodum
920 708 997 784 erit,
1026 708 1215 786 adiuuare;
1232 706 1384 787 denique

184 832 324 895 nusquam
347 833 420 878 non
442 816 605 895 exemplo
628 825 662 878 et
687 833 850 878 sermone
876 815 1128 895 rempublicam
1152 814 1384 877 christianam

185 939 372 1000 promouere.
399 921 445 985 Et
469 939 539 1002 quo
566 921 785 984 commodius
811 921 844 983 id
871 932 1125 1001 assequantur,
1149 921 1383 984 decreuerunt
1457 933 1460 937 ·

185 1029 338 1107 nemiuem,
354 1029 456 1092 cuius
471 1029 581 1092 uitam
596 1028 694 1108 prius
710 1029 818 1108 probe
834 1039 1057 1108 perspectam
1078 1045 1150 1091 non
1165 1028 1329 1104 habeant,
1346 1028 1382 1088 in

187 1136 441 1199 contubernalem
455 1134 655 1199 admittere.
680 1133 932 1198 Foeminarum
953 1135 1140 1198 consilium
1160 1134 1265 1214 paulo
1280 1134 1383 1196 aliter·

188 1240 274 1306 habet.
297 1242 387 1306 Nam
415 1242 483 1306 hae
513 1241 558 1304 ad
587 1242 747 1320 singulas
773 1242 942 1305 calendas
970 1241 1183 1305 dominicam
1209 1240 1383 1304 accedunt

188 1366 326 1430 mensam;
352 1351 511 1415 adhaec
537 1351 737 1414 doctrinam
763 1350 994 1413 christianam
1017 1350 1220 1413 domesticis
1244 1357 1382 1412 tantum

187 1457 306 1537 tradunt;
319 1458 403 1537 fuci,
420 1458 516 1538 gipsi
530 1467 565 1520 et
577 1458 612 1521 id
623 1474 737 1536 genus
749 1457 886 1521 formae
901 1455 1172 1520 medicaminum
1185 1474 1296 1534 usum,
1311 1456 1384 1535 qui-

189 1562 234 1626 bus
245 1582 338 1629 sexus
350 1567 409 1629 ille
424 1565 482 1629 hic
498 1567 617 1628 uultus
631 1565 835 1645 turpissime
850 1563 992 1627 inficere
1004 1565 1108 1642 solet,
1125 1563 1296 1643 ipsaemet
1316 1563 1384 1625 sibi

189 1670 427 1749 interdixerunt,
444 1690 510 1735 nec
526 1672 682 1735 fucatam
702 1673 826 1749 ullam,
844 1669 1071 1752 quantumuis
1097 1669 1226 1733 acriter
1253 1671 1383 1733 instan-

188 1784 250 1855 tcn,
261 1780 291 1841 in
305 1779 439 1842 sociam
450 1789 647 1841 assumunt.
665 1777 799 1857 Spiritu
813 1778 911 1840 uiros
924 1787 1093 1857 aequant,
1116 1794 1263 1840 numero
1283 1794 1384 1856 supe-

188 1893 252 1946 rant.
265 1885 310 1949 Vt
323 1886 391 1949 uiri
406 1886 457 1948 ita
472 1885 646 1948 foeminae
661 1884 853 1964 quamdam
867 1882 1133 1963 praefecerunt,
1151 1884 1207 1946 cui
1220 1894 1384 1947 caeterae

187 2003 277 2055 onnes
290 2009 425 2055 morem
439 2001 580 2070 gerunt.
597 1990 685 2053 Tam
697 1990 764 2053 hae
780 2008 887 2071 quam
900 1990 948 2053 illi
960 1991 1093 2053 nullam
1105 1990 1302 2063 adciscunt,
1315 1991 1384 2054 nisi

186 2092 318 2161 detotius
339 2099 434 2161 uitae
449 2079 544 2159 statu
569 2096 781 2159 confessam.
804 2096 868 2159 His
893 2097 1026 2158 nullum
1048 2097 1230 2176 hueusque
1255 2113 1383 2159 nomen

186 2198 299 2267 inditum
311 2214 375 2268 est.
391 2205 445 2268 llli
461 2202 589 2266 fratres
603 2203 843 2266 uenerationis
859 2213 1110 2266 sacrosanctae
1125 2204 1384 2267 communionis

190 2311 377 2388 appellantur
394 2310 414 2374 ¹.
433 2310 624 2373 Fautorem
644 2310 736 2375 inter
757 2310 846 2372 alios
861 2310 992 2372 habent
1008 2310 1212 2390 episcopum
1239 2309 1260 2388 ³,
1277 2311 1335 2390 qui
1351 2320 1386 2374 et

188 2411 400 2482 benedictione
427 2435 492 2480 sua
512 2416 695 2496 utriusque
720 2416 1010 2495 congregationis
1033 2412 1229 2480 instituium
1253 2419 1383 2493 sanxit,

184 2521 352 2605 placuitque
363 2535 437 2587 tarn
447 2524 514 2603 ipsi
524 2540 630 2605 quam
643 2523 710 2585 iliis
723 2523 774 2586 uti
785 2540 918 2600 omneS,
930 2531 1062 2585 statuto
1073 2523 1118 2586 ad
1127 2523 1196 2587 hoc
1207 2524 1274 2603 die,
1288 2523 1384 2586 domi

183 2640 294 2695 nostrae
312 2630 560 2695 Eucharistiae
577 2646 680 2692 sacra
696 2638 849 2706 sumant;
866 2628 959 2709 quod
973 2639 1007 2691 et
1023 2630 1207 2708 hactenuS,
1221 2648 1291 2693 non
1309 2632 1384 2694 sine

183 2749 283 2817 magno
310 2755 434 2802 eorum
459 2737 695 2800 emolumento
717 2746 752 2799 et
776 2736 1017 2815 praesentium
1049 2737 1303 2814 aedificatione,
1335 2737 1385 2800 fa-

181 2849 253 2907 ctum
266 2854 328 2909 est.

222 2949 253 3014 ln
266 2952 432 3031 operibus
451 2949 717 3013 misericordiae
733 2949 823 3011 adeo
839 2949 997 3029 plerique
1012 2949 1139 3012 feruidi
1158 2959 1256 3028 sunt,
1275 2960 1312 3013 ut
1327 2950 1385 3014 de·

181 3052 301 3121 siderari
316 3058 374 3120 uel
390 3075 411 3120 a
426 3056 560 3119 sanctis
574 3056 661 3118 nihil
677 3064 783 3134 queat
808 3057 911 3118 ultra.
940 3055 995 3118 Ex
1010 3056 1066 3118 his
1079 3057 1223 3136 quidam
1244 3058 1384 3119 carthu-

179 3160 349 3242 sianorum,
367 3164 428 3227 alii
443 3161 528 3226 Diui
542 3162 736 3239 Benedicti,
756 3162 899 3242 quidam
915 3162 1021 3226 etiam
1037 3160 1072 3226 S.
1089 3162 1273 3226 Francisci
1289 3165 1386 3227 insti-

179 3274 279 3350 tutum,
300 3271 414 3334 secuti
436 3277 533 3332 sunt:
558 3286 623 3331 nec
649 3267 775 3331 desunt
796 3269 856 3348 qui
881 3278 915 3330 et
941 3279 1102 3332 nostrum
1128 3271 1386 3333 ardentissimis

180 3376 248 3439 uotis
260 3377 431 3441 assectari
454 3374 611 3456 cupiunt.
628 3373 841 3438 Benedictus
858 3376 1065 3439 mitissimus
1079 3375 1194 3457 Jesus,
1215 3377 1273 3458 qui
1294 3378 1385 3440 inter

180 3492 304 3560 caeteta,
333 3501 425 3566 quae
451 3484 487 3546 in
512 3482 587 3545 dies
613 3482 727 3544 seruis
753 3483 825 3544 suis
849 3483 1021 3561 suggerit,
1051 3493 1085 3546 et
1111 3484 1178 3546 hoc
1199 3486 1385 3548 consilium

182 3582 345 3655 instillauit.

223 3694 303 3759 Ram
320 3698 358 3761 P.
377 3695 564 3761 Salmeron
586 3698 792 3775 lectionem,
821 3715 927 3777 quam
955 3699 1075 3761 statim
1091 3700 1126 3761 in
1143 3699 1242 3762 initio
1258 3700 1311 3762 sui
1328 3699 1386 3761 atl-

184 3811 280 3868 uentus
300 3805 539 3869 enarrandam
564 3815 776 3885 sumpserat,
804 3807 932 3884 plausu
958 3806 1113 3868 maximo
1137 3808 1386 3887 uberrimoque

183 3900 270 3975 fructu
283 3912 518 3993 prosequitur.
536 3911 744 3974 Incredibile
759 3912 854 3974 dictu
876 3921 1008 3991 quanto
1034 3912 1127 3975 idem
1146 3913 1221 3992 ipse
1245 3913 1387 3975 audien·

187 4009 252 4077 tium
261 4028 411 4100 stupore,
429 4018 483 4081 bis
498 4018 570 4081 iam
586 4035 710 4081 coram
722 4018 892 4097 Protege,
908 4017 1049 4081 fautore
1065 4019 1167 4081 huius
1180 4019 1248 4082 loci
1263 4037 1387 4100 synec-

189 4113 308 4204 risslmo,
320 4126 553 4189 concionatus
566 4125 622 4187 sit.
638 4124 715 4187 Hac
727 4124 1013 4204 quadragesima,
1033 4142 1114 4187 cum
1130 4125 1217 4189 foris
1233 4135 1306 4188 tum
1325 4127 1389 4188 do·

189 4221 233 4298 mi,
243 4234 418 4296 conciones
429 4232 571 4295 habitae
583 4241 664 4295 sunt
679 4233 970 4312 quamplurimae,
984 4241 1018 4295 et
1032 4233 1139 4296 etiarn
1151 4251 1244 4296 nunc
1256 4233 1388 4297 haben·

191 4329 242 4390 1111.
254 4333 334 4398 Rau
352 4339 390 4402 P.
408 4337 593 4403 Salmeron
608 4338 823 4402 auditorium
838 4338 960 4401 habuit
975 4341 1079 4420 quale
1094 4342 1210 4403 nullus
1231 4358 1389 4421 unquam

194 4495 353 4525 *x*

224 4597 233 4627 ³
252 4602 332 4657 Deltae
343 4616 547 4670 congregatione
559 4617 618 4661 vide
630 4628 696 4671 quae
709 4617 820 4661 diximus
831 4617 856 4660 in
868 4625 887 4661 t.
900 4617 932 4671 11,
947 4630 998 4673 pag
1022 4618 1070 4673 666,
1081 4623 1169 4663 annot.
1180 4618 1203 4664 7.

225 4669 235 4700 ⁴
255 4674 324 4734 Scipio
332 4685 441 4742 Reblba,
451 4688 482 4732 de
494 4700 545 4743 quo
560 4689 618 4733 ride
630 4696 640 4733 t
661 4700 689 4746 u,
700 4701 761 4745 pag.
771 4690 820 4746 669,
829 4697 922 4734 annot.
938 4694 956 4735 l.
