3210 5392
630 451 694 510 Art.
715 450 786 512 lano
1271 452 1327 512 457

90 591 180 660 :elii
193 591 364 657 inseruire
379 612 449 657 non
461 596 581 658 vultis.
604 595 740 660 Pudeat
754 613 832 672 v05,
851 599 924 659 sole
939 597 1093 661 iustitiae
1114 597 1320 675 illustratoS,

90 698 223 777 [uique
236 716 365 763 nomen
379 700 589 780 Imperatori
604 702 745 766 Christo
760 701 916 781 dedistiS,
933 721 1005 767 non
1020 720 1165 766 seruare
1185 703 1323 766 isthaec

90 814 243 868 naturae
270 816 472 887 praecepta,
503 826 574 871 non
602 817 786 888 praestare
815 810 862 888 id,
889 809 982 891 quod
1008 811 1261 890 praestiterunt
1286 809 1322 872 hi

90 911 236 988 ethnici,
252 913 389 990 gloriae
404 924 564 977 amantes
586 925 620 977 et
642 916 848 996 turpissima
872 917 993 979 mundi
1008 916 1216 996 mancipia„
1233 915 1322 979 Cou-

94 1034 160 1094 ra,
179 1018 211 1081 si
225 1018 348 1082 incidit
363 1022 463 1083 locus
478 1021 644 1098 lubricus,
669 1022 704 1085 in
719 1040 825 1102 quem
840 1022 961 1085 delusa
984 1023 1176 1102 antiquitas
1196 1022 1321 1102 pedem

90 1123 323 1202 mpingebat,
347 1126 549 1189 declaratur
570 1145 613 1190 ac
635 1129 831 1191 illustratur
853 1127 1014 1192 doctrina
1034 1130 1254 1208 euangelica,
1278 1145 1323 1190 ne

90 1229 423 1313 simplices-mentes
438 1233 618 1296 erroribus
630 1244 664 1296 et
684 1234 908 1314 opinionibus
927 1236 1086 1314 gentium
1106 1235 1319 1298 imbuantur.

90 1333 127 1399 Si
141 1354 233 1400 vero
247 1338 445 1401 obscoenus
461 1350 627 1402 occurrat
648 1342 759 1419 locus,
776 1351 838 1403 aut
853 1341 994 1403 omnino
1011 1341 1147 1404 deletur
1168 1351 1202 1403 et
1221 1357 1321 1421 prae-

90 1442 316 1521 emittitur,
335 1453 410 1520 aut,
428 1447 579 1509 occlusis
600 1447 761 1524 auribuS,
783 1447 884 1527 quasi
904 1447 1058 1509 sirenum
1078 1457 1204 1510 cantus
1224 1447 1322 1509 illurn

90 1549 348 1614 :tanseundum
362 1568 558 1629 monemus
576 1562 610 1615 et
624 1564 708 1616 tunc
724 1554 917 1616 latissimus
932 1563 1029 1634 patet
1045 1571 1191 1634 campus
1206 1554 1243 1616 in
1258 1553 1318 1616 hu·

95 1657 245 1720 usmodi
260 1657 337 1719 vitii
351 1658 673 1739 reprehensionem.
687 1660 942 1740 Praeceptores
954 1660 1181 1723 coniecerunt
1195 1661 1321 1723 breues

90 1762 266 1844 quasdam
277 1764 573 1843 precatiunculas,
587 1764 840 1846 edideruntque
851 1767 1004 1846 hymnos
1015 1767 1186 1848 quosdam
1199 1767 1245 1829 ad
1257 1765 1322 1828 Pa·

90 1887 193 1949 trem,
224 1869 368 1949 Filium,
396 1869 566 1950 Spiritum
587 1872 773 1951 Sanctum,
804 1873 1010 1952 Virginem,
1041 1891 1129 1954 quas
1152 1883 1322 1953 tanquam

90 1985 275 2041 amentata
287 1978 415 2057 iacula,
432 1988 622 2059 antequam
638 1989 698 2041 aut
712 1980 881 2043 lectiones
894 1980 1119 2061 incipiantur,
1137 1989 1198 2043 aut
1210 1979 1323 2043 dimit·

90 2093 215 2148 :antur
229 2085 404 2165 discipuli,
418 2088 531 2149 solent
543 2087 589 2150 ad
600 2086 716 2150 Deum
727 2087 979 2165 transmittere,
994 2088 1120 2151 mentis
1132 2087 1322 2151 sanitatem

90 2200 122 2255 et
138 2191 356 2272 sapientiam
375 2193 586 2272 postulando
607 2193 652 2256 ad
672 2194 764 2257 illius
784 2194 938 2273 gloriam
953 2202 987 2256 et
1006 2194 1208 2257 mortalium
1232 2195 1324 2256 salu·

90 2315 172 2362 :em.
191 2296 295 2377 Quod
311 2299 452 2379 quidem
474 2300 542 2362 hoc
564 2300 711 2362 consilio
733 2300 895 2363 effectum
918 2310 982 2377 est,
1006 2317 1075 2379 quo
1090 2300 1189 2380 pueri
1213 2300 1323 2363 diuini

90 2406 249 2470 numinis
264 2406 423 2486 auspicio
437 2407 597 2470 foelicius
609 2407 843 2471 informentur
854 2407 899 2470 ad
910 2416 1068 2470 veterem
1080 2407 1261 2470 Ecclesiae
1273 2407 1324 2470 di·

90 2513 291 2592 sciplinam,
308 2522 612 2594 consuescantque
628 2515 792 2577 ateneris
806 2514 909 2576 annis
921 2531 998 2577 sese
1009 2525 1245 2594 prosternere,
1260 2530 1322 2592 pa·

90 2627 231 2682 rentem
250 2617 367 2683 Deum
386 2620 515 2699 alloqui
535 2631 570 2683 et
593 2621 729 2684 animos
744 2621 790 2684 ad
805 2622 942 2684 coelum
961 2631 996 2682 et
1019 2620 1194 2699 originem
1219 2637 1322 2683 suum

90 2726 265 2790 attollere.
292 2725 551 2806 Praeleguntur
576 2727 698 2791 diebus
723 2727 863 2790 sabbati
887 2736 1077 2807 praecepta
1103 2726 1259 2804 Domini,
1287 2735 1322 2788 et

90 2832 292 2913 symbolum
308 2832 574 2913 Apostolorum,
590 2844 625 2896 et
640 2834 698 2897 illa
711 2836 891 2911 vniuersa,
907 2851 997 2914 quae
1011 2834 1188 2913 pertinent
1203 2831 1248 2896 ad
1264 2850 1322 2894 ve-

90 2955 170 3002 ram
184 2946 221 3002 et
232 2939 463 3002 christianam
475 2940 667 3003 liberorum
679 2941 945 3019 institutionem3
959 2939 1121 3003 omnibus
1132 2956 1239 3019 porro
1251 2938 1321 3001 die·

90 3046 157 3109 bus
171 3045 316 3126 quidam
331 3063 376 3108 ex
390 3047 681 3126 praeceptoribus
695 3045 819 3110 eadem
834 3049 988 3110 inculcat
1003 3046 1156 3122 breuiuS,
1173 3055 1207 3107 et
1222 3061 1321 3125 prae·

90 3150 177 3230 legit
191 3152 352 3232 parvulis
366 3165 402 3216 et
417 3153 620 3216 rudioribus
635 3154 813 3233 integrum
827 3154 981 3217 libellum
997 3153 1040 3215 de
1055 3152 1217 3216 doctrina
1232 3151 1323 3214 chri-

90 3259 220 3332 stiana,
238 3260 294 3322 cui
311 3260 454 3322 lectioni
465 3261 638 3322 intersunt
651 3259 724 3322 sere
737 3276 869 3337 omnes,
884 3260 1013 3322 etenim
1026 3259 1055 3322 si
1067 3260 1176 3322 semel
1188 3259 1224 3321 in
1239 3258 1321 3321 heb-

90 3364 245 3428 domada
268 3366 325 3428 ille
344 3365 482 3429 libellus
503 3368 779 3447 praelegeretur,
801 3383 870 3429 non
892 3366 979 3428 satis
1002 3365 1186 3429 commode
1206 3365 1321 3445 pueri·

90 3472 140 3534 tia
159 3472 416 3550 institueretur,
438 3489 520 3536 cum
539 3482 574 3534 et
596 3472 752 3535 breuiter
772 3480 806 3535 et
831 3473 1033 3551 frequenter
1052 3472 1111 3534 illa
1127 3481 1320 3552 praecepta

90 3579 140 3641 illi
155 3578 228 3641 sint
243 3578 417 3641 tradenda
433 3578 724 3659 inculcandaque.

150 3684 327 3764 Discipuli
343 3684 540 3748 studiorum
554 3686 810 3762 instauratione
825 3686 1025 3748 habuerunt
1037 3686 1227 3763 orationes,
1242 3702 1322 3764 ege·

90 3800 174 3855 runt
189 3793 456 3872 recitaruntque
471 3792 661 3870 quamdam
684 3795 856 3871 eclogam.
879 3790 918 3854 In
937 3791 1081 3854 Domini
1095 3791 1178 3873 Jesu
1197 3792 1323 3854 natali·

90 3898 159 3961 bus
171 3898 295 3962 habita
310 3899 376 3962 fuit
391 3899 504 3962 oratio
520 3898 563 3961 de
579 3916 689 3978 puero
705 3898 800 3981 Jesv:
817 3908 898 3962 acta
912 3908 947 3960 et
961 3898 1026 3961 fuit
1041 3900 1165 3977 ecloga
1178 3898 1221 3961 de
1233 3898 1322 3960 eius·

96 4005 174 4069 dem
189 4005 388 4068 natiuitate.
405 4004 503 4068 Haec
520 4007 639 4068 omnia
655 4004 743 4068 adeo
758 4008 979 4085 placuerunt,
996 4013 1033 4068 ut
1048 4005 1272 4084 grauissimis
1286 4013 1320 4067 et

96 4112 236 4192 optimis
260 4111 348 4174 viris
373 4111 595 4175 excusserint
621 4112 837 4191 lachrymas
863 4129 906 4174 ac
931 4111 1032 4174 nobis
1057 4113 1324 4190 gratularentur

98 4219 188 4298 quod
202 4234 361 4281 essemus
377 4219 563 4282 christiani
578 4227 612 4281 et
628 4225 754 4296 poetae
770 4228 804 4280 et
816 4228 988 4296 oratores,
1006 4219 1133 4297 quique
1148 4217 1324 4280 humanas

99 4334 190 4388 artes
215 4334 250 4389 et
274 4323 480 4405 disciplinas
501 4334 790 4388 conuerteremus
810 4325 856 4387 ad
876 4325 1068 4388 liberorum
1087 4325 1322 4403 ingenuorum

100 4432 263 4494 virtutem
270 4439 306 4495 et
317 4431 580 4495 conseruatoris
588 4429 720 4494 Christi
732 4431 884 4510 gloriam
896 4450 938 4493 ac
947 4431 1098 4494 laudem.
1108 4431 1246 4497 Etenim
1257 4430 1322 4495 Re·

102 4545 172 4613 ctor
191 4539 266 4609 uult
292 4555 335 4601 ac
355 4539 449 4602 iubet
467 4539 685 4603 iuuentutem
704 4538 760 4600 his
782 4537 908 4601 studiis
923 4548 957 4600 et
972 4538 1173 4602 actionibus
1192 4539 1324 4603 diuinis

103 4644 266 4723 exerceri,
284 4644 514 4724 impedirique
529 4654 567 4706 ut
581 4661 772 4724 puerorum
784 4645 905 4723 animi,
921 4661 1104 4708 musarum
1119 4646 1325 4710 muneribus
