3210 5392
686 430 750 487 Au.
774 431 843 489 1555
1322 423 1371 482 rot

86 546 269 622 *multu
284 545 342 626 qui
355 562 465 609 vnum
480 547 693 611 catholicum
709 548 1000 611 concionatorem
1015 564 1034 608 e
1049 546 1181 623 templo
1202 542 1373 622 fugarunt

97 650 331 731 lapidibus3
346 653 411 717 sed
425 655 540 718 omnis
552 663 746 734 tempestas
761 655 866 717 modo
882 655 1006 717 sedata
1023 662 1076 715 est
1088 662 1122 714 et
1137 650 1285 714 meliora
1296 666 1371 728 spe·

101 772 139 816 r
146 773 266 821 amus
278 759 312 822 in
323 759 409 824 dies.

218 864 308 930 Ciues
321 866 626 947 Nouiomagenses
640 886 779 932 summa
790 886 871 933 cum
885 868 1058 931 charitate
1070 884 1135 931 nos
1146 874 1371 944 receperunt,

100 985 292 1047 quorum
306 975 548 1040 confessiones
563 995 626 1057 per
641 977 716 1040 dies
732 979 861 1040 multos
874 975 1085 1052 audiuimus
1100 976 1150 1038 ita
1161 983 1199 1036 vt
1212 973 1371 1037 dicerent

107 1091 163 1136 -a
194 1093 319 1145 centum
334 1083 437 1149 annis
455 1084 526 1149 tale
545 1085 677 1164 aliquid
698 1082 912 1163 Nouiomagi
927 1101 998 1145 non
1022 1083 1132 1146 fuisse
1150 1083 1277 1145 visum.
1301 1079 1372 1145 Sed

125 1183 369 1253 aduersarius
383 1191 545 1254 veritatis
559 1209 632 1254 non
647 1192 802 1255 cessauit
822 1192 979 1255 excitare
998 1189 1203 1269 tragoedias
1222 1207 1285 1268 per
1309 1189 1371 1250 ho-

133 1291 268 1369 miues,
282 1314 374 1360 noua
390 1297 459 1361 hac
473 1308 570 1361 secta
585 1300 772 1362 lutherana
787 1298 948 1376 infectoS,
966 1305 1000 1361 et
1012 1315 1075 1377 per
1090 1297 1288 1376 religiosos,
1308 1296 1369 1376 qui

130 1408 281 1467 Omnem
293 1416 482 1469 mouerunt
498 1405 661 1487 lapidem,
678 1408 771 1473 male
787 1405 1012 1469 informando
1027 1404 1229 1485 superiores
1244 1403 1369 1465 civita·

138 1498 211 1581 tis,
223 1511 437 1582 mentientes,
450 1519 484 1576 et
498 1514 621 1577 nescio
635 1530 726 1594 quae
738 1513 952 1590 adferentes
968 1512 1020 1575 ita
1035 1521 1073 1574 ut
1088 1521 1213 1574 contra
1229 1526 1370 1573 omnem

137 1599 309 1681 iustitiam
328 1619 532 1698 superiores
551 1621 661 1701 aliqui
682 1621 837 1684 ciuitatis
850 1621 1022 1699 fecerunt
1040 1637 1095 1681 me
1116 1619 1236 1696 exire,
1255 1635 1369 1698 quare

129 1721 336 1788 gaudebam
352 1724 361 1755 ¹
378 1726 519 1806 quidem
531 1728 613 1808 quia
628 1729 664 1790 in
678 1728 754 1791 vita
768 1744 848 1791 mea
862 1745 934 1791 non
944 1727 1153 1806 contigisset
1167 1727 1254 1790 mihi
1269 1735 1368 1787 tanta

128 1827 265 1912 gratia,
281 1834 346 1898 sed
364 1832 598 1897 condolebam
613 1835 738 1898 amicis
753 1836 926 1913 omnibus
944 1835 1071 1915 quibus
1094 1834 1302 1913 lachrymae
1318 1834 1366 1894 al-

124 1927 243 2010 ta<tue
256 1941 412 2021 suspiria
427 1942 472 2005 ad
487 1941 678 2005 Dominum
690 1960 761 2005 non
777 1942 934 2005 deerant.
953 1941 1126 2005 Condolui
1142 1941 1308 2002 miseriae
1323 1956 1367 2001 ac

114 2038 303 2111 Cadeitati
315 2048 617 2113 aduersariorum.
633 2049 785 2128 Quidam
800 2048 1152 2128 Noviomagensium,
1167 2058 1206 2110 vt
1221 2047 1292 2109 iam
1308 2063 1365 2108 ex·

106 2144 309 2218 vertentia
325 2155 445 2234 didici,
463 2167 546 2219 sunt
571 2157 732 2219 homines
752 2157 959 2219 mirabiliter
981 2154 992 2182 *
1011 2155 1147 2233 furiosi,
1170 2164 1295 2235 postea
1315 2163 1367 2215 ta·

98 2249 213 2321 men
229 2262 428 2325 redduntur
443 2264 713 2326 tractabiliores.
730 2264 849 2343 Quare
861 2282 966 2344 spero
981 2280 1044 2327 eos
1059 2263 1217 2326 mitiores
1229 2261 1367 2325 futuros

86 2355 274 2433 quando
290 2369 417 2433 adens
435 2380 608 2434 reuertar.

182 2467 389 2540 Matertera
417 2477 466 2542 M.
491 2477 704 2543 Theodorici
737 2478 871 2542 Canisii
896 2477 907 2508 ³
932 2478 1028 2542 dedit
1053 2476 1222 2543 Societati
1249 2479 1366 2540 locum

70 2568 395 2660 amplissimum
406 2601 489 2648 curn
499 2584 661 2649 domibus
673 2595 707 2648 et
720 2586 771 2648 eis
783 2603 874 2666 quae
885 2586 921 2648 in
936 2585 1041 2648 domo
1055 2585 1259 2648 necessaria
1270 2592 1365 2660 sunt,

60 2675 212 2749 sum
234 2690 403 2753 omnebus
417 2692 632 2755 necessarus
647 2693 692 2757 ad
706 2692 859 2756 officium
874 2693 1004 2755 missae
1020 2689 1114 2755 etad
1136 2700 1302 2755 ornatum
1318 2692 1367 2752 al·

62 2775 219 2861 taris
233 2797 497 2879 pertinentibus
506 2795 529 2858 ⁴.
542 2799 586 2862 Et
597 2800 686 2862 haec
697 2799 802 2879 virgo
813 2807 891 2863 erat
902 2799 1151 2878 sexagenaria,
1165 2815 1268 2878 quae,
1283 2815 1364 2860 cum

55 2871 221 2968 haec
236 2905 359 2969 omnia
374 2902 544 2969 Societati
558 2904 701 2969 iecisset
716 2911 738 2985 ⁸,
756 2905 927 2970 infirmari
951 2906 1079 2985 coepit,
1103 2916 1138 2968 et
1163 2903 1184 2967 8
1202 2904 1365 2989 Januarii

54 2998 303 3086 migrauit
317 3012 365 3075 ad
379 3011 583 3092 Dominum,
601 3015 702 3076 cuius
717 3014 836 3077 anima
852 3015 1052 3093 requiescat
1072 3014 1108 3076 in
1130 3031 1229 3093 pace.
1252 3012 1364 3075 Pluri-

55 3107 213 3180 mae
237 3121 412 3200 virgines,
440 3137 591 3202 quarum
613 3121 853 3185 consessiones
873 3121 1011 3199 audiui,
1035 3121 1210 3184 inanimo
1233 3120 1365 3183 habent

52 3216 303 3291 11¹undum
313 3228 513 3307 relinquere
528 3246 570 3292 ac
586 3228 622 3291 in
636 3229 841 3308 virginitate
856 3227 934 3290 Deo
946 3229 1092 3291 seruire.
1105 3228 1252 3292 Plurimi
1268 3228 1366 3292 ciues

59 3326 205 3394 r¹011
221 3333 412 3398 mediocris
430 3335 642 3398 conditionis
657 3336 803 3415 cupiunt
817 3353 901 3398 suos
917 3335 1008 3399 filios
1022 3333 1193 3399 Societati
1204 3335 1301 3398 dare.

185 3437 430 3505 Reuerendns
445 3441 561 3505 Pater
575 3442 690 3506 Prior
709 3442 921 3505 carthusiae
944 3440 956 3472 ⁰
976 3443 1076 3505 misit
1089 3444 1139 3505 ad
1153 3443 1200 3506 P.
1227 3443 1262 3504 V.
1280 3443 1365 3506 500

83 3549 266 3610 aureos
280 3548 305 3627 ²,
318 3555 353 3612 et
368 3549 486 3612 adhuc
499 3549 609 3629 plura
624 3551 765 3613 mittere
783 3551 950 3628 intendit,
972 3567 1074 3629 qnam
1096 3567 1177 3613 cum
1196 3550 1361 3613 omuibus

95 3652 260 3717 amicis
277 3673 320 3720 ac
339 3673 396 3719 me
416 3673 497 3719 cum
516 3657 765 3736 confratribus
786 3657 874 3720 meis
889 3658 935 3719 P.
961 3658 996 3720 V.
1018 3656 1269 3721 acuendorum
1291 3658 1362 3720 Pa-

108 3753 238 3823 trum
245 3762 410 3843 precrbns
423 3765 638 3827 commendo.

131 3945 348 3970 x—

173 4076 186 4109 ¹
220 4079 253 4129 lta
262 4089 286 4132 ln
295 4083 470 4141 autographa
482 4088 510 4126 at
520 4085 611 4129 mellus
621 4083 686 4127 baec
697 4081 863 4125 conclnnavit
878 4080 1006 4124 Polancus
1022 4081 1072 4124 hac
1084 4081 1192 4124 ratione:
1209 4081 1364 4124 commenti·

142 4144 185 4196 “²¹
196 4159 281 4204 ntum
289 4171 368 4215 qnae,
378 4158 544 4217 adferentes,
554 4169 583 4200 eo
593 4166 677 4209 usque
688 4156 819 4198 utcontra
837 4164 943 4196 omnem
949 4154 1092 4209 justitiam
1104 4159 1260 4206 superiores
1277 4153 1365 4206 aliqui

138 4216 256 4274 <iW‘lia
264 4236 299 4279 ad
310 4245 353 4279 me
363 4243 398 4277 ex
408 4232 474 4279 urire
483 4229 680 4274 excludendum
692 4227 861 4281 impulerint.
871 4224 946 4279 Quod
957 4225 993 4268 ari
1004 4237 1047 4269 me
1058 4226 1166 4277 attinet,
1182 4225 1363 4278 gaudebam„

172 4289 187 4321 ⁸
215 4307 429 4355 terramala.

171 4362 185 4394 ⁸
212 4375 338 4431 Theresta
349 4384 379 4439 [i]
390 4393 443 4426 vnn
453 4380 501 4424 den
511 4378 612 4433 Bergh.

168 4440 185 4544 ἔ
207 4457 236 4568 :¹
248 4461 293 4509 its.
301 4470 376 4580 quatu1
377 4456 415 4580 dud
426 4456 536 4502 officium
546 4455 640 4501 missae
651 4458 677 4495 et
688 4449 721 4494 ad
732 4452 852 4491 ornatum
862 4443 957 4488 altaris
966 4444 1114 4497 pertinent.
1126 4443 1262 4491 Pomona,

228 4538 349 4579 matut.
395 4565 403 4580 .

164 4577 180 4682 ζ
206 4595 345 4653 Gerania·
354 4609 552 4655 Kalckbrenner
563 4609 960 4672 (Hammont‚l·lammontanus).

205 4663 279 4725 Vide
289 4682 404 4727 Ponam
415 4681 568 4737 chronicon,
579 4690 598 4727 t.
609 4695 646 4740 ιν,
656 4696 718 4739 pag.
728 4686 776 4742 278,
788 4698 813 4730 n.
824 4689 872 4736 602.
