3210 5392
183 415 240 475 398
572 414 741 473 trimam
759 431 1033 482 ouaoamnsrtats

180 571 255 624 tum
269 560 436 641 usquead
452 570 572 641 portas
587 561 742 623 ciuitatis
757 561 931 640 portabat.
952 561 991 624 ln
1008 563 1075 625 hac
1091 563 1316 642 processione
1336 564 1350 626 ε’

182 668 351 731 haeretici
365 685 443 731 sese
459 669 699 745 ostenderunt,
712 670 774 748 qui
785 681 909 749 postea
920 669 1016 749 capti
1027 679 1111 732 sunt
1122 679 1203 749 post
1216 669 1350 733 secund

181 773 333 837 reditum
344 791 493 838 meuma
506 774 850 854 Nouiomagensibus
863 774 883 837 ¹.
897 775 1008 838 Multa
1022 776 1118 838 sensi
1128 776 1222 839 bona
1234 776 1350 840 deside

181 882 309 944 iterum
323 882 525 964 reuertendi
540 880 800 962 Nouiomagum
812 881 857 944 ad
869 881 1130 945 informandum
1143 882 1296 962 amplius
1310 899 1350 946 su

181 989 293 1052 riores
308 989 480 1052 ciuitatis:
497 999 659 1069 putarem
674 1007 735 1052 eos
756 989 1014 1052 tractabiliores
1039 989 1115 1052 lore
1131 997 1321 1070 postquam
1344 1008 1350 1069 1

181 1112 260 1158 mus
274 1096 332 1158 ille
352 1097 502 1175 impetus
527 1096 709 1176 mitigatus
733 1097 848 1161 luerit.
875 1095 1027 1177 Quidam
1053 1096 1191 1159 amicus
1206 1108 1242 1159 et
1263 1094 1350 1159 Can<

181 1218 244 1265 cus
257 1201 554 1283 Nouiomagensis
576 1204 626 1266 sic
652 1204 743 1265 inter
758 1215 900 1266 caetera
923 1203 1063 1266 scribit:
1089 1201 1142 1265 “A
1163 1201 1350 1265 discessut

181 1308 388 1372 charissime
404 1309 570 1387 Domine,
592 1309 807 1372 horrendum
820 1320 857 1399 et
876 1309 1072 1373 inauditum
1084 1310 1201 1372 scelus
1217 1319 1326 1389 atque
1341 1328 1350 1389 1

180 1417 298 1479 culum
309 1424 362 1478 est
374 1426 614 1496 perpetratum
625 1416 850 1497 Nouiomagi,
864 1418 967 1497 quale
975 1427 1107 1497 negant
1119 1435 1140 1478 a
1153 1428 1299 1480 centum
1311 1433 1350 1479 ao

180 1523 312 1586 nostris
327 1522 462 1586 ciuibus
477 1522 647 1586 auditum.
664 1523 827 1594 Consulis
841 1524 932 1588 filius
947 1540 1029 1587 cum
1050 1541 1115 1587 suo
1136 1523 1249 1586 fratre
1270 1533 1350 1587 cont

181 1631 278 1708 dem,
296 1630 340 1691 ab
356 1629 479 1692 eodem
501 1639 553 1692 est
578 1629 820 1694 crudelissime
845 1632 996 1697 occisus.
1024 1629 1092 1695 Iste
1108 1632 1233 1694 consul
1253 1629 1350 1694 luitc

181 1737 370 1800 aduersum
395 1735 682 1799 Dominationem
707 1736 820 1800 Tuam
848 1739 956 1801 telam
985 1737 1168 1800 eiectionis
1197 1737 1350 1799 ordirem

182 1842 298 1922 Quam
308 1843 550 1905 inscrutabilia
565 1855 647 1906 sunt
663 1843 792 1907 iudicia
807 1843 905 1921 Deil„
923 1844 934 1873 ¹
950 1843 1047 1906 Haec
1062 1843 1131 1906 ille.
1153 1842 1250 1906 Licet
1272 1860 1330 1906 me

181 1951 295 2013 cerint
316 1959 440 2012 contra
455 1966 595 2012 omnem
611 1951 791 2028 iustitiam,
808 1968 879 2014 non
894 1960 1012 2013 tamen
1028 1951 1160 2026 dubito,
1178 1951 1207 2012 si
1225 1968 1281 2013 me
1297 1950 1350 2030 ips

181 2057 269 2119 bene
284 2056 516 2132 considerem,
531 2057 614 2137 quin
626 2058 715 2120 bene
728 2058 916 2120 meruerim
932 2058 975 2120 ob
991 2074 1106 2120 meam
1122 2057 1234 2119 solius
1246 2056 1350 2134 erga]

183 2164 315 2227 minum
327 2163 442 2225 Deum
457 2162 757 2241 ingratitudinem.
776 2163 923 2230 Confido
938 2174 1057 2227 tamen
1073 2164 1110 2229 in
1122 2162 1267 2229 Domini
1279 2164 1350 2228 bon

182 2282 215 2333 te
232 2270 312 2351 quia
328 2280 408 2349 post
423 2281 669 2349 tempestatem
685 2270 914 2349 tranquillum
930 2271 1047 2333 faciet.

244 2375 407 2455 Quotidie
420 2374 755 2456 Nouiomagensium
772 2394 851 2441 sum
862 2394 996 2442 memor
1011 2378 1046 2440 in
1065 2376 1243 2440 sacrificio
1264 2375 1350 2442 Miss

184 2483 350 2551 Decanus
375 2482 671 2562 Nouiomagensis
697 2501 803 2565 saepe
827 2502 893 2548 nos
920 2485 1053 2561 visitat,
1081 2485 1229 2572 multum
1244 2481 1350 2547 Socie

183 2590 345 2657 addictus
360 2603 423 2655 est.
440 2591 593 2655 Intendit
608 2609 688 2654 cum
703 2609 767 2654 suo
784 2603 911 2670 nepote
925 2590 1075 2657 Romam
1097 2589 1288 2670 proticisci,
1304 2607 1350 2671 qu

186 2697 354 2763 Societati
369 2697 454 2761 dare
470 2698 628 2760 intendit:
642 2708 744 2761 taceo
757 2697 852 2774 illud,
869 2698 963 2777 quod
978 2700 1052 2777 ipse
1065 2695 1234 2761 Decanus
1245 2698 1351 2761 inani

186 2804 302 2868 habet.
319 2803 493 2867 Dominus
507 2821 587 2866 eum
603 2805 639 2866 in
654 2821 718 2867 suo
733 2804 826 2868 bono
841 2805 1023 2885 proposito
1039 2814 1238 2868 conseruet.

246 2911 377 2975 Totum
392 2911 464 2975 fere
479 2910 546 2972 hoc
562 2920 700 2990 tempus
714 2911 972 2990 quadrimestre
987 2909 1112 2974 studiis
1132 2921 1166 2974 et
1183 2910 1350 2973 confessi<

185 3020 250 3084 bus
265 3016 447 3080 audiendis
462 3017 647 3091 collocaui,
665 3017 771 3079 etiam
786 3018 943 3082 infirmos
958 3018 1103 3081 visitaui
1119 3028 1282 3095 vocatus,
1305 3027 1339 3080 et

185 3124 326 3204 quando
341 3123 548 3186 concionem
564 3123 680 3185 habui.
695 3122 793 3186 Multi
816 3135 1014 3188 statuerunt
1030 3125 1141 3187 vitam
1160 3125 1197 3187 in
1218 3123 1345 3189 melius

186 3231 323 3294 dinare.

246 3337 432 3401 Contrater
452 3346 572 3399 noster
591 3337 637 3401 M.
667 3336 848 3418 Johannes
870 3338 914 3401 de
937 3337 1095 3401 Cathena
1120 3337 1274 3417 gradum
1289 3337 1350 3400 bac

185 3445 363 3506 laureatus
379 3455 412 3505 ct
433 3440 444 3471 ⁸
466 3443 665 3521 theologiae
687 3444 836 3523 accepit,
854 3455 888 3507 et
910 3445 1025 3523 pergit
1040 3445 1076 3505 in
1092 3442 1350 3507 concionibusr

185 3549 306 3613 diebus
317 3548 454 3611 iestiuis
469 3562 502 3610 et
517 3548 712 3612 dominicis.
728 3549 818 3613 Nam
833 3551 988 3614 Thomas
1000 3547 1011 3579 ⁴
1024 3549 1140 3629 pergit
1151 3549 1188 3612 in
1200 3549 1274 3612 suis
1287 3559 1350 3615 stu<

183 3672 264 3718 cum
279 3654 411 3735 aliquot
426 3654 688 3733 Leodiensibus,
706 3657 765 3736 qui
781 3674 818 3720 se
841 3655 1009 3723 Societati
1033 3657 1178 3719 omnino
1199 3655 1286 3719 dare
1302 3657 1350 3721 int

185 3763 282 3826 dunt.

242 3868 359 3933 Amici
375 3885 508 3944 omnes
524 3869 714 3948 praecipue
736 3869 828 3932 R.d¹¹³
848 3869 885 3933 P.
913 3870 1016 3936 Prior
1041 3869 1052 3900 ³
1077 3887 1157 3935 cum
1182 3888 1249 3933 sua
1264 3871 1349 3934 sami

183 3975 285 4039 unice
300 3975 524 4040 commendat
536 3993 574 4036 se
587 3974 796 4038 Paternitati
809 3987 960 4054 vestrae,
975 3988 1009 4039 et
1021 3976 1149 4056 reliqui
1165 3976 1273 4040 amici
1289 3994 1350 4041 om

224 4285 233 4317 ¹
262 4284 333 4329 Haec
349 4293 388 4329 est
404 4288 429 4329 in
444 4288 596 4340 apographo
613 4288 794 4341 interpunctio.
813 4289 942 4334 Fortassis
958 4289 1049 4335 Kessel
1063 4290 1236 4343 scripserat...
1248 4291 1321 4343 capti
1333 4299 1350 4330 st

185 4357 246 4399 Post
256 4357 403 4400 secundum
415 4358 533 4402 reditum
546 4370 635 4402 meum
646 4371 662 4402 a
673 4359 932 4413 Noviomagensrous
944 4363 1056 4406 multa..

225 4430 236 4459 ²
264 4426 302 4472 ct.
313 4427 466 4480 Oatanorar.
477 4429 548 4472 Hist.
560 4429 615 4475 Soc.
625 4431 692 4486 Jes„
704 4433 746 4476 lib.
756 4444 800 4484 xv,
812 4444 839 4475 n.
851 4434 885 4484 29,
897 4441 923 4476 et
934 4434 1147 4490 Baaunsssaota,
1158 4436 1176 4479 l.
1187 4445 1219 4486 c..
1233 4444 1296 4489 paz.
1307 4431 1346 4474 543

222 4497 234 4531 ⁸
261 4496 303 4541 Sic
314 4498 339 4542 ln
349 4506 438 4543 nostro
450 4501 610 4555 apograph03
622 4501 756 4545 Potancus
766 4513 829 4545 vero
841 4502 866 4546 in
878 4503 1004 4548 Chronico
1015 4508 1105 4552 scribit
1117 4509 1146 4550 in
1157 4504 1296 4560 theologia.

221 4571 233 4603 ⁴
261 4570 373 4615 Thomas
383 4571 564 4616 Marchlemls.
1154 4592 1159 4594 ·

222 4642 233 4673 ὅ
262 4643 395 4686 (lotardus
405 4643 608 4697 Kalcltbrenner‚
619 4655 663 4687 seu
674 4645 821 4697 Hammont‚
833 4645 988 4690 carthusiae
1000 4647 1082 4691 Prior.
