3240 5386
189 434 245 492 326
462 462 466 471 ·
576 435 752 496 errsnss·
766 450 1038 504 ousnsmssrnss

191 578 277 641 vtile
291 578 370 642 deii'
387 580 504 643 anime
519 590 651 645 nostre:
668 600 689 645 a
704 597 768 644 sue
782 580 936 644 orationi
950 579 985 643 di
1000 579 1091 643 tutto
1106 578 1130 641 il
1145 594 1256 641 cuore
1268 574 1353 640 tutti
1373 575 1417 638 ai·

190 693 248 747 tra
261 686 360 749 volta
376 687 409 749 ci
425 688 747 752 raccomandiamo.

252 789 321 854 Del
335 791 493 873 Collegio
508 804 630 858 nostro
645 795 874 873 Laurettano,
892 794 978 874 agli
990 791 1012 855 3
1026 791 1060 855 d’
1077 789 1204 872 Aprile
1220 788 1315 853 1555.

252 896 320 977 Qui
335 899 448 963 siamo
463 900 590 980 cinque
604 900 798 964 sacerdotti
813 908 847 963 et
862 898 1013 964 duodeci
1024 897 1157 963 fratelli
1169 895 1283 978 layci.

436 1005 482 1069 Di
496 1006 543 1070 V.
561 1006 602 1070 R.
618 1005 657 1070 P.
675 1006 829 1086 indegno
845 1007 882 1069 in
896 1005 1039 1070 Christo
1054 1003 1200 1085 figliolo,

872 1219 1043 1284 Ocrusnto
1068 1218 1263 1283 Mmtsnso.

253 1539 519 1620 Superscriptio
534 1539 572 1601 in
586 1545 694 1602 sexta
704 1539 862 1619 pagina:
876 1538 922 1603 Al
936 1539 1044 1603 molto
1059 1535 1181 1601 R.⁶⁰in
1197 1534 1347 1600 Christo
1363 1534 1428 1599 Pa·

192 1645 255 1709 dre
270 1647 293 1709 ii
308 1646 344 1709 P.
362 1646 428 1709 M.⁰
442 1646 579 1726 ignatio
594 1645 637 1709 d'e
651 1645 788 1727 Loyoia
807 1645 992 1727 Preposito
1015 1644 1190 1710 Generale
1210 1641 1306 1707 della
1321 1640 1427 1707 Com·

190 1753 325 1833 pognia
340 1753 383 1817 de
397 1752 493 1835 Jesu,
509 1753 545 1815 in
559 1752 682 1817 Roma.

252 1858 336 1922 Alia
351 1876 472 1924 mansi.
495 1858 583 1923 1555.
599 1860 741 1924 Loreto.
759 1858 873 1940 Quad.
890 1859 925 1923 di
939 1859 1081 1937 Loreto,
1097 1856 1119 1920 3
1133 1856 1169 1921 di
1183 1856 1323 1938 Aprile.

253 1966 388 2029 Eadem
398 1966 437 2029 in
444 1967 589 2047 pagina
601 1972 739 2030 octava.
753 1966 808 2030 Ex
818 1966 977 2046 Collegio
989 1963 1179 2029 Lauretan'
1190 1963 1211 2025 6
1221 1961 1428 2046 (sic)Apri·

191 2073 235 2135 iis
254 2072 342 2135 1555.

254 2179 303 2243 Et
317 2179 402 2243 altis.
420 2181 551 2244 Loreto
565 2182 616 2244 55.

687 2817 940 2903 ΟΟΟΕΧΝ

241 3159 277 3215 P.
294 3158 445 3231 Raphael
459 3158 559 3218 Ricra

276 3256 368 3314 Patri
382 3256 510 3329 ignatio
524 3259 566 3315 de
577 3258 716 3331 Loyoia.

312 3353 468 3427 Laureto,
484 3356 502 3413 6
516 3355 642 3429 Aprilis
657 3357 728 3417 1555
740 3357 761 3416 ¹.

680 3562 780 3643 Jhus.
798 3563 922 3628 Maria.

246 3776 372 3840 Gratia
384 3785 418 3839 et
433 3793 504 3856 pax
521 3774 664 3840 Domini
680 3779 793 3840 nostri
807 3778 891 3859 Jesu
907 3778 1051 3859 Christi,
1068 3788 1135 3844 etc.

246 3885 422 3948 Exactum
437 3885 510 3946 iam
524 3894 678 3963 quatuor
693 3885 867 3948 mensium
882 3887 1047 3966 spatium,
1064 3906 1109 3950 ex
1123 3904 1194 3968 quo
1210 3887 1246 3950 in
1261 3888 1359 3952 hanc
1376 3889 1428 3952 al·

186 4009 282 4056 mam
303 3991 446 4054 domum
466 3990 678 4070 appulimus
704 3990 780 4053 itte
798 3992 833 4054 in
855 3991 1000 4056 Christo
1021 3992 1138 4071 Pater,
1162 4009 1227 4055 nos
1248 4002 1372 4057 monet
1387 4004 1428 4058 ut

184 4098 305 4162 debito
320 4097 508 4177 fungentes
528 4097 750 4161 obedientiae
770 4115 926 4177 munere,
949 4099 992 4162 de
1011 4109 1085 4162 toto
1107 4116 1277 4163 successu
1303 4117 1428 4165 rerum

185 4215 392 4267 nostrarum
408 4203 561 4266 R.⁶⁸fflP.
578 4203 617 4266 T.
636 4205 826 4268 certiorem
839 4205 1023 4268 faciamus.
1037 4205 1156 4269 Primo
1168 4207 1280 4286 igitur
1291 4206 1336 4270 de
1353 4206 1428 4272 foe

187 4311 245 4374 lici
260 4327 429 4373 successu
445 4311 591 4385 itineris,
608 4312 656 4374 2⁰
672 4312 715 4375 de
730 4322 825 4375 statu
842 4313 1117 4392 praeteritarum
1129 4322 1164 4376 et
1177 4314 1429 4393 praesentium

193 4442 401 4460 ω--ι-..ι

228 4511 235 4543 Ι
266 4512 460 4568 Autographse.
473 4514 584 4569 quinque
592 4519 742 4558 constantes
752 4515 877 4568 ioiiis,nn.
888 4515 1111 4560 witon-Eadem
1120 4517 1174 4560 fere
1185 4516 1227 4560 hic
1236 4522 1385 4563 narrantur
1394 4529 1427 4564 sc

187 4583 213 4626 in
224 4583 438 4637 praecedentibus
449 4585 476 4629 P.
486 4585 595 4629 Oiiverii
606 4585 755 4635 Macareii
768 4587 868 4640 Aprilis
882 4588 959 4631 datis.
976 4587 1030 4631 Ess
1045 4594 1133 4631 tamen
1147 4589 1190 4632 hic
1205 4598 1313 4633 numero
1325 4596 1351 4633 et
1366 4591 1428 4635 ioco

184 4654 324 4699 distinctas
334 4657 459 4710 ponimns,
470 4657 531 4711 quia
542 4658 575 4701 sb
586 4658 638 4701 clio
649 4659 812 4713 subscriptae
824 4665 920 4703 suntet
931 4661 956 4703 in
966 4660 1056 4713 paucis
1067 4661 1100 4704 sb
1111 4659 1163 4704 iilis
1173 4659 1312 4704 differunt.
