3210 5392
272 424 325 484 106
654 423 827 484 Limnaia
845 440 1119 494 ouanarunsraes

267 587 393 634 eornm
408 569 535 634 summi
549 568 671 650 templi
695 570 924 635 concionator
944 570 1022 635 fuit.
1039 572 1119 654 Jam
1142 573 1284 647 tertiuS,
1308 573 1511 638 canonicus

265 676 425 740 eiusdem
448 677 570 758 templi
594 684 629 740 et
654 677 901 755 concionator,
929 679 1037 743 etiam
1057 696 1096 743 se
1118 677 1290 743 Societati
1320 680 1393 743 iam
1418 680 1509 745 dare

267 783 429 847 intendit:
442 799 574 862 magna
588 782 727 848 dicendi
742 784 910 849 facundia
924 784 1107 866 praeditus
1122 794 1186 864 est,
1203 787 1427 851 naturalibus
1444 806 1509 869 op-

267 890 354 953 time
368 890 521 954 dotatus:
537 889 618 952 30.ΙΙΙ
634 888 642 922 “
658 908 791 955 annum
806 891 892 972 agit,
909 890 1093 956 ditissimis
1107 893 1325 973 pareatibus.

327 996 390 1061 Est
405 997 511 1061 etiam
525 998 702 1078 quaedam
716 1007 881 1063 matrona
894 996 1118 1079 Nouiomagi,
1137 1016 1228 1080 quae
1240 1000 1384 1065 domum
1399 1017 1507 1065 suam

266 1105 424 1185 amplam
445 1104 646 1184 admodum,
669 1122 750 1169 cum
764 1106 868 1169 horto
889 1105 1049 1186 pulchro,
1067 1104 1239 1171 Societati
1255 1106 1341 1172 dare
1356 1108 1506 1172 omnino

267 1212 379 1293 cupit.

327 1317 447 1383 Vicini
461 1320 574 1383 nostri
602 1319 638 1382 in
664 1320 738 1382 vita
759 1320 954 1402 christiana
978 1320 1145 1385 alacriter
1165 1319 1364 1401 proficiunt,
1381 1321 1506 1403 singu·

266 1426 312 1488 lis
334 1426 613 1490 hebdomadibus
627 1427 734 1490 semel
750 1426 949 1490 confitendo
966 1436 1001 1490 et
1015 1427 1313 1492 communicando
1324 1445 1407 1493 cum
1421 1428 1506 1492 aliis

266 1534 452 1597 matronis.
1408 1526 1411 1531 ’

327 1640 438 1720 Haec,
455 1638 536 1705 R.de
550 1640 666 1720 Pater,
683 1641 872 1705 scribenda
888 1641 999 1705 habui
1010 1640 1048 1705 P.
1062 1640 1122 1721 V.;
1137 1643 1195 1707 cui
1209 1642 1313 1706 unice
1327 1660 1393 1707 nos
1408 1660 1506 1708 com·

266 1747 486 1828 mendamus,
500 1758 534 1812 et
549 1746 695 1812 Patrum
709 1765 752 1812 ac
766 1746 934 1812 Fratrum
948 1749 1127 1829 precibus.
1148 1748 1243 1813 Bene
1257 1750 1380 1813 valeat
1395 1748 1434 1814 P.
1450 1749 1502 1815 V.

268 1855 305 1916 in
319 1853 383 1918 X.⁰
399 1889 436 1899 -
447 1854 601 1936 Raptim.

329 2066 499 2132 Coloniae
517 2067 561 2129 l.⁰
577 2067 632 2132 die
646 2068 863 2151 Septembris
880 2067 967 2132 1554.

506 2174 548 2238 R.
565 2173 610 2238 V.
627 2190 753 2240 seruus
771 2174 950 2255 indignus,

912 2389 938 2470 †
951 2392 1167 2456 Laounnous
1188 2390 1339 2456 Kassan.
1356 2391 1382 2472 †

325 2710 592 2791 Superscriptio
603 2711 641 2774 in
652 2711 969 2792 secundapagina:
988 2711 1121 2786 †Re.⁶⁰
1136 2712 1171 2775 in
1183 2712 1248 2776 X.⁰
1263 2711 1361 2776 Patri
1368 2712 1491 2793 Maga>

262 2817 401 2897 Ignatio
417 2836 438 2881 a
453 2817 600 2898 Loyola,
617 2819 820 2898 praeposito
834 2820 994 2898 generali
1010 2817 1198 2883 Societatis
1212 2819 1308 2902 Jesu.

807 2923 951 2989 Romae.

322 3031 538 3096 Alaamanu.
559 3031 646 3095 1554.
663 3032 819 3097 Colonia.
837 3032 941 3096 dem.
958 3031 1145 3096 Leouardo
1162 3031 1207 3095 1.⁰
1220 3032 1263 3096 de
1285 3031 1499 3099 Settembre.

264 3225 479 3237 —

304 3345 313 3377 l
342 3345 502 3390 Emendatus
512 3353 551 3390 est
561 3346 659 3400 primus
670 3355 798 3397 numerus.
808 3350 833 3390 et
844 3346 946 3400 quidem
955 3346 989 3390 ab
998 3345 1054 3400 ipso
1072 3344 1172 3399 [deuel.
1190 3345 1234 3399 qul
1253 3345 1324 3399 priua
1334 3353 1501 3392 exaraverat

264 3415 370 3462 literam
384 3416 412 3470 T,
422 3418 495 3473 quasi
506 3417 654 3472 incepturus
664 3417 777 3461 scribere
789 3428 879 3461 vocem
893 3416 1086 3471 Trigesimum.
