3210 5392
255 412 292 470 to
638 410 810 469 Liraaaaa
828 425 1100 477 ooaoanresraas

254 574 293 619 se
317 565 429 620 stesse
458 557 505 619 mi
532 557 764 620 dimandorno
790 557 835 619 ch
860 556 893 619 io
920 557 944 621 li
974 557 1103 620 lacessi
1128 576 1199 621 vna
1225 558 1486 634 exhortatione,

255 665 394 744 laquale
409 664 497 727 latta
513 665 546 727 ci
560 666 701 727 volsero
716 666 847 744 parlar’
865 665 900 727 in
912 665 1126 744 particulare
1138 667 1252 745 quelle
1265 682 1326 745 per
1339 666 1370 727 le
1383 665 1488 745 quale

253 788 375 834 eramo
386 771 520 850 venuti,
541 771 618 834 cioe
633 771 719 833 dele
734 773 838 851 quale
852 770 1051 834 haueuamo
1066 771 1180 835 inteso
1192 771 1248 835 ch’
1266 788 1375 835 erano
1392 780 1487 834 stato

254 879 423 959 alquanto
438 877 623 956 dissolute;
640 888 674 940 et
689 895 794 958 spero
809 878 927 941 buona
947 879 1202 942 emendatione.

313 984 430 1065 Depoi
445 985 691 1048 ritomassimo
707 984 899 1063 aBinchio,
916 985 1006 1048 done
1021 985 1160 1048 haueua
1175 986 1358 1065 predicato
1374 984 1487 1048 Maes-

254 1103 308 1154 tro
324 1092 491 1171 Quintino
505 1093 598 1155 nella
610 1091 729 1154 chiesa
748 1092 921 1171 maggior’
938 1092 984 1154 ad
1000 1092 1162 1155 instanza
1183 1092 1227 1155 de
1249 1093 1366 1156 alcuni
1381 1110 1488 1156 cano-

253 1200 325 1262 nici
340 1208 375 1263 et
389 1199 528 1262 haueua
543 1199 722 1278 publicato
737 1199 804 1262 che
814 1200 837 1261 l’
855 1201 946 1261 altro
960 1199 995 1262 di
1008 1200 1041 1262 io
1054 1199 1253 1279 predicaria
1266 1200 1359 1263 nella
1371 1200 1489 1263 mede<-

253 1310 343 1370 sima
359 1307 490 1383 chiesa;
503 1311 578 1369 cosl
595 1306 753 1387 predicai
771 1307 863 1370 della
882 1307 1137 1384 misericordia,
1151 1307 1206 1369 ch’
1218 1324 1279 1370 era
1290 1308 1323 1371 le
1334 1324 1488 1388 euange-

253 1416 300 1477 lio
312 1414 403 1477 della
415 1413 753 1493 domenicapassata
766 1412 786 1491 ¹,
797 1415 832 1476 et
845 1430 946 1477 como
957 1414 1156 1494 bisognaua
1165 1413 1231 1477 lar’
1244 1414 1488 1478 misericordia

253 1522 323 1584 alla
348 1522 466 1584 anima
483 1529 604 1583 nostra
617 1520 683 1583 che
698 1538 759 1583 era
775 1521 810 1584 in
825 1528 991 1600 peccato;
1008 1530 1043 1584 et
1057 1522 1100 1584 de
1107 1522 1165 1601 poi
1179 1523 1215 1584 la
1233 1520 1378 1601 predica
1393 1530 1486 1585 tutto

254 1630 278 1691 il
292 1630 421 1708 giorno
436 1638 470 1691 ct
485 1630 507 1691 l’
526 1630 617 1690 altro
632 1628 790 1691 Maestro
805 1627 987 1691 Anthonio
1003 1637 1037 1690 et
1060 1629 1093 1691 io
1110 1629 1313 1692 hauessimo
1328 1638 1428 1692 tanto
1441 1630 1488 1692 da

254 1734 448 1798 confessar'
465 1735 520 1798 ch’
535 1753 607 1799 non
622 1735 824 1798 hauessimo
841 1736 944 1815 quasi
958 1746 1076 1815 tempo
1092 1734 1126 1797 di
1138 1736 1278 1815 pigliar'
1295 1745 1419 1799 nostra
1434 1754 1487 1800 re-

255 1842 422 1905 fectione:
439 1842 497 1921 poi
522 1843 555 1904 ci
581 1842 785 1922 partissimo
808 1842 954 1904 insieme
982 1842 1048 1915 (ch'
1068 1842 1129 1920 gia
1144 1859 1205 1905 cra
1226 1843 1356 1922 partito
1369 1842 1487 1906 inanzi

256 1948 410 2012 Maestro
423 1948 602 2028 Quintino)
612 1948 768 2012 Maestro
781 1948 961 2012 Anthonio
973 1959 1006 2011 et
1019 1950 1053 2012 io
1065 1959 1100 2012 et
1111 1950 1312 2013 venessimo
1324 1967 1388 2029 per
1400 1950 1486 2012 Tor·

255 2073 356 2132 naco,
372 2066 406 2119 et
422 2057 457 2119 in
471 2057 504 2118 la
520 2057 643 2120 strada
659 2057 816 2135 predicai
832 2057 868 2119 in
883 2074 932 2120 vn
947 2058 1039 2119 altro
1053 2059 1167 2120 luoco.
1182 2057 1218 2120 lo
1230 2074 1334 2137 spero
1349 2057 1488 2135 grande

255 2162 363 2226 frutto
379 2163 415 2226 di
430 2172 554 2243 questo
566 2164 730 2244 viaggio;
746 2164 880 2242 impero
897 2163 962 2226 che
977 2164 1075 2226 molti
1091 2164 1269 2227 sacerdoti
1284 2181 1373 2227 sono
1391 2181 1485 2228 com·

257 2272 364 2334 mossi
380 2281 413 2334 et
429 2271 528 2334 molti
542 2272 575 2333 ci
601 2271 717 2333 hanno
732 2287 915 2351 promesso
941 2269 1042 2333 afar'
1066 2270 1089 2332 li
1109 2272 1293 2334 essercitii.
1312 2271 1339 2334 ll
1353 2272 1485 2352 popolo

254 2377 300 2440 ha
314 2378 448 2440 hauuto
464 2378 522 2456 pih
534 2378 664 2441 noticia
679 2378 771 2441 della
784 2376 1005 2458 Compagnia
1021 2388 1055 2440 et
1070 2384 1089 2439 e
1104 2387 1238 2441 restato
1259 2396 1327 2441 con
1346 2378 1484 2458 grande

253 2494 328 2548 sete
343 2483 386 2547 de
402 2485 546 2547 vederci
559 2486 648 2546 altra
663 2486 761 2547 volta
773 2503 780 2563 ;
793 2485 826 2547 ci
842 2485 887 2547 ha
900 2492 1097 2547 monstrato
1109 2484 1223 2548 anche
1234 2483 1370 2564 grande
1382 2484 1485 2549 allec-

253 2591 347 2655 tione
375 2592 411 2653 in
436 2592 655 2670 presentarci
680 2592 785 2654 molte
810 2608 911 2663 cose,
935 2608 992 2654 ma
1017 2608 1088 2654 non
1116 2591 1303 2654 habbiamo
1335 2592 1485 2671 pigliato

253 2700 381 2762 niente.
399 2698 478 2761 Una
501 2698 618 2761 donna
641 2698 674 2760 ci
689 2697 816 2760 mando
841 2698 896 2761 del
914 2698 997 2760 vino
1014 2708 1048 2761 et
1063 2698 1101 2760 lit
1122 2698 1270 2778 pigliato
1292 2698 1327 2761 ln
1342 2700 1377 2761 la
1399 2716 1485 2762 casa

252 2806 342 2869 doue
357 2823 525 2869 eranamo
541 2806 654 2885 primo
670 2806 736 2868 che
750 2807 784 2867 lo
796 2805 1007 2884 sapessimo,
1021 2821 1079 2867 ma
1091 2806 1207 2869 subito
1219 2806 1323 2886 depoi
1338 2808 1371 2868 lo
1387 2823 1484 2869 man-

251 2914 407 2977 dassimo
424 2932 444 2975 a
459 2915 481 2975 l'
500 2913 674 2993 hospitale
690 2930 757 2974 con
772 2912 993 2976 edificatione
1009 2911 1051 2973 de
1065 2912 1174 2975 molti.

309 3021 349 3084 In
363 3020 526 3083 Tornaco
542 3037 650 3082 erano
667 3020 784 3082 alcuni
798 3019 975 3082 lutherani
991 3019 1026 3081 in
1041 3020 1204 3098 pregioni
1219 3021 1243 3082 li
1258 3021 1354 3100 quali
1365 3021 1481 3084 siamo

250 3127 382 3190 andato
398 3146 419 3189 a
434 3127 583 3204 visitar',
600 3128 621 3188 l’
646 3144 717 3189 vno
732 3143 800 3189 con
816 3127 938 3205 agiuto
954 3126 1009 3189 del
1031 3125 1068 3188 P.
1092 3124 1259 3205 Quintino
1281 3127 1402 3190 riuoco
1417 3145 1483 3191 sua

248 3233 387 3296 heresia
403 3244 437 3297 et
451 3233 488 3296 ln
503 3233 607 3312 depol
623 3233 839 3312 decapitato:
856 3235 877 3295 l'
896 3234 986 3295 altro
998 3250 1069 3296 non
1084 3234 1115 3296 si
1130 3235 1230 3296 volse
1246 3235 1316 3297 mai
1332 3251 1483 3297 conuer-

248 3341 318 3415 tir';
337 3341 526 3403 habbiamo
542 3358 606 3419 pur
622 3339 777 3403 Maestro
792 3338 960 3418 Quintino
976 3349 1010 3401 et
1026 3340 1059 3402 io
1074 3338 1163 3403 fatto
1179 3351 1270 3404 tutto
1291 3343 1407 3420 quello
1424 3342 1484 3404 ch’

249 3448 438 3509 habbiamo
464 3458 609 3527 possuto
635 3456 669 3509 et
695 3448 808 3510 anche
830 3446 929 3509 molti
950 3447 1041 3525 altri,
1069 3456 1103 3509 et
1126 3446 1161 3508 fn
1188 3447 1376 3525 abrugiato
1397 3449 1483 3511 viuo
1526 3434 1532 3440 ’

247 3555 437 3618 obstinato.
454 3554 504 3618 La
520 3555 605 3617 cirta
628 3554 716 3617 hieri
736 3572 799 3634 per
814 3555 838 3616 li
863 3554 1017 3631 trauagli
1040 3554 1105 3616 che
1120 3571 1183 3634 per
1203 3555 1259 3617 clo
1280 3555 1480 3619 haueuamo

248 3663 391 3739 hauuto;
408 3662 440 3724 ci
452 3662 580 3724 mando
596 3662 651 3725 ch'
666 3661 868 3725 andassimo
884 3662 1022 3741 pigliar'
1048 3672 1121 3724 otto
1144 3661 1278 3724 fraschi
1293 3661 1335 3723 de
1350 3663 1434 3725 vino
1459 3682 1481 3725 a

246 3779 368 3834 nostro
384 3770 512 3848 piacer’
528 3787 585 3831 ma
612 3786 682 3830 non
708 3769 730 3830 li
756 3768 944 3831 habbiamo
966 3769 1133 3847 pigliato;
1151 3779 1185 3831 et
1201 3769 1311 3847 hoggi
1337 3770 1369 3832 ci
1391 3786 1481 3832 sono

246 3885 376 3938 venuto
391 3893 411 3937 a
428 3876 588 3937 visitarci
603 3886 637 3937 et
652 3876 843 3937 consultar'
861 3875 904 3937 de
920 3875 1002 3937 altri
1025 3875 1219 3952 lutherani,
1236 3875 1303 3937 che
1329 3894 1418 3939 sono
1443 3877 1480 3939 in

248 3982 426 4061 pregioni:
444 3983 468 4043 li
483 3982 647 4045 habiamo
660 3981 872 4058 ringratiato
887 3980 980 4044 della
995 3982 1112 4044 buona
1129 3983 1273 4044 volunta
1286 3991 1319 4044 ct
1332 3982 1396 4045 che
1409 4000 1481 4046 non

250 4089 432 4168 vogliamo
444 4090 562 4152 niente
578 4089 621 4151 de
637 4089 741 4151 simili
757 4106 850 4161 cose,
868 4100 902 4151 et
919 4089 984 4152 che
996 4106 1067 4150 non
1082 4089 1251 4168 pigliamo
1264 4090 1334 4152 mai
1350 4091 1481 4165 niente;

248 4214 306 4259 ma
322 4197 352 4259 si
368 4197 570 4285 contentino
587 4197 652 4257 che
668 4196 699 4258 ci
716 4196 909 4259 andaremo
921 4196 980 4276 pih
997 4196 1184 4259 voluntieri
1198 4208 1231 4259 et
1243 4196 1378 4259 faremo
1390 4206 1481 4260 tutto

247 4312 380 4383 quanto
395 4314 555 4383 potremo
571 4320 633 4382 per
645 4305 719 4366 loro
737 4321 757 4365 a
773 4303 907 4367 honore
923 4303 966 4366 de
981 4302 1055 4381 di0;
1072 4312 1107 4365 et
1128 4319 1215 4365 sono
1236 4303 1356 4383 partiti
1372 4306 1482 4366 molto

247 4410 413 4474 edificati.

294 4653 301 4685 ¹
330 4652 465 4696 Domlnlca
476 4654 554 4696 tertia
566 4660 623 4706 post
635 4653 812 4703 Pentecosten,
825 4664 889 4706 quae
901 4653 949 4696 hoc
960 4663 1026 4695 anno
1040 4652 1090 4695 tzot
1101 4652 1148 4696 luit
1159 4653 1170 4694 l
1182 4652 1261 4704 Junil.
