3210 5392
668 455 732 514 Au.
753 454 824 514 1555
1315 459 1371 516 2t3

181 609 231 663 tes.
242 598 323 665 Felix
336 602 491 679 vexatio,
508 618 599 682 quae
614 600 665 664 eis
680 601 816 664 confert
831 602 1047 665 intellectum
1062 618 1105 665 ac
1117 604 1242 667 salutis
1256 620 1368 668 reme-

182 706 232 769 dia.
244 707 332 772 Nouit
347 718 443 772 certe
455 709 575 772 diuina
586 708 772 771 clementia
783 725 852 788 qua
866 719 942 771 arte
955 710 1103 772 curandi
1115 710 1185 772 sint
1198 711 1270 790 qui,
1283 709 1368 774 dum

183 829 230 876 sua
239 815 381 879 libertate
395 815 571 893 fruuntur,
588 815 773 877 authorem
788 815 884 878 vitae
900 832 1095 895 agnoscere
1112 826 1289 881 recusant.

225 920 280 985 Hos
292 933 408 986 autem
424 922 711 986 animaduertens
726 922 867 1002 pietatis
889 922 1025 986 fructus
1046 922 1146 986 ΚΜ
1161 922 1368 988 Claramon·

183 1031 262 1092 tensis
280 1030 476 1111 Episcopus
498 1030 519 1108 ¹,
546 1030 823 1093 extruendorum
846 1032 1075 1108 collegiorum
1097 1047 1218 1094 moras
1239 1031 1369 1095 diutius

183 1139 348 1212 protrahere
367 1155 406 1201 se
425 1155 497 1200 non
517 1153 622 1216 posse
641 1138 786 1216 fatetur,
814 1138 876 1200 sed
900 1138 1041 1201 ineunte
1062 1156 1147 1202 vere
1168 1139 1367 1203 Billomium

183 1242 273 1308 saltem
285 1262 319 1308 se
332 1261 545 1308 exorsurum
561 1246 699 1322 asserit,
716 1245 874 1324 adeoque
889 1245 939 1307 illi
951 1256 1056 1325 grata
1076 1257 1130 1309 est
1145 1256 1267 1310 nostra
1284 1264 1369 1310 con-

183 1351 307 1431 uersatio,
322 1363 362 1414 vt
377 1368 457 1414 eam
471 1352 600 1430 vbique
615 1353 774 1414 locorum
788 1351 997 1431 praedicare
1012 1371 1082 1416 non
1099 1365 1231 1431 cesset,
1248 1364 1283 1417 et
1305 1354 1369 1417 Be-

183 1455 348 1536 nedictinos,
364 1475 517 1539 quorum
530 1458 607 1538 ipse
621 1469 674 1521 est
688 1457 830 1537 Abbas,
847 1476 945 1522 more
967 1471 1089 1524 nostro
1110 1478 1131 1522 a
1150 1462 1252 1524 nobis
1271 1462 1369 1525 insti·

184 1565 294 1629 tuendos
315 1565 537 1629 committere
556 1582 679 1628 omnes
699 1575 861 1646 cuperet,
883 1577 921 1629 vt
936 1569 1189 1631 monasterium
1204 1569 1301 1647 illud,
1324 1571 1373 1631 ah

185 1672 251 1734 omni
261 1674 425 1753 religione
445 1673 609 1751 alienum,
627 1673 771 1735 tandem
785 1674 976 1753 aliquando
996 1692 1082 1738 suae
1102 1676 1296 1755 integritati
1316 1695 1369 1738 re-

183 1774 357 1858 stitueretur,
373 1780 469 1860 quod
483 1780 578 1842 nulla
592 1779 758 1843 methodo
773 1798 838 1843 nec
850 1798 913 1860 per
927 1798 966 1843 se
980 1798 1045 1844 nec
1058 1799 1120 1862 per
1132 1783 1232 1862 alios,
1247 1801 1369 1863 quam-

184 1881 221 1944 uis
230 1885 257 1949 id
268 1887 407 1951 infinitis
422 1904 512 1968 pene
532 1886 647 1950 modis
666 1888 865 1966 attentarit,
887 1887 1023 1952 efficere
1047 1890 1162 1952 adhuc
1185 1891 1317 1969 potuit:
1339 1892 1371 1952 si

184 1990 256 2068 quein
267 2005 388 2058 nactus
404 2003 510 2072 esset,
528 1995 587 2075 qui
602 1993 647 2057 ad
662 1993 800 2057 felicem
810 1996 945 2058 exitum
956 2006 1076 2075 posset
1088 2013 1177 2076 opus
1188 1998 1281 2061 istud
1293 2012 1369 2078 per·

183 2093 285 2180 ducere,
299 2111 398 2166 tanto
413 2117 522 2164 onere
536 2117 615 2164 sese
626 2102 774 2165 libenter
788 2113 1011 2166 exoneraret:
1035 2105 1097 2167 tali
1118 2105 1370 2168 restaurationi

184 2197 252 2269 Deus
263 2196 417 2290 aspirare
432 2209 519 2271 velit
533 2213 555 2270 ¹.

224 2309 333 2397 ltaque,
349 2315 428 2380 R.de
445 2324 481 2378 et
498 2316 820 2379 obseruandissime
840 2316 961 2397 Pater,
984 2328 1023 2381 vt
1049 2320 1165 2397 magis
1190 2338 1233 2383 ac
1254 2323 1373 2401 magis

184 2422 326 2499 auspicata
341 2422 549 2501 succedant,
566 2423 673 2486 etiam
688 2423 744 2486 hic
758 2424 794 2485 in
809 2424 960 2502 gloriam
973 2425 1058 2507 Jesu
1073 2426 1215 2505 Christi,
1233 2429 1290 2491 cui
1306 2447 1374 2491 nos

182 2531 365 2607 comprobari
380 2540 456 2594 tota
470 2541 524 2592 est
538 2539 660 2593 nostra
676 2531 870 2609 contenti0,
887 2541 921 2594 et
936 2549 1005 2612 quo
1022 2532 1125 2596 citius
1144 2545 1373 2614 amputentur

182 2641 279 2709 morae,
296 2656 386 2719 quac
406 2637 554 2700 nimiam
578 2635 781 2700 dilationem
805 2655 931 2717 parere
951 2638 1125 2718 videntur,
1154 2659 1229 2704 rem
1248 2642 1374 2705 iuuare

177 2741 328 2809 sltrh‘lciis
341 2755 377 2808 et
391 2744 556 2825 precibus
569 2741 797 2806 Paternitatis
818 2755 898 2807 tuae
916 2763 958 2808 ac
973 2744 1109 2808 Reium
1124 2745 1270 2811 Patrum
1289 2749 1373 2811 cha-

176 2836 435 2933 1l'SSimorumque
459 2850 626 2914 Fratrum
641 2869 711 2914 non
725 2852 946 2931 grauaberiS‚
965 2863 1005 2916 vt
1019 2853 1162 2918 tandem
1177 2856 1272 2918 omni
1292 2856 1373 2918 sub·

170 2936 231 3009 ¹²¹l0
249 2957 463 3036 discrimine,
490 2960 668 3038 integrum
692 2959 737 3022 sit
762 2959 1006 3040 undecumque
1030 2961 1067 3023 in
1091 2962 1195 3025 vinea
1225 2959 1370 3025 Domini

163 3057 296 3145 ⁰P⁰rari,
311 3084 381 3149 quo
396 3066 433 3130 in
447 3066 523 3128 dies
537 3064 673 3128 fructus
686 3066 869 3129 uberiores
885 3068 1136 3147 percipiantur.

211 3158 304 3238 Haec
328 3183 424 3252 sunt,
447 3171 524 3236 R.‘¹e
542 3171 665 3250 Pater,
687 3172 876 3253 dequibus
898 3175 1099 3239 censuimus
1118 3175 1376 3240 Paternitatent

143 3256 244 3411 :⁸¹⁸¹ss
259 3298 335 3346 esse
348 3281 579 3358 monendam,
597 3297 687 3360 quae
702 3291 871 3360 perpetuo
890 3281 926 3342 in
942 3280 1083 3344 Christo
1103 3282 1290 3348 benedicto
1312 3300 1376 3348 vat·

156 3372 225 3436 Qut.

196 3473 365 3560 [uanae
379 3494 610 3573 Parisiorum,
627 3493 784 3557 seeundo
800 3495 856 3582 die
869 3494 1030 3576 Januarii
1050 3496 1136 3559 1555.

195 3577 264 3663 De
275 3602 443 3667 mandato
459 3599 502 3664 R.
520 3598 556 3664 P.
573 3600 618 3663 D.
635 3599 806 3664 Pascasii.

687 3707 729 3771 R.
747 3706 785 3770 P.
803 3708 842 3770 T.

550 3813 682 3879 Seruus
696 3813 974 3895 indignissimus,

785 4028 963 4092 Ntcocnus
984 4029 1209 4094 Beccaauca
1232 4030 1256 4091 ³.

159 4302 179 4408 ζ
215 4331 499 4390 enumerem

118 4445 194 4503 1..κὶ
206 4399 427 4533 ggceaegrunnt
437 4425 505 4470 quae
514 4415 619 4470 scripsit
631 4413 760 4459 Robertus
776 4414 947 4471 Clayesouiut
955 4415 980 4458 18
990 4413 1050 4470 uun
1067 4416 1127 4460 1552.
1141 4417 1208 4462 Vide
1223 4429 1312 4475 supra,
1330 4427 1348 4464 t.
1363 4431 1383 4472 r,

123 4519 294 4655 ΒρῖηῐΝοι
302 4501 444 4605 ὴίἓὲοῐίεω
455 4569 486 4602 ne
496 4559 656 4603 s'aceordent
667 4570 714 4613 pas
724 4570 769 4602 sur
779 4570 808 4602 ce
818 4570 885 4603 nom:
897 4570 962 4604 ceux
973 4560 1015 4614 qul
1024 4568 1069 4604 ont
1086 4562 1152 4604 ecrit
1168 4572 1199 4605 en
1215 4562 1280 4607 latin
1292 4564 1379 4609 disent

125 4653 158 4698 Q
187 4676 196 4695 ,
222 4620 316 4685 lem,
323 4630 484 4688 flumineas:
493 4638 523 4675 ce
533 4631 576 4686 qul
586 4640 603 4675 a
613 4631 696 4676 donne
705 4631 757 4675 lieu
772 4640 805 4674 au
820 4629 848 4674 P.
860 4631 890 4674 de
906 4631 1024 4688 satigny,
1035 4641 1061 4676 et
1077 4635 1093 4677 a
1108 4633 1222 4677 d’autres
1239 4635 1379 4687 eerivalns,

197 4692 326 4752 *vociter
336 4704 466 4762 Beaufils,
474 4717 537 4751 sans
547 4707 623 4751 doute
634 4717 682 4761 par
693 4705 803 4749 horreur
813 4705 846 4748 du
856 4704 999 4749 solecisme:
1011 4706 1076 4750 mals
1086 4707 1150 4750 dans
1162 4718 1208 4751 non
1219 4710 1296 4751 rieux
1307 4714 1380 4752 cata-
