3210 5392
697 432 759 489 An.
783 432 852 489 1553
1342 427 1397 488 586

169 578 249 641 dote
264 579 430 658 quodam,
448 597 492 640 ex
508 596 629 640 eorum
644 595 803 655 numero,
821 577 878 657 qui
895 577 987 657 apud
1003 593 1068 638 nos
1084 575 1321 638 conscientiae
1338 592 1393 636 ca-

170 702 227 747 sus
252 684 412 754 audiunt,
439 686 516 748 uiro
541 686 651 765 probo
673 695 707 747 et
728 685 877 747 honesto
902 686 1114 764 loqueretur,
1137 682 1238 762 eique
1259 694 1395 743 certum

167 792 349 870 quoddam
374 794 555 870 negotium
581 792 666 854 dare
692 793 816 869 uellet,
843 789 937 870 quod
962 791 1006 852 ad
1036 790 1195 853 diuinum
1224 789 1396 851 honorem

171 899 365 977 spectabat,
384 915 513 978 magno
528 899 661 978 gaudio
686 900 893 978 completus,
917 897 1055 975 gratias
1076 897 1151 977 agit
1172 896 1395 976 praepotenti

172 1005 256 1083 De0‚
275 1005 368 1087 quod
383 1006 455 1068 iam
470 1006 605 1086 (inquit)
621 1024 667 1068 ex
681 1016 802 1068 nostro
818 1021 906 1083 agro
922 1022 1002 1067 eum
1017 1003 1171 1066 fructum
1186 1003 1349 1065 metimus
1361 1014 1395 1065 et

172 1113 396 1192 percipimus,
419 1113 559 1193 iamque
585 1130 646 1175 eos
672 1131 716 1175 ex
741 1123 862 1176 nostro
884 1112 1004 1174 labore
1026 1111 1187 1173 homines
1213 1110 1394 1186 babemus,

169 1221 296 1298 quibus
321 1221 509 1299 negocium
529 1231 602 1283 tam
622 1221 719 1300 pium
743 1219 913 1283 mandare
940 1229 974 1281 et
1002 1219 1182 1298 imponere
1207 1217 1395 1296 possimus

172 1325 291 1408 Itaque
306 1344 428 1389 eorum
444 1328 669 1390 sacerdotum
686 1328 876 1404 nonnullis,
893 1344 982 1405 quos
996 1326 1214 1405 aliquantulo
1231 1325 1309 1403 plus
1320 1339 1397 1404 pro·

170 1432 298 1497 iecisse
312 1434 541 1512 intelligebat,
559 1432 741 1510 beneficia,
759 1451 849 1513 quae
864 1435 1094 1513 appellamus,
1111 1431 1245 1509 tribuit;
1265 1447 1397 1510 eosque

167 1557 228 1617 per
245 1559 290 1603 ea
306 1541 435 1620 oppida
450 1541 581 1618 diuisit,
598 1558 688 1620 quae
705 1541 749 1603 ad
765 1559 866 1603 suam
881 1540 1069 1603 dioecesim
1086 1539 1273 1617 pertinent,
1287 1545 1324 1599 ut
1336 1554 1398 1599 eos

165 1646 200 1710 in
225 1646 510 1710 confessionibus
532 1647 717 1710 audiendis
737 1648 958 1725 adiuuarent,
982 1647 1041 1726 qui
1064 1646 1303 1709 curandorum
1325 1644 1396 1706 ani·

163 1771 309 1817 morum
325 1754 497 1817 sustinent
512 1772 650 1817 munus.
667 1754 905 1833 Quamobrem
921 1774 941 1815 a
963 1752 1040 1816 Deo
1061 1753 1140 1833 Opt.
1164 1753 1259 1815 Max.
1276 1768 1397 1831 preca·

162 1879 260 1938 mur,
285 1878 350 1940 pro
370 1862 470 1923 cuius
495 1878 616 1924 amore
642 1863 730 1924 haec
756 1862 874 1925 omnia
897 1860 1098 1923 Cardinalis
1116 1859 1338 1940 perstudiose
1363 1869 1397 1922 et

162 1968 363 2031 liberaliter
378 1968 470 2048 gerit
486 1979 591 2049 atque
606 1969 841 2042 administrat,
858 1977 896 2031 ut
911 1986 989 2030 eam
1006 1969 1037 2031 ei
1053 1968 1163 2030 uitam
1178 1977 1212 2029 et
1233 1965 1398 2029 uirtutem

162 2075 357 2154 largiatur,
375 2092 445 2154 qua
460 2076 616 2154 cogitata
632 2074 813 2155 perficere,
830 2084 864 2138 et
879 2075 1038 2137 instituta
1054 2075 1100 2137 ad
1119 2075 1253 2136 exitum
1273 2070 1396 2152 perdu-

162 2199 251 2244 cere
266 2182 398 2259 ualeat,
415 2181 587 2261 siquidem
604 2183 722 2244 omnia
738 2181 783 2244 ad
799 2182 997 2245 animorum
1018 2182 1167 2243 salutem
1188 2180 1244 2259 pie
1265 2187 1301 2242 et
1319 2196 1397 2241 san·

162 2301 222 2352 cte
238 2287 375 2366 dirigit.

226 2393 325 2457 Nihil
338 2404 524 2474 praeterea
539 2394 641 2457 nobis
655 2395 724 2458 hoc
739 2405 897 2476 tempore
910 2393 954 2456 ad
966 2406 1012 2471 te,
1026 2393 1130 2457 Pater
1143 2392 1299 2472 colende,
1313 2395 1397 2457 scri·

162 2501 326 2564 bendum
341 2501 508 2579 occurrit,
525 2502 594 2564 nisi
609 2511 647 2564 ut
663 2511 697 2564 te
709 2502 827 2565 multis
839 2511 873 2564 et
885 2502 1102 2580 supplicibus
1114 2501 1232 2565 uerbis
1243 2517 1396 2580 oremuS,

162 2626 225 2688 ne,
244 2625 326 2670 cum
342 2624 466 2687 preces
481 2607 697 2683 adhibueris
714 2625 795 2670 cum
809 2608 1023 2671 sacrificium
1038 2608 1177 2686 leceriS,
1190 2608 1303 2671 nostri
1315 2609 1398 2671 obli·

162 2715 333 2792 uiscaris;
350 2713 412 2776 sed
430 2714 659 2778 obsecramus
674 2727 709 2777 te
725 2725 762 2777 ut
782 2715 901 2778 ueniat
920 2716 984 2778 tibi
1006 2716 1042 2777 in
1061 2724 1214 2778 mentem
1233 2731 1300 2777 nos
1319 2724 1399 2778 tuos

162 2821 260 2884 lilios
276 2839 366 2883 esse.

228 2926 347 2991 Pridie
362 2926 483 2991 Calen.
498 2926 724 3007 Septembris.
741 2927 869 3005 Ebora,
888 2928 975 2991 1555.

490 3034 596 3114 jussu
611 3033 727 3097 Patris
742 3035 854 3098 Marci
869 3035 1027 3115 Georgii,
1127 3072 1129 3075 ν

815 3249 1032 3313 Fnaucrscus
1054 3248 1237 3313 Moaanss.

230 3570 499 3650 superscriptio
513 3570 553 3631 r'n
568 3575 699 3649 quarta
710 3570 868 3648 pagina:
882 3569 905 3637 †
919 3568 964 3632 Al
987 3586 1071 3649 muy
1092 3568 1169 3632 R.d⁰
1190 3587 1235 3631 en
1256 3530 1400 3632 Christo

173 3675 286 3740 Padre
301 3678 333 3740 el
348 3675 386 3738 P.
402 3676 560 3740 Maestro
573 3676 728 3755 lgnacio‚
742 3674 925 3755 Preposito
937 3674 1091 3738 General
1102 3677 1147 3739 de
1159 3678 1192 3739 la
1205 3677 1399 3756 Compailia

173 3783 215 3847 de
228 3784 333 3866 Jesus
349 3802 393 3846 en
407 3783 532 3847 Roma.

231 3891 317 3954 Alia
330 3908 455 3954 manu:
473 3890 560 3953 1555,
578 3892 705 3954 Ebora.
725 3891 1009 3970 Quadrimestres
1024 3891 1061 3953 31
1082 3891 1247 3970 Augusti.
1269 3890 1344 3954 R.²⁸
1361 3890 1403 3954 20

175 3997 349 4064 Octobris,
