3210 5392
567 419 738 478 errenas
756 435 1031 487 Quaounresrnss

653 1020 950 1104 cccxxxix

238 1335 387 1394 Erardus
402 1336 612 1396 Avantianus

273 1432 366 1492 Patri
379 1434 509 1508 ignatio
521 1436 564 1494 de
578 1436 717 1508 Loyola.

309 1531 450 1603 Vienna,
464 1533 501 1591 29
515 1533 711 1593 Decembris
723 1534 792 1594 tout
805 1533 826 1588 ¹.

244 1844 320 1910 Pax
345 1845 477 1910 Christi
499 1846 584 1928 Jesu
609 1848 784 1911 custodiat
812 1847 921 1910 corda
947 1855 1069 1909 nostra
1099 1855 1133 1908 et
1162 1845 1403 1925 intelligentius

183 1962 336 2016 nostras.
974 2030 980 2037 ,

246 2057 432 2138 Quoniam,
459 2060 564 2123 Pater
587 2060 779 2125 admodum
797 2059 885 2139 ΒΑΕ,
902 2069 1053 2140 quatuor
1078 2058 1253 2124 mensium
1274 2067 1403 2139 tempor

185 2175 404 2231 transactum
419 2177 484 2245 est,
502 2185 570 2248 quo
585 2169 746 2231 iubemur
761 2185 815 2246 ea,
832 2185 921 2247 quae
940 2167 998 2229 hic
1013 2166 1134 2229 diuina
1150 2166 1339 2231 clementia
1349 2184 1403 2246 pet

185 2281 265 2336 tuos
280 2272 444 2353 indignos
468 2273 559 2338 filios
583 2285 731 2355 operata
752 2285 816 2352 est,
840 2272 984 2348 referre,
1009 2273 1133 2354 paucis
1151 2272 1198 2335 V.
1221 2269 1259 2335 P.
1282 2289 1403 2341 morea

183 2395 310 2459 gerere
325 2379 483 2458 studebo,
498 2392 606 2461 atque
625 2381 799 2462 imprimis
819 2398 910 2461 quae
935 2381 980 2443 ad
999 2381 1142 2443 scholas
1163 2379 1403 2459 spectantum

188 2485 278 2549 uitet
293 2487 545 2566 perstringere.

245 2591 465 2657 Studentium
479 2612 659 2673 numerus,
676 2595 736 2676 qui
760 2595 797 2658 in
816 2595 891 2659 dies
910 2595 1016 2658 nouis
1038 2592 1292 2660 accedentibus
1309 2608 1401 2672 auge

184 2700 262 2778 scit,
279 2700 316 2763 in
331 2700 424 2764 hanc
439 2701 597 2764 excreuit
622 2718 806 2794 summam.
834 2701 872 2763 ln
895 2701 1009 2781 prima
1025 2700 1167 2780 quidem
1193 2710 1228 2762 et
1250 2716 1403 2780 suprema

184 2808 298 2870 classe
313 2807 454 2872 circiter
468 2808 509 2871 26
522 2818 764 2872 numerantur:
782 2810 816 2870 in
837 2808 993 2871 secunda
1011 2807 1062 2870 76:
1079 2807 1183 2870 tertia
1206 2809 1286 2887 plus
1301 2806 1403 2870 minus

183 2914 289 2977 habet
303 2914 354 2977 70:
371 2925 498 2995 quarta
514 2933 599 2978 vero
614 2915 665 2978 60:
679 2916 800 2996 quinta
816 2926 849 2978 et
864 2925 1044 2995 postrema
1056 2915 1197 2977 circiter
1208 2912 1261 2976 80.
1278 2912 1403 2977 Horun

184 3023 354 3102 plurimos
368 3033 570 3085 nostrarum
585 3024 788 3085 scholarum
803 3039 935 3100 rumor,
952 3033 990 3084 vt
1003 3023 1046 3084 ab
1058 3022 1183 3084 iisdem
1197 3021 1399 3101 accepimus

182 3147 228 3193 ex
242 3129 493 3193 diuersissimis
508 3131 702 3211 prouinciis
716 3131 784 3195 huc
806 3130 992 3210 pertraxit.
1013 3128 1104 3191 Nam
1126 3128 1285 3201 Bobenii,
1303 3126 1403 3197 sinui.

182 3235 325 3313 Banari,
341 3236 514 3316 Hongari,
532 3237 686 3318 quotidie
701 3237 770 3301 huc
791 3254 828 3298 se
850 3235 1046 3312 conferunt,
1070 3235 1255 3315 cupientes
1270 3245 1403 3297 nostra

182 3359 220 3404 se
236 3343 385 3405 subdere
400 3344 617 3423 disciplinae,
634 3361 723 3424 quos
738 3361 779 3406 eo
795 3343 959 3406 libentius
985 3342 1214 3416 admittimus
1230 3358 1302 3420 qno
1317 3341 1403 3407 intel

183 3449 324 3527 ligimus
349 3450 428 3513 illos
442 3452 520 3530 plus
544 3451 676 3513 nostris
698 3450 858 3529 indigere
877 3448 1054 3512 subsidiis,
1079 3447 1170 3510 Nam
1192 3459 1232 3513 vt
1246 3458 1306 3515 est
1326 3462 1403 3525 ger.

183 3556 242 3618 illa
256 3556 421 3634 barbara,
438 3567 472 3620 et
487 3558 688 3636 agrestibus
699 3557 786 3619 satis
802 3556 968 3633 moribuS,
987 3555 1171 3635 magisque
1183 3555 1234 3616 rei
1250 3553 1403 3617 militai-

181 3679 289 3742 quam
303 3680 436 3739 eorum,
455 3680 546 3742 quae
561 3663 641 3726 fidei
656 3675 738 3727 sunt
753 3663 979 3740 christianae,
996 3678 1122 3741 gnara,
1139 3660 1243 3723 facile
1269 3660 1304 3723 in
1324 3676 1403 3740 pe·

182 3769 323 3832 culosos
348 3786 432 3832 sese
445 3770 656 3849 praecipitat
676 3787 826 3846 errores,
844 3768 997 3831 maxime
1016 3785 1097 3830 cum
1119 3767 1238 3829 inillis
1255 3764 1390 3846 partib·

183 3877 300 3956 palam
327 3874 496 3939 haeretici
521 3893 666 3939 suorum
691 3877 898 3956 dogmatum
924 3875 1023 3937 virus
1049 3874 1184 3953 ignaris
1210 3872 1403 3953 propinet

182 3982 284 4062 Quod
309 4001 354 4046 ex
379 3983 555 4063 plerisque
576 3983 762 4047 manifeste
789 3984 992 4060 didicimus,
1021 3981 1194 4045 eiusmodi
1222 3996 1403 4061 prauam

183 4090 389 4170 dogmatum
405 4092 617 4170 contagione
632 4091 781 4168 infectis,
799 4091 857 4170 qui
874 4101 991 4152 tamen
1006 4088 1065 4150 vbi
1081 4089 1124 4151 de
1139 4087 1291 4150 veritate
1306 4094 1340 4150 et
1357 4085 1403 4148 d

182 4198 298 4261 ctrina
324 4198 538 4261 christianae
558 4198 639 4262 fidei
660 4216 680 4260 a
703 4199 851 4276 nostriS,
879 4207 953 4260 tum
978 4196 1212 4260 familiaribus
1237 4192 1404 4274 alloquii

182 4315 257 4368 tum
276 4305 465 4385 praecipue
491 4307 525 4368 in
548 4305 768 4368 consessione
790 4307 1021 4381 instruuntur,
1038 4303 1210 4384 plurimos
1233 4301 1403 4381 deponur

181 4429 334 4487 errores
352 4412 528 4476 sinceram
555 4412 656 4476 fidem
679 4415 933 4492 amplexantes,
955 4421 993 4473 vt
1009 4410 1195 4473 verissime
1217 4407 1403 4472 existimat

223 4585 231 4615 ¹
262 4583 468 4638 Autographum.
481 4590 562 4627 totum
575 4582 666 4627 lirardl
682 4594 767 4635 manu,
786 4583 880 4636 duplici
898 4581 923 4624 ln
934 4581 1002 4629 iolio.
1019 4581 1101 4634 primo
1114 4590 1138 4622 n.
1149 4579 1196 4631 271,
1214 4579 1297 4622 altero
1306 4582 1366 4620 uon
1378 4578 1403 4612 ¹³¹

182 4665 291 4701 ltlct'ato.
