3210 5392
730 461 793 517 As.
816 459 886 517 1555
1369 457 1424 519 289

215 603 372 668 adhueex
388 605 456 668 illis
472 604 764 684 Archiepiscopis
793 602 934 667 Sanctis
964 608 972 639 ¹
999 614 1033 666 et
1059 603 1231 683 Magistro
1262 602 1368 665 Auila
1397 601 1422 680 ¹,

209 707 291 772 olim
302 711 352 774 diu
366 711 421 773 hic
435 720 579 773 versato
605 719 640 772 et
660 710 883 787 concinnam,
907 726 1121 772 remansere.
1139 709 1228 773 Sunt
1249 709 1423 773 nihilomi-

204 830 346 880 uusnou
360 817 463 895 pauci
479 806 600 880 clerici
614 816 774 894 studiosi,
792 817 881 879 adeo
901 827 940 877 vt
954 814 1090 878 feratur
1112 817 1221 895 uulgo
1242 834 1314 879 non
1334 818 1422 879 alios

196 921 237 984 in
267 935 330 987 tota
349 924 517 1003 Hispania
543 935 677 1000 extare,
699 924 759 1002 qui
778 941 900 986 eorum
925 924 1119 985 bonitatem
1145 934 1178 986 et
1200 924 1423 987 honestatem

193 1030 383 1110 attingant.
400 1030 504 1110 Quod
519 1031 548 1093 si
563 1031 720 1094 uniuersi
737 1030 842 1092 huius
856 1030 1012 1092 ciuitatis
1026 1029 1241 1093 Societatem
1256 1031 1360 1092 vnice
1376 1030 1423 1092 di·

188 1136 322 1217 ligunt,
346 1138 382 1200 hi
406 1137 628 1217 potissimum
654 1138 801 1199 charam
826 1137 967 1214 habent,
995 1147 1220 1215 venerantur,
1243 1148 1277 1199 et
1300 1136 1426 1199 Patres

184 1246 326 1307 multos
348 1244 563 1321 desiderant,
590 1244 861 1307 concionatores
884 1243 1020 1305 solicite
1046 1253 1251 1322 expectant,
1279 1260 1424 1322 percon·

179 1359 320 1414 tantur
336 1368 460 1414 eorum
482 1351 684 1414 aduentum.
706 1348 892 1414 Solicitant
914 1349 1231 1431 Archiepiscopum
1250 1360 1289 1412 vt
1314 1350 1424 1430 porri·

178 1466 273 1538 gat
284 1459 506 1521 eleemosinas
518 1468 578 1520 aut
591 1468 785 1537 prouentus
800 1457 937 1536 aliquos
950 1467 987 1519 vt
1002 1457 1138 1519 accersi
1153 1457 1271 1519 iubeat
1287 1456 1423 1519 Patres.

182 1564 420 1629 Professores
441 1565 684 1627 uniuersitatis
699 1564 864 1627 videntur
884 1563 990 1626 etiam
1010 1565 1239 1643 praecipuam
1259 1580 1345 1642 erga
1361 1581 1426 1627 nos

183 1687 294 1752 prae
317 1689 351 1735 se
374 1670 468 1735 ferre
497 1672 789 1748 beneuolentiam,
816 1681 851 1733 et
876 1669 977 1733 Prior
997 1671 1099 1733 huius
1122 1672 1235 1732 almae
1256 1671 1427 1734 ecclesiae

186 1788 237 1840 ct
275 1779 464 1854 canonicus
489 1776 703 1840 Franciscus
723 1776 858 1855 Turris
889 1777 981 1839 filius
1010 1777 1194 1839 cuiusdam
1217 1778 1427 1840 mercatoris

189 1884 356 1948 omnium
371 1885 476 1948 huius
492 1884 646 1947 ciuitatis
661 1884 835 1962 ditissimi,
854 1902 918 1946 nos
941 1883 1044 1946 unice
1069 1883 1195 1962 diligit,
1211 1884 1270 1963 qui
1286 1883 1427 1962 quidem

195 1988 294 2052 huic
305 1988 454 2071 Collegio
477 1991 667 2071 quotannis
681 1990 826 2053 donauit
842 1990 1027 2053 duodecim
1043 1990 1191 2052 ducatos
1207 2007 1334 2052 aureos
1350 1993 1428 2054 toti-

199 2092 351 2177 demque
364 2090 503 2161 modios
519 2097 636 2175 tritici,
653 2097 801 2160 daturus
817 2097 948 2176 alioqui
969 2098 1079 2159 multo
1094 2098 1208 2176 plura.
1223 2095 1312 2159 Miro
1327 2115 1429 2178 prae·

208 2208 309 2264 terea
320 2213 453 2268 tenetur
468 2203 643 2266 desiderio
659 2204 830 2266 exercitia
846 2202 1009 2279 faciendi3
1030 2212 1210 2266 caeterum
1225 2220 1305 2282 ego,
1322 2221 1429 2283 quan·

214 2309 429 2374 tunindiciis
445 2311 622 2373 coniicere
646 2310 754 2390 potui,
772 2327 842 2371 non
858 2326 1003 2389 possum
1028 2310 1112 2372 mihi
1132 2328 1201 2372 non
1216 2311 1431 2389 persuadere

221 2412 300 2485 quin
311 2415 478 2480 Dominus
498 2433 578 2479 cum
598 2417 632 2479 in
652 2433 752 2479 suam
779 2414 991 2479 Societatem
1016 2416 1193 2479 adducere
1208 2418 1304 2496 velit,
1332 2435 1432 2497 prae·

228 2520 330 2586 settim
342 2542 418 2588 cum
434 2524 577 2587 videam
592 2524 689 2586 illum
703 2523 739 2586 in
753 2524 828 2586 dies
844 2525 959 2602 magis
975 2541 1017 2585 ac
1043 2524 1158 2604 magis
1173 2525 1320 2602 moueri,
1338 2526 1431 2588 allici

233 2620 271 2682 ad
282 2643 324 2708 ea,
337 2650 424 2712 quae
451 2631 497 2693 ad
515 2629 728 2693 Societatem
753 2640 953 2709 expectant.
975 2631 1150 2693 Dominus
1170 2632 1263 2694 enim
1285 2631 1431 2695 Archie-

237 2726 368 2818 liscopus
379 2739 429 2802 illi
439 2738 655 2800 vaticinatus
668 2746 720 2800 est
732 2755 769 2800 se
786 2735 975 2800 Societatis
991 2738 1156 2800 futurum.
1174 2737 1323 2800 Adierat
1339 2741 1432 2802 enim

239 2845 318 2904 Semel
339 2845 529 2908 canonicus
549 2844 741 2907 Dominum
759 2845 1079 2924 Archiepiscopum
1094 2863 1136 2907 eo
1152 2846 1281 2922 animo,
1298 2857 1337 2909 vt
1357 2863 1434 2926 per-

239 2947 370 3014 suaderet
384 2953 432 3015 illi
448 2952 655 3014 decerneret
670 2950 802 3031 aliquid
822 2951 858 3013 in
878 2951 1037 3029 singulos
1061 2968 1186 3029 annos,
1211 2970 1279 3031 quo
1300 2953 1434 3032 aliquot

239 3046 337 3120 iratres
349 3059 384 3121 in
398 3058 467 3122 hoc
483 3059 634 3136 collegio
650 3059 838 3131 alerentur;
860 3058 954 3137 quod
974 3058 1057 3120 dum
1079 3059 1162 3120 totis
1178 3058 1314 3121 viribus
1329 3069 1434 3139 atque

237 3160 401 3228 rationibus
416 3166 461 3229 ab
484 3182 526 3227 eo
548 3165 738 3245 impetrare
753 3175 953 3242 conaretur,
970 3164 1044 3243 ipse
1059 3163 1233 3227 Dominus
1251 3164 1436 3247 Archiepi·

234 3279 349 3351 scopus,
361 3273 552 3335 verborum
564 3272 640 3334 eius
653 3271 910 3351 perspicaciam
921 3288 1082 3350 cernenS,
1096 3274 1191 3334 velut
1204 3273 1298 3335 aliud
1311 3290 1434 3352 agens:

232 3372 324 3457 vitm,
338 3379 460 3460 inquit,
477 3389 515 3442 tu
540 3376 729 3441 Societatis
744 3378 837 3440 esse?
853 3377 917 3440 Cui
943 3378 1011 3440 ille:
1028 3377 1175 3441 Vtinam
1190 3396 1246 3441 me
1261 3378 1437 3443 Dominus

226 3480 362 3550 efficeret
375 3487 436 3550 illa
447 3487 604 3564 dignum.
622 3485 734 3548 Natus
749 3494 802 3547 est
817 3485 1010 3547 canonicus
1026 3503 1139 3547 annos
1154 3487 1232 3566 plus
1247 3487 1364 3550 minus
1380 3489 1438 3551 tri-

222 3589 324 3671 ginta;
339 3604 390 3657 est
405 3593 551 3673 egregia
566 3592 669 3669 facie,
687 3592 800 3670 hilari,
815 3592 1043 3670 sanguineus
1060 3592 1190 3655 rubeus
1206 3595 1437 3674 aliquantum,

218 3700 335 3763 scribit
359 3711 466 3778 recte,
490 3701 594 3763 callet
619 3699 726 3762 etiam
751 3716 951 3762 sermonem
976 3699 1139 3777 latinum;
1164 3702 1314 3778 audiuit,
1341 3714 1439 3781 puto,

215 3806 433 3872 Pontificium
447 3808 512 3870 ius.
530 3805 645 3869 Vellet
660 3824 698 3868 se
713 3824 734 3868 a
749 3805 854 3868 Patre
869 3806 1037 3884 expedire
1052 3825 1120 3886 quo
1137 3819 1255 3886 posset
1270 3810 1442 3872 exercitia

213 3915 342 3979 facere.
363 3913 559 3979 Insinuauit
575 3930 713 3992 quoque
739 3912 824 3975 mihi
843 3929 881 3975 se
902 3930 1030 3992 cupere
1045 3914 1226 3993 applicare
1241 3915 1324 3978 huic
1340 3916 1443 3979 colle-

212 4023 275 4101 gio
291 4039 378 4102 quae
393 4022 506 4101 possit
522 4020 641 4082 omnia
656 4017 679 4079 ⁸.

275 4128 313 4192 P.
328 4128 517 4191 Baithasar
541 4127 682 4204 Loarte,
710 4126 828 4190 Patris
853 4126 1023 4190 Doctoris
1047 4128 1177 4191 Loarte
1193 4126 1205 4158 ⁴
1224 4128 1345 4208 frater,
1362 4131 1446 4195 fecit

136 4335 152 4383 ι
217 4380 221 4389 ,
256 4337 266 4368 ¹
296 4334 491 4390 Archiepiscopl
502 4333 724 4377 Granatensesad
734 4333 783 4376 hoe
793 4345 873 4387 usque
884 4340 985 4388 tempus
995 4333 1074 4377 inere:
1089 4333 1269 4380 Ferdinandus
1281 4335 1447 4384 Mendozade

189 4402 357 4459 amarem,
367 4405 490 4455 tela-toda
501 4405 629 4448 Antonius
639 4404 669 4447 de
682 4405 768 4459 Rojns.
786 4403 911 4458 tout-totu
930 4404 1024 4449 Petrus
1042 4404 1239 4460 Portocarrero,
1256 4407 1381 4464 masmae
1398 4409 1445 4454 l’e·

215 4486 276 4523 trun
289 4478 318 4521 de
328 4479 405 4529 Alva,
417 4476 657 4530 1516-1528ς6ιεραῐ
669 4477 699 4521 de
713 4477 822 4530 Aunios,
836 4476 964 4520 1529-15t5.

260 4549 273 4579 ¹
301 4548 329 4594 Β.
339 4548 435 4601 Joanne
445 4550 477 4592 de
489 4547 578 4592 Avila.

259 4622 271 4653 ³
298 4621 429 4676 Ingressus
438 4622 545 4665 tandem
556 4621 577 4664 is
590 4619 637 4664 fult
648 4619 813 4663 Societatem.
827 4617 997 4669 Smrrvauez,
1008 4622 1027 4664 1.
1038 4632 1067 4674 c..
1079 4623 1123 4665 lib.
1135 4632 1152 4676 t,
1163 4633 1220 4677 cap.
1232 4622 1266 4668 2³.

259 4694 273 4725 ⁰
299 4692 586 4748 GaspansdeLoarte.

361 4783 389 4840 Τ
415 4802 457 4838 m.
1279 4802 1309 4857 ¹9
