3210 5392
178 447 233 508 282
563 447 734 506 erreaae
753 461 1024 515 ouanarunsrass

180 595 387 658 adolescens
406 593 548 673 quidam
569 611 766 673 generosus
788 594 863 673 qui,
888 591 1168 673 primogenitura
1191 585 1416 669 posthabi

181 717 404 779 summopere
423 700 541 776 instat,
564 717 629 762 nec
650 700 814 774 cessabit,
836 700 954 778 credo,
976 699 1088 761 donec
1108 699 1271 776 impetret
1292 706 1331 758 vt
1369 710 1416 752 .-

182 807 353 870 mittatur.
369 804 494 868 Annos
505 815 610 869 natus
621 807 813 882 sexdecim,
827 816 886 869 aut
903 806 948 868 ad
959 822 1134 867 summum
1145 797 1416 883 septemdeci

182 931 261 976 eum
277 912 372 975 vitae
387 928 472 974 suae
487 913 632 975 modum
647 913 781 989 statuit,
794 923 833 976 vt
845 914 881 976 in
896 911 1072 976 Societate
1086 910 1222 973 vixisse
1235 910 1392 972 videat:

183 1020 283 1082 vouit
298 1019 511 1089 castitatem,
526 1019 656 1081 nullius
672 1020 717 1082 ad
730 1037 809 1081 eam
824 1037 900 1082 rem
915 1035 1023 1082 suasu
1039 1027 1249 1081 commotus.

241 1125 304 1189 Est
317 1134 350 1188 et
365 1124 472 1203 aliud,
486 1123 591 1206 quod,
609 1143 690 1189 cum
704 1127 843 1206 publice
858 1126 901 1189 de
914 1126 1031 1206 aliquo
1043 1123 1253 1188 sumendum
1265 1132 1322 1185 est
1333 1136 1416 1183 5-1

183 1232 339 1313 plicium,
355 1231 573 1295 accersimur
587 1241 627 1295 vt
646 1232 744 1295 illum
766 1231 1009 1311 confiteamur,
1029 1240 1064 1294 et
1078 1230 1263 1308 morituro,
1286 1230 1323 1291 in
1344 1222 1416 1291 [I

183 1339 279 1401 mino
294 1337 450 1401 feramus
469 1355 583 1417 opem.
607 1338 709 1401 Hanc
727 1339 888 1402 eamdem
913 1354 1059 1418 operam
1083 1337 1162 1400 aliis
1186 1336 1298 1399 etiarn
1321 1330 1416 1398 sol

183 1462 306 1508 sumus
325 1444 538 1523 impendere,
562 1462 796 1526 curamusque
817 1455 855 1508 vt
877 1446 937 1526 qui
957 1445 1086 1509 adsunt
1100 1443 1253 1524 spiritali
1268 1460 1340 1523 qua
1354 1452 1416 1500 v

186 1554 256 1615 lent
272 1552 485 1614 eleemosina
510 1552 669 1630 grauiter
689 1553 724 1615 in
751 1554 842 1615 lecto
867 1552 1135 1616 decumbentem
1156 1559 1190 1614 et
1215 1550 1288 1612 iam
1312 1560 1416 1612 mos

185 1659 386 1739 proximum
402 1658 581 1737 adiuuent,
594 1658 688 1738 quod
699 1660 750 1722 eis
762 1659 865 1724 l'acile
875 1659 1110 1739 persuadetur
1121 1675 1203 1721 cum
1214 1657 1416 1735 intelligar:

185 1774 284 1829 tanto
310 1766 575 1845 eleemosinam,
601 1766 795 1830 exhibitam
820 1766 977 1844 animae,
1005 1765 1148 1846 corpori
1177 1765 1416 1828 eleemosina·

185 1881 381 1953 praestare,
395 1881 526 1951 quanto
539 1872 677 1935 animus
688 1873 764 1953 ipse
772 1890 923 1954 corpore
935 1872 1163 1936 excellentior
1174 1880 1240 1935 est.
1256 1869 1317 1934 Sic
1328 1871 1416 1933 aliu&

185 1979 352 2060 proponit
366 1995 405 2041 se
420 1979 465 2041 ad
480 1980 763 2043 communionem
777 1997 1017 2058 accessurum,
1036 1980 1126 2043 alius
1144 1979 1226 2056 tria,
1250 1985 1404 2057 quatuor,

186 2086 362 2149 interdum
381 2102 447 2148 sex
466 2095 500 2149 et
521 2086 673 2166 amplius
691 2086 867 2150 sacrificia
886 2098 924 2149 ut
942 2085 1028 2150 fiant
1047 2095 1254 2149 curaturum
1276 2085 1412 2160 dicitur,

187 2193 278 2255 alius
293 2192 359 2255 sibi
374 2192 481 2255 sumit
495 2193 569 2255 dies
585 2194 726 2256 veneris
741 2193 848 2257 totius
863 2194 946 2256 anni
971 2192 1192 2266 ieiunandos,
1209 2191 1303 2254 alius
1318 2190 1411 2271 quid·

190 2297 273 2379 quid
288 2298 372 2361 boni
386 2315 427 2361 eo
441 2315 562 2362 mense
577 2298 699 2363 fecerit
719 2299 924 2379 (auxiliante
944 2299 1113 2377 Domino)
1133 2299 1285 2362 libenter
1305 2296 1416 2360 offert.

190 2404 264 2467 Hos
280 2404 510 2468 admonemus
526 2406 675 2484 (nequis
694 2406 810 2469 inanis
823 2407 959 2486 gloriae
981 2406 1085 2469 flatus
1105 2405 1274 2484 subrepat
1295 2421 1416 2467 eorum

189 2511 329 2586 animis)
345 2528 384 2573 se
399 2528 421 2573 a
436 2510 589 2575 Domino
604 2512 811 2576 beneficium
831 2513 993 2593 accipere
1012 2530 1085 2575 non
1104 2511 1416 2588 contemnendum,

188 2634 269 2681 cum
284 2617 319 2681 id
335 2617 496 2696 offerunt,
513 2629 716 2699 quantoque
731 2620 845 2682 maius
860 2636 966 2700 quam
982 2619 1041 2682 cui
1055 2618 1211 2682 offertur.

246 2723 301 2788 De
316 2725 478 2788 doctrina
503 2726 698 2789 christiana
723 2727 775 2789 sic
800 2744 838 2790 se
853 2744 910 2789 res
926 2727 1047 2789 habet:
1068 2725 1144 2788 dies
1159 2725 1321 2804 veneriS,
1345 2734 1416 2788 tum

186 2831 293 2895 etiam
307 2832 485 2909 dominici,
502 2832 587 2895 dicti
602 2844 683 2896 sunt
698 2832 930 2913 explicandae
945 2833 1126 2896 doctrinae
1136 2881 1144 2912 ,
1155 2850 1264 2913 quam
1277 2833 1416 2912 plurimi

187 2937 340 3000 audituri
356 2939 581 3001 conueniunt.
609 2939 663 3002 Ex
685 2939 885 3003 huiusmodi
913 2939 1153 3017 concionibus,
1175 2949 1320 3018 praeter
1338 2937 1416 3001 alia

189 3045 314 3107 mirum
331 3063 437 3124 quam
451 3062 489 3108 se
505 3046 605 3108 multi
620 3047 810 3109 animarint
826 3045 871 3108 ad
886 3045 1118 3110 Beatissimae
1138 3044 1303 3124 Virginis
1324 3063 1416 3109 rosa

187 3151 278 3214 rium
294 3151 399 3231 (quod
414 3152 546 3227 dicunt)
563 3152 795 3231 recitandum,
812 3153 905 3233 quod
917 3153 1173 3216 studiosissime
1193 3154 1416 3217 commendat

189 3258 230 3337 is,
246 3259 306 3336 qui
322 3259 446 3321 solitus
461 3269 514 3321 est
529 3258 647 3322 facere
663 3259 873 3322 doctrinam.

249 3363 425 3427 Prouehat
440 3365 601 3429 Christus
616 3365 719 3447 Jesus
737 3366 774 3429 in
789 3366 913 3428 melius
929 3383 1067 3446 semper
1087 3367 1175 3429 baec
1198 3367 1322 3429 omnia
1341 3368 1416 3448 piis·

189 3470 278 3534 sima
295 3488 359 3533 sua
375 3472 631 3549 misericordia,
647 3482 687 3534 vt
704 3488 868 3535 unacum
888 3472 1000 3535 literis
1019 3489 1126 3535 uerae
1145 3471 1288 3551 pietatis
1303 3474 1416 3538 studia

194 3580 410 3640 coalescant.

251 3682 447 3760 Cordubae,
465 3685 515 3746 4.⁰
530 3683 651 3746 Nonas
666 3684 834 3746 Februar.
852 3685 959 3747 Anno
979 3685 1065 3746 1555.

914 3897 980 3960 Del
996 3898 1060 3961 M.⁰
1074 3897 1260 3961 Acauauo.

256 4218 524 4297 Superscrt'ptt'o
551 4218 588 4279 in
614 4224 745 4297 quarta
767 4219 923 4298 pagina:
949 4167 1033 4282 lislS.
1060 4218 1265 4282 Admodum
1289 4219 1416 4286 Rari:

194 4322 300 4387 Chro.
330 4323 368 4387 Ρ.
401 4323 573 4404 Magistro
603 4324 762 4403 ignatio,
792 4325 999 4405 Praeposito
1034 4324 1201 4390 Generali
1233 4324 1416 4392 Societati:

194 4428 284 4511 jhs,
301 4428 445 4493 Romae.

257 4535 340 4598 ,llio
353 4554 476 4600 manu.
496 4538 581 4600 tab.
601 4536 777 4601 Corduba.
795 4538 1061 4617 Quadrimestre
1075 4539 1095 4600 ‘2
1110 4537 1309 4603 Februarii.
