3210 5392
556 424 620 482 An.
642 423 712 482 1555
1191 425 1245 483 409

88 576 218 632 iturum
233 584 312 631 cum
328 585 460 647 magno
475 569 615 632 feruore
630 585 673 631 ac
689 569 831 632 uirtutis
842 579 877 632 et
887 570 1056 633 bonitatis
1067 570 1241 649 exemplo;

88 676 165 738 ideo
179 675 354 738 Dominae
370 676 480 754 ipsius
500 677 602 739 aulae
617 675 738 756 regiae
758 676 1030 756 abnegationem
1045 685 1079 739 et
1104 677 1242 754 altiora,

89 799 125 844 ae
139 782 282 845 virtutis
297 799 429 856 amore,
448 784 680 857 aemulantur,
697 792 735 845 ut
751 800 820 846 non
841 799 979 862 paucae
999 784 1090 846 inter
1105 801 1143 847 se
1158 801 1240 847 con·

89 889 179 951 erint
194 898 232 951 ut
249 887 376 968 (quoad
393 889 479 968 ipsis
494 890 538 951 ab
564 890 635 950 alto
650 888 773 951 datum
793 889 838 951 sit
859 898 897 952 ut
917 890 1087 953 mundum
1107 891 1243 970 possint

89 1012 216 1075 nquere
229 1005 264 1058 et
279 995 486 1074 religionem
502 995 664 1075 ingredi),
678 995 795 1075 quoad
806 996 953 1075 possint,
970 996 1157 1074 religiosos
1169 997 1243 1060 imi·

89 1119 149 1178 :ur;
166 1109 270 1182 atque
292 1102 341 1164 ita
362 1102 398 1164 in
417 1112 593 1166 secretum
619 1101 806 1183 quemdam
827 1103 953 1178 locum,
971 1102 1110 1182 quoties
1129 1103 1180 1166 eis
1195 1103 1244 1166 ui·

89 1226 132 1283 rr,
154 1225 233 1271 sese
248 1208 476 1288 recipientes,
503 1209 587 1271 inibi
611 1226 716 1271 unam
736 1209 893 1288 ipsarum
913 1218 1007 1271 sorte
1033 1209 1069 1272 in
1089 1209 1244 1289 superio.-

89 1316 252 1393 teligunt,
278 1316 335 1378 cui
351 1333 414 1395 per
430 1333 536 1378 unam
553 1315 810 1379 hebdomadam
830 1333 951 1378 omnes
967 1316 1145 1379 humiliter
1165 1317 1242 1380 obe·

89 1432 126 1498 rt,
145 1423 281 1503 ipsique
296 1423 473 1502 superiori
485 1440 606 1486 omues
620 1440 704 1486 suas
716 1425 850 1502 culpaS,
868 1424 923 1485 uel
939 1423 974 1485 in
986 1422 1174 1503 loquendo,
1187 1425 1243 1486 uel

89 1529 262 1604 ecitando,
278 1539 339 1592 aut
355 1529 443 1592 alias
458 1529 682 1604 confitentur,
699 1531 743 1592 ab
758 1547 869 1610 eaque
884 1540 1047 1610 receptas
1064 1531 1241 1610 poeniten·

102 1652 225 1698 coram
240 1636 319 1698 aliis
334 1635 511 1698 humiliter
526 1646 766 1716 peragunt;ac
778 1638 884 1699 etiam
901 1653 981 1699 cum
997 1637 1048 1699 eis
1059 1646 1113 1699 est
1125 1644 1244 1699 actum

89 1743 235 1805 lominae
250 1742 392 1806 famulis
407 1744 480 1805 suis
496 1743 672 1823 aliquibus
688 1742 917 1806 hebdomadis
933 1743 1114 1807 obediant:
1137 1743 1242 1822 parti·

89 1850 185 1911 triter
200 1859 319 1911 autem
334 1858 478 1928 possent
494 1849 563 1912 dici
578 1851 700 1928 multa,
717 1867 785 1930 quo
800 1849 938 1912 facilius
953 1859 1072 1928 posset
1094 1849 1243 1929 intelligi

89 1971 169 2034 mus
183 1955 365 2035 profectus
380 1973 502 2018 earum
518 1957 553 2017 in
568 1955 634 2018 Dei
650 1956 806 2033 seruitio;
824 1955 886 2018 sed
901 1974 992 2036 quae
1007 1965 1158 2034 secreto,
1177 1955 1241 2018 sci·

89 2071 102 2123 t
118 2062 152 2124 in
167 2062 461 2140 confessionibus,
478 2062 679 2142 audiuntur,
694 2062 740 2125 ad
752 2064 931 2142 publicam
946 2081 1017 2126 non
1033 2062 1244 2143 perueniunt

89 2169 192 2247 itiam,
210 2170 365 2232 maxime
380 2187 461 2233 cum
476 2187 497 2231 a
511 2170 673 2249 personis
688 2170 944 2249 principalibus
959 2169 1160 2233 audiuntur.

90 2275 329 2339 Confessiones
349 2278 536 2356 generales
561 2295 631 2340 non
655 2278 782 2340 desunt
801 2277 911 2341 ferme
936 2277 1086 2357 singulis
1109 2277 1243 2356 diebus,

90 2401 126 2446 m
141 2385 353 2463 aliquorum,
370 2384 527 2463 quicum
547 2385 636 2446 alias
654 2384 858 2464 frequenter
878 2383 1089 2448 accederent
1108 2383 1154 2447 ad
1175 2383 1244 2447 hoc

90 2500 299 2567 ramentum,
318 2500 377 2552 aut
397 2490 610 2554 uerecundia
632 2503 693 2554 aut
716 2491 852 2554 incuria
872 2491 1084 2554 confessarii
1105 2491 1141 2554 in
1167 2507 1242 2570 per-

90 2596 202 2674 reudo,
218 2614 282 2677 per
297 2599 425 2660 multos
447 2615 560 2660 annos
580 2598 616 2660 in
638 2598 778 2660 mortali
798 2608 946 2678 peccato
966 2597 1142 2661 uixerunt.
1167 2596 1245 2661 Plu-

98 2702 188 2766 docti
203 2715 237 2766 et
252 2704 467 2784 principales
485 2705 589 2767 huius
610 2705 730 2766 curiae
752 2714 858 2783 atque
878 2707 999 2784 plures
1018 2704 1169 2767 ministri
1190 2721 1244 2767 su·

90 2826 142 2872 nes
157 2812 283 2873 domus
299 2811 419 2890 regiae
438 2811 496 2890 pio
513 2829 554 2872 ac
570 2811 699 2873 deuoto
714 2811 832 2873 animo
855 2810 949 2890 apud
969 2829 1034 2873 nos
1055 2811 1244 2874 confessio·

100 2925 287 2993 sectantur,
305 2918 464 2996 adeoque
479 2917 667 2979 innotescit
687 2917 722 2978 in
744 2917 820 2979 dies
835 2916 971 2981 fructus
987 2916 1243 2997 proficientium

90 3025 243 3102 sequenti
259 3021 571 3086 Sacramentorum
596 3040 674 3100 vsu,
697 3034 734 3085 ut
753 3024 859 3086 etiam
875 3035 976 3086 extra
997 3023 1167 3103 oppidum
1186 3023 1241 3087 de·

93 3139 152 3202 tes,
180 3148 225 3192 ex
247 3130 398 3192 diuersis
424 3130 594 3209 partibus,
617 3130 745 3208 pluuiis
769 3139 804 3192 et
822 3130 900 3192 aliis
916 3128 1147 3193 incommodis
1172 3148 1244 3193 non

90 3237 248 3310 lantibus,
268 3236 313 3298 ad
327 3253 393 3298 nos
411 3237 566 3298 ueniant.
584 3236 621 3299 ln
638 3236 705 3299 hoc
721 3236 872 3298 iubilaeo
889 3236 1081 3299 novissime
1100 3253 1243 3300 conces·

90 3351 108 3403 et
120 3343 154 3404 iu
169 3343 455 3423 quadragesima,
470 3353 590 3406 tantus
604 3342 668 3405 fuit
681 3359 877 3405 concursus
890 3343 1107 3407 venientium
1122 3343 1168 3406 ad
1179 3361 1246 3407 nos

91 3449 316 3512 :onfitendum
331 3460 478 3529 peccata
503 3467 579 3525 sua,
597 3459 633 3511 ut
648 3450 809 3528 patribus
824 3450 859 3511 in
883 3450 951 3512 hac
968 3448 1073 3512 domo
1088 3451 1244 3530 degenti·

99 3574 167 3619 non
181 3556 331 3619 defuerit
348 3556 511 3618 assiduus
523 3557 621 3618 labor
634 3575 654 3618 a
668 3573 804 3619 summo
818 3574 920 3619 mane
932 3574 1044 3637 usque
1057 3558 1102 3621 ad
1114 3558 1245 3621 bonam

91 3674 154 3726 tem
183 3663 299 3726 noctis
324 3673 503 3739 exactam,
528 3680 592 3725 nec
617 3675 737 3726 tamen
762 3664 922 3726 omnibus
951 3664 1159 3728 satisfacere
1186 3683 1245 3745 po—

91 3778 143 3832 lut.

91 3875 164 3939 fres
183 3877 240 3939 uel
260 3886 428 3956 quatuor,
451 3894 471 3938 a
492 3876 604 3939 literis
623 3895 693 3939 non
717 3877 964 3952 abhorrentes,
983 3878 1028 3941 ad
1048 3877 1242 3956 ingredien-

91 3999 103 4044 r
116 3994 276 4046 nostram
303 3980 517 4047 Societatem
539 4001 609 4045 non
625 3984 763 4046 modica
776 3982 964 4046 deuotione
979 4001 1017 4046 se
1030 3982 1177 4047 affectos
1192 4001 1245 4045 os·

91 4088 337 4170 lunt;quorum
348 4089 490 4170 quidam
499 4098 552 4151 est
563 4091 750 4170 theologus
761 4106 883 4152 curam
891 4107 1020 4170 gerens
1032 4091 1241 4153 animarum:

96 4196 171 4260 fecit
188 4197 372 4274 exercitia,
390 4209 520 4258 etcum
544 4198 632 4258 alias
652 4198 770 4259 multis
792 4197 895 4260 annis
911 4198 1067 4260 studiose
1082 4197 1242 4276 uixisset,

92 4301 201 4367 lessus
217 4313 271 4366 est
286 4320 324 4365 se
341 4320 451 4382 usque
467 4303 511 4365 ad
528 4302 613 4365 illud
629 4313 777 4382 tempus,
795 4321 863 4383 quo
884 4303 966 4366 fecit
988 4304 1170 4380 exercitia,
1188 4321 1244 4368 ue·

91 4411 208 4474 tuiam
222 4408 301 4473 Deo
316 4408 494 4473 seruiendi
510 4410 707 4488 ignorasse.

91 4511 332 4580 Restitutlones
346 4519 466 4595 plures
481 4515 579 4594 fiunt,
596 4526 630 4579 et
651 4516 742 4578 inter
758 4516 846 4579 alias
861 4516 1005 4596 quidam
1022 4517 1126 4581 Pater
1142 4519 1246 4581 huius

91 4635 148 4685 tus
163 4622 347 4686 cuiusdam
363 4622 620 4686 confessionem
637 4621 785 4701 audiuit,
808 4625 868 4705 qui
887 4624 990 4688 simul
1012 4642 1092 4688 cum
1112 4626 1181 4688 alio
1196 4625 1247 4688 fu·

1289 4938 1450 5078 fl
