3210 5392
232 432 269 490 lo
621 431 1078 500 er‘l‘uaauouaomussrnss

235 585 416 655 poueretta
431 577 543 641 hebbe
557 586 656 640 tanta
671 594 795 656 paura,
812 576 953 657 quando
969 576 1030 639 udi
1045 576 1100 638 ch’
1114 576 1148 639 io
1156 592 1228 638 non
1240 592 1302 638 era
1312 592 1376 656 per
1387 576 1468 638 dar·

230 686 283 763 gli
299 686 320 748 l’
337 686 557 748 absolutione
578 702 616 747 se
638 702 709 748 non
728 685 865 747 facesse
884 684 998 764 prima
1018 684 1068 746 tal
1088 683 1327 761 restitutione,
1350 683 1416 746 che
1436 684 1468 745 si

234 792 379 857 offeriua
395 793 502 855 etiam
516 809 538 855 a
553 791 736 855 confessas
750 793 818 855 ella
832 792 959 855 istessa
975 792 999 853 il
1014 808 1078 855 suo
1093 801 1241 871 peccato
1254 791 1323 852 3113
1337 789 1467 869 padro-

234 916 291 979 na,
308 899 450 980 quando
466 900 499 962 io
514 899 715 979 giudicasse
735 916 833 962 esser
851 899 907 963 cio
926 899 1131 962 necessaria
1152 914 1237 961 cosa
1252 914 1315 977 per
1332 898 1367 959 13
1388 913 1467 976 per·

232 1005 320 1069 tetta
333 1007 567 1070 restitutione.
583 1006 610 1069 Il
625 1007 691 1070 che
705 1023 777 1069 non
792 1006 823 1068 si
837 1010 856 1068 e
871 1004 961 1068 fatto
978 1021 1041 1085 per
1056 1004 1200 1067 schiuar
1220 1003 1404 1066 scandalo.

294 1111 435 1190 Quanto
450 1113 507 1176 all'
525 1114 613 1176 altre
626 1112 841 1176 confessioni
852 1112 885 1175 d’
900 1112 985 1190 ogni
996 1120 1092 1174 sorte
1103 1120 1138 1173 et
1153 1119 1282 1190 tempo,
1296 1109 1332 1173 di
1343 1117 1467 1189 queste

233 1218 526 1298 principalmente
542 1219 589 1281 mi
603 1224 622 1282 e
637 1235 744 1298 parso
759 1219 824 1282 dar
840 1219 952 1296 auiso,
970 1218 1047 1281 cioe
1063 1217 1128 1280 che
1144 1217 1242 1280 molti
1257 1216 1417 1280 huomini
1431 1224 1468 1279 01

235 1325 350 1388 (10000
365 1342 531 1404 vengono
552 1344 573 1388 a
592 1325 810 1404 consessarsi
823 1325 869 1388 da
889 1325 949 1387 noi
971 1334 1005 1387 et
1027 1324 1313 1387 communicarsi.
1335 1321 1468 1386 Alcuni

229 1432 315 1510 ogni
335 1449 444 1495 anno:
468 1433 585 1495 alcuni
605 1433 689 1512 ogni
710 1431 731 1492 4
751 1432 854 1508 mesi,
875 1431 944 1494 due
963 1431 1071 1508 mesi,
1094 1441 1128 1492 et
1148 1430 1229 1492 altri
1250 1430 1335 1509 ogni
1357 1446 1465 1493 mese:

233 1539 350 1602 alcuni
366 1556 500 1602 ancora
515 1538 599 1618 ogni
614 1539 805 1601 settimana
825 1546 859 1600 et
877 1537 986 1611 festa;
1012 1544 1046 1600 et
1067 1535 1122 1599 fra
1141 1536 1221 1599 tutti
1243 1537 1356 1615 questi
1376 1552 1465 1600 sono

230 1646 349 1708 alcuni
364 1644 445 1709 delli
461 1647 638 1725 maggiori
652 1656 687 1708 et
705 1647 766 1725 piu
785 1645 904 1708 nobili.
928 1643 1023 1708 Sono
1045 1645 1152 1707 ctiam
1169 1646 1294 1706 alcune
1311 1661 1463 1724 persone

231 1752 299 1814 che
314 1753 344 1814 si
360 1768 447 1815 sono
462 1751 662 1816 confessate
677 1753 942 1831 generalmente
957 1761 993 1814 et
1013 1768 1084 1814 000
1104 1768 1211 1813 senza
1226 1750 1364 1829 grande
1382 1749 1466 1813 effu·

232 1859 332 1921 sione
347 1859 384 1922 di
397 1859 559 1939 lagrime.

291 1964 391 2028 Hora
405 1982 523 2042 vengo
539 1985 559 2029 a
574 1965 629 2028 dir
644 1974 778 2047 quanto
792 1966 840 2029 mi
855 1965 885 2029 si
896 1949 1061 2029 'offerisce
1076 1964 1157 2028 delli
1172 1964 1312 2027 scolari.
1334 1963 1380 2026 Et
1395 1965 1466 2044 pri·

232 2089 303 2151 ma,
321 2072 388 2135 due
403 2073 549 2152 giouani
563 2073 738 2152 ingeniosi
753 2091 840 2137 sono
852 2073 974 2137 intrati
988 2073 1081 2135 nella
1095 2071 1282 2150 Religione
1294 2071 1467 2135 ambedue

230 2179 324 2242 della
338 2180 453 2259 prima
468 2181 593 2243 classe.
609 2178 649 2244 L'
663 2198 711 2243 un
725 2179 779 2243 de’
794 2181 890 2259 quali
905 2179 971 2242 che
986 2196 1057 2242 non
1077 2181 1273 2242 solamente
1294 2178 1337 2241 de
1356 2180 1466 2242 letere

233 2286 386 2349 humane
401 2304 463 2350 era
478 2287 573 2351 assai
587 2287 675 2350 bene
690 2288 867 2364 instrutt0,
891 2304 946 2349 ma
968 2303 1101 2349 ancora
1118 2285 1161 2347 de
1180 2285 1288 2348 buoni
1314 2287 1467 2349 costumi

231 2409 294 2454 era
309 2402 408 2455 tanto
422 2393 512 2456 bene
527 2393 712 2472 adornato,
729 2394 795 2456 che
810 2394 842 2456 d'
859 2396 991 2472 ognun'
1009 2410 1071 2455 era
1086 2392 1255 2454 remirato
1268 2401 1302 2454 et
1313 2391 1464 2455 honora·

232 2511 280 2577 10,
298 2510 332 2561 01
346 2516 419 2562 003
431 2501 624 2563 solamente
640 2501 724 2563 dalli
743 2501 933 2579 compagni
953 2500 988 2563 di
1003 2501 1100 2562 scola
1120 2516 1178 2562 ma
1200 2516 1310 2561 ancor
1334 2499 1380 2561 da
1399 2516 1465 2562 sua

233 2604 355 2669 madre
370 2616 405 2669 et
420 2624 512 2669 noue
527 2608 605 2670 suoi
618 2607 758 2670 fratelli:
775 2608 809 2670 di
825 2608 930 2670 modo
946 2607 1016 2670 tale
1032 2608 1097 2670 che
1109 2624 1180 2669 non
1192 2608 1268 2668 solo
1285 2608 1306 2668 l’
1324 2607 1465 2670 hauean

231 2711 321 2776 13110
335 2713 563 2792 gouernator’
578 2714 667 2778 delle
682 2731 765 2778 cose
779 2714 973 2777 domestice
988 2713 1043 2792 (de
1058 2717 1119 2794 qul
1134 2724 1232 2776 certa
1243 2712 1290 2776 V.
1302 2711 1345 2776 R.
1359 2718 1464 2792 potrd
1578 2779 1582 2795 ,

234 2819 342 2882 veder
356 2822 390 2883 la
414 2819 595 2900 prudenza
615 2821 652 2884 di
670 2831 794 2902 questo
815 2821 982 2900 giouane)
1006 2838 1064 2883 ma
1081 2838 1214 2883 ancora
1236 2821 1316 2884 tutti
1338 2821 1363 2882 li
1384 2822 1464 2883 suoi

229 2926 370 3007 fratelli,
393 2929 501 2990 etiam
521 2929 627 3008 quelli
646 2929 702 2991 ch'
730 2946 840 2992 erano
858 2928 894 2992 di
914 2928 974 3008 piu
994 2927 1103 2991 eradi
1126 2929 1186 3006 lui,
1204 2945 1274 2990 non
1295 2927 1460 2991 hauendo

230 3032 352 3111 padre,
370 3035 657 3098 continuamente
671 3035 705 3098 10
721 3023 957 3099 chiamauano
974 3036 1050 3098 loro
1066 3033 1189 3115 padre.

289 3139 356 3203 Un'
371 3142 462 3204 altro
478 3142 544 3205 che
559 3142 770 3206 similmente
790 3148 809 3205 e
828 3142 961 3204 intrato
981 3141 1017 3205 in
1036 3142 1220 3220 religione,
1244 3159 1307 3205 era
1327 3142 1464 3205 minore

229 3246 267 3307 di
282 3248 395 3310 costui
411 3248 446 3311 di
466 3253 535 3326 eta,
556 3266 615 3312 ma
635 3247 729 3312 forse
744 3265 815 3312 non
834 3249 870 3312 di
889 3265 1017 3312 manco
1040 3249 1212 3328 ingegno,
1235 3250 1332 3328 pieta
1351 3259 1385 3315 et
1408 3266 1464 3311 sa·

231 3353 367 3431 pienza.
384 3354 441 3418 Un
455 3356 546 3417 altro
561 3355 597 3417 vi
612 3361 632 3418 e
647 3355 739 3418 della
753 3354 933 3419 medesma
953 3357 1067 3436 prima
1083 3358 1214 3429 classe,
1237 3358 1295 3418 nel
1314 3357 1417 3434 quale
1433 3357 1465 3418 si

231 3457 321 3521 rede
346 3470 564 3525 certamente
588 3470 727 3525 maturo
752 3460 908 3541 giudicio
933 3472 969 3524 et
989 3467 1060 3541 eta,
1081 3471 1115 3525 et
1141 3479 1232 3525 anco
1254 3461 1463 3526 sufficiente·

228 3575 348 3629 mente
369 3568 536 3631 instrutto
555 3571 645 3632 nelle
661 3572 769 3632 letere
788 3569 908 3648 latine,
925 3571 1034 3633 molto
1055 3579 1173 3649 tempo
1195 3575 1214 3632 e
1237 3569 1302 3632 che
1317 3570 1363 3632 ha
1379 3568 1462 3632 deli·

231 3673 355 3736 berato
377 3674 448 3753 egli
471 3692 583 3738 ancor
606 3676 721 3738 intrat
745 3676 782 3740 in
807 3676 990 3756 religione.
1018 3675 1057 3739 10
1084 3677 1165 3739 tutti
1181 3676 1204 3739 11
1225 3676 1306 3739 31111
1331 3676 1463 3739 scolari

230 3779 349 3858 <pochi
370 3780 658 3861 escettuandone)
680 3782 845 3846 vediamo
864 3783 1058 3847 bonissima
1078 3783 1195 3846 indole
1220 3793 1255 3846 et
1274 3800 1460 3863 speranza:

229 3902 266 3950 01
281 3897 337 3951 113
349 3888 455 3968 quelli
470 3886 562 3951 della
577 3889 692 3969 prima
706 3891 820 3953 classe
835 3895 855 3952 e
871 3907 918 3953 vn
933 3898 1034 3970 putto
1049 3890 1086 3953 di
1105 3889 1245 3953 lietiss.⁰
1266 3898 1405 3970 aspetto
1427 3891 1463 3952 la

229 3994 433 4073 grandezza
459 3994 549 4058 della
572 3995 743 4059 memoria
768 4005 803 4059 et
829 3996 986 4076 ingegno
1015 3996 1071 4059 del
1096 3997 1201 4076 quale
1230 4000 1250 4057 e
1278 4004 1378 4059 13013
1402 3996 1460 4060 ch'

230 4119 369 4165 auanza
384 4102 477 4180 tutti,
495 4107 562 4165 ete
584 4101 621 4165 di
638 4102 834 4182 grandiss.⁸
855 4103 1091 4167 admiratione
1111 4103 1230 4183 percio
1246 4119 1353 4183 sopra
1379 4105 1462 4167 tutti

228 4208 357 4288 degno.
374 4207 489 4272 Tanto
505 4208 542 4272 in
557 4209 718 4273 absentia
733 4220 866 4291 quanto
881 4211 916 4273 in
932 4227 1104 4290 presenza
1120 4210 1201 4274 delli
1222 4210 1370 4274 Maestri
1383 4211 1462 4273 1010

229 4315 326 4379 assai
346 4316 625 4380 modestamente
644 4325 679 4379 et
699 4316 995 4380 riuerentemente
1011 4318 1092 4381 tutti
1107 4318 1132 4380 li
1153 4317 1284 4381 scolari
1298 4319 1329 4381 si
1344 4317 1464 4397 dipor·

228 4432 326 4486 tano:
343 4433 377 4486 et
392 4423 428 4486 in
443 4432 532 4487 tutte
546 4423 578 4486 le
593 4440 676 4486 cose
687 4423 817 4504 palono
832 4423 1055 4502 morigerati:
1073 4425 1159 4504 ogni
1182 4424 1310 4503 giorno
1326 4424 1347 4486 l’
1363 4423 1463 4488 udite

230 4529 374 4594 lectioni
388 4530 459 4593 duo
476 4547 497 4593 o
512 4539 566 4594 tre
588 4530 683 4593 volte
702 4529 1094 4608 diligentissimamente
1111 4531 1315 4594 ruminano:
1338 4538 1373 4593 et
1393 4548 1463 4594 000

227 4638 278 4699 131
293 4637 530 4701 ruminatione
544 4636 652 4701 fanno
667 4652 738 4699 non
752 4653 842 4717 poco
857 4635 977 4701 srutt0.
995 4638 1074 4701 Due
1096 4639 1191 4701 volte
1213 4638 1247 4701 la
1269 4638 1462 4701 settimana
