3210 5392
199 424 256 484 770
274 421 276 426 ’
588 425 761 484 errnnan
775 438 1048 492 Quaoaruusrxns

201 570 304 633 multi
325 568 392 632 uiri
414 569 561 646 nobileS,
584 569 684 632 multi
704 569 812 631 etiam
834 568 996 631 homines
1016 567 1211 630 doctissimi
1233 567 1423 642 adsuerunt,

201 677 292 739 inter
307 693 396 755 quos
416 677 565 738 aderant
587 675 760 754 Principis
779 675 980 738 Cardinalis
1000 672 1203 752 Senatores,
1221 691 1311 753 quos
1324 675 1425 752 vulgo

200 782 546 860 desembrogodores
564 780 645 858 (sic)
667 783 858 861 appellant,
885 781 915 843 is
936 782 1042 843 etiam
1063 781 1121 860 qui
1141 780 1326 843 Cardinali
1347 797 1424 843 ase·

201 889 308 952 cretis
323 900 387 965 est,
404 905 507 969 quem
523 888 759 950 secretarium
782 888 942 962 dicimus,
960 887 1015 949 uir
1029 889 1217 967 praeclara
1233 888 1421 950 eruditione

201 1003 306 1075 atque
323 995 483 1057 doctrina
499 995 673 1067 excultus
696 995 755 1073 qui
770 1011 812 1056 eo
833 993 979 1056 consilio
994 993 1170 1064 veniebat.
1194 1006 1235 1056 vt
1250 995 1345 1057 illius
1362 993 1422 1056 diei

200 1101 440 1164 celebritatem
454 1111 489 1164 et
504 1101 579 1180 ipse
594 1117 762 1182 praesens
777 1099 914 1163 videret
928 1111 963 1163 et
982 1099 1137 1180 Principi
1156 1100 1351 1178 Cardinali,
1371 1103 1423 1180 qui

200 1208 403 1271 valetudine
418 1208 608 1288 impeditus
622 1208 745 1271 venire
760 1225 830 1270 non
847 1208 972 1287 potuit,
989 1216 1195 1286 exponeret.
1217 1207 1309 1271 Cum
1322 1208 1424 1288 igitur

200 1328 351 1393 magnus
365 1323 458 1377 esset
478 1323 673 1377 conuentus
691 1324 725 1377 et
748 1316 1013 1394 praeclarorum
1028 1314 1185 1377 uirorum
1211 1326 1347 1391 coetus,
1370 1315 1423 1377 ha-

198 1421 273 1484 blta
288 1431 342 1484 est
357 1421 471 1484 oratio
487 1440 507 1483 a
522 1421 632 1484 fratre
648 1422 812 1502 quodam,
830 1421 888 1501 qui
900 1420 1114 1484 Franciscus
1125 1421 1256 1484 dicitur
1270 1421 1422 1495 Moralis,

198 1543 290 1607 quae
310 1529 474 1590 omnibus
492 1527 720 1591 vehementer
743 1529 886 1607 placuit;
908 1527 1093 1590 eratenim
1112 1529 1232 1590 multis
1251 1538 1286 1590 et
1306 1529 1426 1592 verbo·

198 1648 278 1696 rum
292 1643 326 1696 et
342 1634 594 1697 sententiarum
607 1634 797 1696 luminibus
809 1634 975 1697 distincta
987 1643 1022 1697 et
1032 1633 1188 1713 copiosa,
1202 1652 1296 1714 quae
1312 1636 1424 1698 omnia

198 1741 307 1803 multo
322 1741 459 1802 maiora
474 1739 590 1802 effecit
607 1741 782 1820 quaedam
797 1741 948 1803 actiou1s
962 1750 1144 1804 uenustas:
1166 1741 1201 1803 in
1218 1759 1260 1803 ea
1277 1744 1356 1820 plus
1369 1741 1423 1804 ho-

197 1862 238 1909 ra
252 1856 499 1926 consumptum
515 1856 578 1909 est.
595 1846 679 1910 Post
694 1848 786 1910 hanc
802 1849 927 1926 ecloga
937 1846 1111 1927 quaedam
1124 1856 1207 1909 acta
1219 1860 1285 1922 est,
1303 1849 1423 1911 carmi·

197 1953 301 2016 nibus
314 1954 506 2017 exametris
521 1954 735 2034 conscripta,
752 1953 867 2016 facilis
882 1964 916 2016 et
931 1955 1131 2034 perspicua,
1153 1964 1188 2017 et
1208 1955 1288 2033 ipso
1303 1956 1423 2018 carmi·

197 2076 280 2122 num
295 2061 412 2122 sonitu
428 2059 617 2123 admodum
633 2070 796 2138 venusta;
811 2069 915 2140 atque
930 2060 1050 2123 multis
1059 2060 1279 2140 sapientibus
1291 2072 1423 2123 senten·

196 2166 255 2229 tiis
270 2175 408 2244 ornata,
430 2184 520 2247 quae
542 2184 732 2246 puerorum
752 2167 893 2230 actione
912 2176 947 2229 et
966 2166 1254 2246 pronuntiatione
1273 2169 1427 2247 quodam

198 2274 303 2337 modo
326 2291 497 2354 expressa
517 2274 721 2338 incredibile
736 2284 790 2337 est
811 2283 980 2353 quantum
1000 2273 1161 2337 omnibus
1180 2275 1368 2353 placuerit;
1383 2276 1424 2337 de

194 2398 236 2443 ea
252 2381 361 2461 igitur
375 2398 455 2444 cum
470 2381 641 2461 Princeps
660 2380 860 2445 Cardinalis
880 2382 1009 2444 certior
1031 2380 1147 2444 factus
1165 2393 1271 2459 esset,
1294 2399 1374 2445 eam
1387 2399 1424 2444 se

193 2502 324 2567 cupere
345 2488 468 2551 audire
487 2488 592 2567 dixit,
615 2497 830 2569 quapropter
850 2487 974 2568 paucis
993 2496 1074 2567 post
1092 2487 1215 2550 diebus
1236 2505 1361 2551 coram
1383 2506 1423 2552 eo

193 2603 276 2658 acta
289 2604 354 2673 est3
371 2605 513 2674 postero
529 2605 648 2657 autem
661 2594 716 2657 die
728 2594 925 2657 incredibili
938 2594 1093 2656 omnium
1106 2594 1292 2656 alacritate
1307 2595 1424 2658 lectio·

191 2716 256 2764 nes
271 2711 420 2781 coeptae
435 2710 527 2776 sunt;
545 2712 790 2764 verumtamen
807 2704 904 2780 prius
915 2701 1034 2763 breuis
1049 2701 1224 2780 quaedam
1235 2701 1360 2764 habita
1372 2710 1424 2765 est

191 2809 316 2871 couclo
336 2808 382 2871 ad
402 2825 526 2871 omnes
544 2806 788 2883 scholasticos,
812 2807 849 2870 in
869 2824 939 2887 qua
963 2807 1006 2870 de
1025 2807 1183 2887 ipsorum
1197 2809 1334 2887 regulis
1354 2808 1422 2872 suc-

190 2923 272 2977 runt
298 2914 479 2991 admoniti,
506 2923 540 2976 et
566 2914 611 2976 ad
640 2913 781 2976 uirtutis
807 2914 1059 2993 literarumque
1087 2913 1243 2975 studium
1272 2914 1421 2977 incitati.

190 3022 317 3085 Omnia
333 3021 560 3083 fundamenta
576 3020 664 3098 (Deo
680 3020 809 3097 gratia)
823 3019 953 3097 optime
969 3020 1062 3082 iacta
1077 3030 1169 3098 sunt;
1184 3020 1362 3100 reliquum
1374 3032 1423 3084 to·

189 3129 260 3191 tius
276 3130 393 3207 operis
409 3127 607 3189 aediticium
627 3144 764 3188 summa
783 3127 843 3187 illa
865 3136 899 3188 et
916 3126 1035 3189 diuina
1050 3127 1190 3189 bonitas
1210 3129 1255 3188 ad
1280 3139 1429 3206 gratum*

188 3233 257 3296 sibi
271 3235 404 3296 exitum
419 3234 601 3312 perducat.
619 3231 830 3294 Scholastici
846 3241 966 3295 autem
986 3243 1058 3295 tam
1078 3232 1114 3295 in
1136 3233 1249 3295 literis
1265 3251 1375 3313 quam
1391 3237 1425 3298 iu

190 3341 319 3403 uirtute
340 3357 411 3401 non
436 3339 664 3401 mediocriter
689 3338 889 3417 proficiunt;
913 3341 1113 3418 complures
1133 3349 1263 3401 octauo
1284 3358 1425 3422 quoquc

188 3445 245 3510 die
260 3447 303 3508 de
319 3446 476 3525 peccatis
491 3445 713 3519 confitentur,
732 3455 765 3506 et
780 3453 1050 3507 sacrosanctum
1065 3444 1196 3507 Christi
1212 3445 1358 3526 Corpus
1370 3467 1424 3512 ac-

188 3553 335 3633 cipiunt,
353 3554 532 3630 multaque
549 3552 630 3628 alia,
652 3559 689 3612 vt
704 3549 782 3613 Deo
797 3552 892 3629 grati
910 3551 991 3627 sint,
1008 3559 1042 3613 et
1058 3552 1116 3631 pio
1131 3551 1251 3613 animo
1267 3564 1301 3614 et
1318 3554 1424 3618 liben-

186 3660 212 3723 ti
234 3659 400 3738 efficiunt;
422 3659 580 3720 nonnulli
600 3658 706 3719 etiam
727 3658 925 3720 institutum
950 3670 1110 3721 nostrum
1134 3659 1353 3740 uiuendique
1372 3680 1425 3725 ra·

186 3766 317 3828 tionem
342 3765 442 3844 sequi
468 3764 696 3826 vehementer
722 3763 878 3842 cupiunt,
902 3774 1053 3844 suntque
1072 3765 1116 3827 ad
1140 3765 1175 3828 id
1201 3766 1308 3828 valde
1337 3769 1423 3848 apti.

188 3872 293 3935 Pater
318 3888 405 3934 vero
432 3868 562 3932 Rector
584 3871 672 3932 duos
694 3870 939 3933 adolescentes
961 3871 1006 3933 ad
1027 3870 1243 3934 Societatem
1266 3874 1423 3951 admisit,

185 3979 244 4058 qui
264 3978 523 4058 quamprimum
544 3975 799 4055 ingredientur.
821 3976 989 4039 Diuinam
1014 3978 1207 4042 bonitatem
1232 3997 1425 4060 precamur

184 4094 225 4148 vt
248 4085 339 4147 haec
362 4084 479 4146 omnia
495 4083 540 4144 ad
557 4082 668 4160 ipsius
689 4083 828 4145 laudern
844 4084 1065 4163 gloriamque
1080 4083 1295 4149 reserantur.
1316 4087 1423 4153 Prae-

186 4202 349 4272 ceptores
378 4206 500 4253 omnes
530 4207 609 4252 cum
639 4189 674 4251 in
703 4190 814 4252 literis
842 4200 916 4253 tum
942 4189 1048 4254 etiam
1073 4191 1109 4253 iu
1136 4209 1225 4253 vera
1253 4211 1422 4273 syncera-

184 4316 253 4379 que
276 4297 451 4375 doctrina,
475 4295 1158 4376 aliisexercitationibusquemaximos
1184 4299 1323 4364 faciunt
1345 4320 1422 4383 pro·

181 4421 340 4484 gressus
358 4403 463 4466 Pater
483 4413 612 4477 autern,
629 4403 690 4481 qui
713 4404 951 4465 conscientiae
971 4421 1076 4466 casus
1095 4407 1253 4484 exponit,
1277 4422 1422 4487 praeter

181 4512 218 4573 id
240 4521 380 4588 tempus
402 4509 495 4589 quod
517 4509 726 4587 exponendo
747 4511 937 4585 consumit,
967 4511 1223 4590 aliquantulum
1246 4517 1421 4596 temporis

180 4615 300 4696 habet,
317 4634 386 4696 quo
402 4618 445 4679 de
460 4616 565 4678 rebus
580 4615 710 4676 diuinis
723 4615 831 4678 verba
848 4615 956 4678 faciat
972 4616 1229 4698 sacerdotibus
1247 4638 1341 4702 quos
1360 4623 1418 4685 do·
1502 4642 1504 4645 ’
