3210 5392
269 409 308 471 98
655 407 829 467 Limenes
848 421 1120 476 ouemmssmes

148 642 153 649 Π
274 558 423 619 seruari
444 563 518 618 este
543 570 585 616 su
604 552 714 634 pobre
728 568 819 633 grex
833 571 858 634 y
873 552 963 616 harri
978 556 1056 616 mas
1075 551 1202 617 idoneo
1220 568 1309 633 para
1328 569 1370 616 su
1386 553 1517 617 diuino

272 661 425 725 seruicio
451 676 554 725 como
573 676 612 723 se
632 659 813 739 pretende.
828 658 869 722 El
888 675 954 739 por
973 676 1016 722 su
1034 658 1328 723 misericordialo
1346 660 1515 725 conceda

272 770 364 833 ansi.
381 766 510 833 Amen.
769 804 772 809 ‚

332 875 387 940 De
401 873 580 956 Coymbra
594 877 616 936 a
629 874 718 937 xxxi
729 871 878 954 dagosto
892 871 936 937 de
954 871 1043 936 1554.

512 979 583 1044 Por
598 980 826 1044 commission
840 979 897 1044 del
910 979 948 1044 P.
965 978 1047 1043 Don
1061 979 1171 1043 Leon.

634 1086 689 1151 De
699 1086 745 1151 V.
762 1085 801 1151 P.
817 1085 1046 1167 hijoindigno
1062 1103 1106 1150 en
1121 1086 1154 1150 el
1166 1083 1202 1151 S.
1211 1097 1253 1166 οἳ,
1306 1116 1309 1122 -

989 1298 1143 1363 ΡκΑΝ.ω
1162 1298 1381 1375 Armmouez.

333 1621 600 1704 Superscriptio
611 1620 650 1683 in
661 1625 793 1700 quarta
799 1627 954 1699 pagena.
967 1618 1015 1684 Al
1025 1636 1112 1702 muy
1121 1620 1201 1686 R.‘¹0
1213 1639 1258 1685 en
1269 1621 1378 1686 Chro.
1388 1621 1514 1687 Padre

271 1731 303 1794 el
318 1729 357 1794 Ρ.
373 1728 440 1793 M.0
453 1727 598 1808 Ignacio
613 1727 790 1809 preposito
802 1727 949 1805 general
963 1726 1006 1791 de
1020 1727 1056 1791 la
1069 1726 1264 1811 Componia
1276 1728 1320 1793 de
1333 1729 1431 1813 Jesu.
1448 1728 1509 1795 En

270 1835 418 2007 Κοῖἳὲα
438 1959 561 2006 manu.
580 1939 669 2002 1554.
684 1939 862 2004 Coimbra.
881 1938 1149 2019 Quadrimestre
1164 1942 1200 2006 di
1213 1941 1251 2006 31
1268 1942 1312 2007 de
1323 1943 1511 2025 Augusto.
1538 1934 1544 1945 '

320 2760 323 2765 .
391 2717 610 2762 Praecedentlum
624 2716 712 2763 Patrio
722 2716 856 2762 Frenclrci
866 2714 995 2771 Enrlqoez
1005 2716 1153 2760 litterarum
1162 2716 1245 2761 latim
1254 2716 1342 2762 versio
1353 2721 1372 2762 Ι.

826 3046 910 3182 Ιὴῖιε

672 3330 749 3395 R.‘¹e
769 3332 805 3396 in
822 3330 965 3396 Christo
981 3331 1099 3396 Pater.

328 3545 407 3609 Pax
423 3553 458 3608 et
478 3545 597 3634 gratia
613 3542 757 3608 Domini
772 3544 893 3609 Nostri
908 3545 993 3628 Jesu
1016 3544 1152 3609 Christi
1166 3546 1212 3609 sit
1231 3562 1370 3626 semper
1386 3548 1511 3611 nobis-

268 3669 362 3716 cum.
379 3650 506 3715 Amen.

328 3758 405 3822 Etsi
419 3758 517 3822 circa
532 3756 632 3838 Maii,
648 3759 743 3841 Junii
766 3777 809 3822 ac
822 3759 907 3841 Julii
932 3760 1094 3839 proxime
1109 3760 1312 3840 elapsorum
1327 3761 1509 3825 mensium

265 3864 387 3941 finem,
404 3872 480 3926 tum
493 3863 537 3928 de
548 3865 611 3944 iis,
628 3883 719 3945 quae
733 3865 771 3928 in
785 3864 945 3946 Collegio
962 3866 1030 3929 hoc
1045 3874 1229 3945 geruntur,
1246 3875 1322 3929 tum
1336 3867 1446 3931 eliam
1460 3866 1510 3931 de

267 3971 326 4050 iis,
345 3986 437 4050 quae
451 3986 515 4049 per
527 3970 592 4034 hos
607 3980 687 4034 tuos
701 3972 738 4035 in
752 3969 907 4035 Domino
924 3970 1015 4035 filios
1035 3972 1112 4053 ipse
1128 3989 1237 4052 agere
1253 3972 1422 4053 dignatus
1437 3984 1503 4043 est.

266 4076 313 4140 ad
326 4085 426 4140 tuam
440 4075 694 4141 Paternitatem
708 4078 924 4158 scripserim,
937 4077 1071 4142 faciam
1082 4087 1201 4143 tamen
1215 4096 1309 4143 nunc
1324 4078 1503 4145 Reueren-

265 4182 332 4247 dae
348 4182 579 4247 Patemitatis
592 4183 691 4247 Tuae
706 4184 774 4247 hac
789 4185 831 4247 de
847 4202 886 4248 re
900 4184 1062 4248 mandati
1076 4203 1203 4266 causa,
1220 4196 1258 4250 ut
1272 4185 1436 4251 eamdem
1450 4204 1507 4251 su·

267 4291 421 4371 perioris
435 4289 540 4371 hujus
555 4290 826 4372 quadrimestris
841 4291 896 4354 his
911 4291 1024 4355 literis
1039 4292 1214 4357 rationem
1232 4293 1392 4358 reddam.

327 4394 438 4459 Nonis
452 4397 605 4477 primurn
618 4396 703 4460 Maii
718 4397 764 4461 ad
778 4407 938 4461 nostrum
955 4398 1023 4462 hoc
1038 4397 1235 4479 Collegium
1249 4398 1290 4465 R.
1308 4399 1344 4464 in
1360 4399 1509 4465 Christo

296 4637 303 4668 Ι
334 4634 523 4690 Apogrephum
532 4637 558 4680 ln
570 4635 666 4691 duplici
677 4636 747 4691 sollo,
758 4637 805 4681 sub
814 4647 856 4682 no.
867 4637 908 4680 466
918 4644 944 4680 et
956 4636 1006 4683 4⁶7.
