3210 5392
576 428 748 487 Ltrrenan
768 444 1040 496 ouanantnsrnss

340 890 553 935 praecedentium
564 890 650 935 Putris
662 891 787 946 Alphonsl
800 890 830 933 de
839 889 935 934 Zarate
945 893 1080 936 literarum
1094 893 1177 936 latina
1188 893 1275 935 versio

547 974 562 1006 a
574 961 652 1005 Patre
663 961 741 1006 Petro
750 962 781 1005 de
792 962 914 1006 Acebedo
924 963 1041 1007 coniecta
1050 962 1069 1006 ¹.

768 1160 843 1278 nis

253 1427 328 1492 Pax
343 1429 485 1507 Christi,
502 1440 569 1492 etc.

254 1534 512 1614 Quadrimestri
530 1536 691 1616 proxime
712 1555 732 1599 a
752 1535 789 1599 P.
818 1535 981 1599 Nauarro
1007 1536 1140 1617 scripta
1160 1536 1331 1599 existimo
1347 1537 1422 1599 red·

192 1642 300 1705 ditam
316 1654 442 1706 exacte
457 1643 640 1719 rationem,
662 1654 814 1722 quantus
828 1642 874 1705 sit
899 1660 1075 1723 quamque
1094 1641 1262 1722 frequens
1277 1643 1324 1705 ad
1340 1661 1420 1706 eon-

191 1747 379 1812 fessionem
395 1758 429 1812 et
449 1765 590 1812 sacram
611 1750 894 1813 communionem
915 1750 1104 1812 multorum
1128 1765 1337 1825 concursus,
1362 1751 1421 1830 qui

191 1854 227 1917 in
248 1855 334 1929 dies,
359 1854 513 1934 gratuita
539 1855 624 1937 Jesu
648 1854 779 1918 Christi
803 1854 1050 1934 beneficentia,
1077 1853 1338 1918 incrementum
1363 1874 1419 1917 ca-

191 1962 252 2041 pit,
269 1980 340 2024 non
354 1963 430 2024 sine
444 1962 710 2053 perseuerantia
727 1970 760 2024 et
782 1962 938 2024 maximo
960 1961 1132 2040 proiectu.
1150 1960 1198 2024 At
1212 1961 1322 2025 modo
1338 1979 1418 2025 cum

189 2069 369 2131 auditores
389 2068 649 2147 poenitentiarii
668 2086 815 2132 numero
840 2068 1028 2145 creuerint‚
1053 2077 1088 2130 et
1110 2067 1169 2148 qui
1189 2078 1321 2133 octauo
1336 2086 1418 2149 quo·

188 2191 255 2254 que
271 2174 327 2238 die
342 2175 436 2238 soliti
447 2186 548 2238 erant
566 2175 841 2253 communicare,
857 2175 893 2238 in
912 2174 986 2238 dies
1008 2176 1126 2254 plures
1141 2173 1258 2253 (reita
1274 2175 1419 2254 exigen-

189 2281 236 2359 te)
252 2281 349 2344 dilati
365 2282 450 2361 sint,
467 2282 721 2362 poenitentium
743 2293 862 2345 tamen
882 2299 1028 2345 numero
1049 2282 1121 2361 (qui
1140 2281 1278 2345 feriatis
1293 2282 1419 2345 diebus

188 2388 256 2450 huc
272 2388 316 2450 ad
337 2406 403 2452 nos
427 2388 618 2467 confluunt)
640 2389 825 2468 nequimus
850 2388 1066 2452 satisfacere.
1089 2386 1159 2452 Sed
1181 2405 1225 2451 ne
1246 2389 1328 2468 quis
1343 2389 1419 2452 sine

185 2495 422 2558 confessionis
437 2505 497 2559 aut
517 2496 774 2559 communionis
796 2513 862 2576 ope
884 2496 1054 2575 discedat,
1076 2495 1302 2575 quantumin
1317 2496 1420 2559 nobis

184 2613 250 2679 est,
264 2603 521 2666 contendimus.
537 2602 759 2682 Quapropter
774 2603 954 2665 auditores
965 2602 1256 2683 poenitentiarios
1272 2602 1309 2665 in
1324 2602 1420 2666 hunc

185 2709 331 2772 modum
346 2710 584 2772 assuescimus
599 2710 821 2787 distribuere,
837 2721 876 2771 vt
892 2719 964 2772 tres
978 2710 1061 2772 dent
1080 2725 1182 2771 suam
1197 2725 1348 2788 operam
1362 2710 1417 2778 iis.

180 2816 243 2896 qui
267 2815 310 2879 de
335 2833 433 2879 more
464 2816 594 2879 habent
618 2816 720 2879 nobis
749 2815 923 2878 confiteri:
955 2815 1081 2897 reliqui
1109 2815 1204 2894 aliis,
1235 2813 1296 2895 qui
1323 2834 1418 2880 nunc

180 2922 298 2985 denuo
314 2924 471 3000 veniunt,
490 2932 571 2986 sunt
586 2922 763 2985 destinati.
787 2923 981 2986 Generales
995 2921 1236 2984 consessiones
1252 2921 1417 3002 frequen·

182 3040 235 3092 tes
251 3041 342 3106 sunt,
360 3030 487 3108 quibus
503 3048 573 3092 non
588 3046 699 3092 vnum
713 3038 773 3091 aut
795 3031 946 3091 alterum
970 3029 1062 3092 diem
1087 3028 1231 3107 damus,
1249 3028 1314 3092 sed
1330 3047 1416 3092 non-

179 3154 361 3216 nunquam
387 3154 465 3213 sex,
494 3148 586 3213 octo,
608 3135 733 3198 decem
755 3136 989 3198 insumuntur.
1012 3133 1161 3215 Scriptis
1183 3146 1221 3197 vt
1243 3135 1417 3199 mandent

181 3254 329 3322 peecata
355 3242 597 3320 admonemus
625 3242 775 3304 sormam
799 3242 1099 3321 praescribentes,
1128 3259 1234 3321 quam
1260 3245 1416 3322 sequuti,

182 3350 325 3411 minimo
361 3349 529 3427 nogotio,
565 3366 655 3427 quae
688 3359 898 3411 contraxere
926 3348 1096 3427 crimina,
1128 3349 1265 3428 possint
1295 3351 1418 3413 memi-

182 3456 288 3518 nisse.
305 3455 535 3532 Tuncetiam,
549 3473 617 3535 qua
643 3456 780 3531 ratione
802 3456 941 3534 singula
967 3455 1108 3518 diuinae
1129 3455 1218 3534 legis
1241 3454 1415 3519 mandata

181 3562 384 3639 transgredi
399 3562 545 3640 possint,
562 3572 600 3624 vt
622 3563 729 3625 semel
755 3562 942 3640 admoniti,
969 3562 1036 3625 sibi
1061 3572 1212 3625 caueant
1238 3562 1274 3624 in
1299 3577 1417 3642 poste·

181 3686 280 3746 rum,
308 3678 367 3730 aut
390 3669 433 3731 de
459 3669 585 3748 quibus
611 3668 770 3731 confiteri
799 3667 948 3730 debeant
976 3686 1044 3731 non
1070 3669 1246 3748 ignorent.
1276 3669 1332 3732 Ita
1358 3689 1419 3733 ex·

180 3776 374 3855 perimento
395 3776 549 3854 quotidie
572 3775 739 3838 discimus
769 3777 955 3837 nonnullos
981 3775 1141 3855 (quorum
1163 3786 1265 3838 erant
1290 3794 1416 3841 corru-

180 3883 329 3962 ptissimi
353 3882 482 3959 mores)
505 3884 615 3944 multo
641 3883 746 3944 aliam
768 3883 880 3944 vitam
899 3882 1106 3959 destinasse,
1134 3892 1169 3944 et
1191 3901 1263 3945 non
1288 3885 1421 3949 leuiter

183 3990 218 4051 in
235 3990 292 4051 uia
308 3989 451 4052 Domini
466 3989 670 4069 profecisse.

246 4095 392 4159 Abunde
407 4096 494 4158 satis
510 4097 630 4159 diuina
646 4096 889 4158 misericordia
903 4096 1107 4158 vninersam
1123 4095 1215 4158 hanc
1231 4097 1424 4164 ciuitatem

184 4204 302 4282 implet
317 4202 561 4265 benedictione
577 4220 651 4265 sua.
672 4203 762 4265 Nam
778 4204 889 4280 multi,
904 4203 962 4282 qui
975 4203 1107 4280 (nescio
1120 4202 1201 4284 qua)
1217 4208 1427 4285 praepediti

182 4310 408 4386 verecundia,
426 4310 559 4388 aliquot
575 4320 722 4388 peccata
739 4327 919 4389 nunquam
934 4309 1073 4372 fuerant
1087 4308 1254 4389 confessi,
1271 4313 1427 4379 tandem

180 4417 396 4490 reuelarunt,
414 4416 659 4495 videnturque,
673 4416 861 4494 collegium
876 4416 942 4480 hoc
954 4418 1063 4479 semel
1077 4416 1241 4495 ingressi,
1258 4420 1428 4486 animum

184 4566 395 4574 -.-—-——-

222 4659 228 4687 ¹
262 4659 449 4713 nutogrnptrac
466 4659 559 4711 duplici
571 4659 640 4707 lolio,
651 4659 733 4712 primo
745 4671 767 4701 n.
780 4659 827 4711 513,
839 4661 922 4701 altero
933 4671 981 4701 non
993 4665 1138 4702 numerato.
