3240 5386
599 437 661 493 ΑΝ.
684 437 753 493 ltro
1232 437 1287 493 t75

69 580 266 643 reuissime
281 590 404 660 potero
420 580 461 642 R.
477 580 523 643 V.
539 581 787 660 perstringam.
809 580 925 661 Atque
946 582 989 644 ab
1011 598 1053 644 eo
1076 582 1214 644 initium
1230 598 1286 644 ca·

69 687 164 763 iam,
194 686 286 766 quod
311 688 513 750 mortalium
532 687 671 750 animos
693 688 739 750 ad
758 688 1018 766 suspiciendam
1040 705 1083 750 ac
1110 688 1287 751 admiran-

69 812 137 856 am
153 792 224 856 Dei
239 794 430 857 bonitatem
445 794 599 857 maxime
614 794 770 874 impellit,
783 795 948 858 nimirum
963 804 1191 874 peccatorum
1203 812 1282 857 con-

69 901 235 963 ersione.

108 1007 209 1070 Cum
224 1007 330 1086 igitur
346 1025 437 1070 vnus
452 1007 596 1072 Patrum
611 1018 814 1072 nostrorum
829 1008 1028 1089 quemdam,
1044 1009 1147 1088 graui
1163 1008 1285 1071 morbo

69 1133 105 1177 ,ιι
128 1114 334 1177 confectum
347 1123 453 1194 atque
475 1115 704 1194 pertinaciter
724 1116 804 1178 huic
825 1115 1075 1179 adhaerentem
1090 1116 1283 1195 proposito;

69 1222 279 1284 tlutiferam
298 1222 557 1285 confessionem
582 1222 720 1301 penitus
746 1223 946 1301 abdicandi,
970 1223 1078 1286 semel
1103 1223 1283 1300 inuiseret;

69 1345 210 1408 imque
235 1325 349 1406 ipsum
370 1337 541 1405 tenacem,
564 1345 629 1390 ηερ
649 1347 690 1391 ea
710 1339 827 1392 mente
848 1328 1033 1407 deducere,
1055 1347 1120 1392 ηερ
1141 1330 1213 1391 ullo
1228 1328 1285 1391 de·

69 1452 194 1497 errere
215 1445 319 1513 pacto
340 1437 484 1511 ualeret,
509 1434 703 1497 maturitati
723 1436 866 1498 tandem
887 1453 950 1515 per
971 1437 1104 1515 aliquot
1124 1444 1285 1514 tempora

69 1541 184 1604 edere
199 1541 317 1603 animo
332 1540 524 1621 proposuit.
542 1540 648 1620 Quid?
663 1543 715 1605 sic
729 1560 774 1604 ne
789 1543 873 1605 abiit
885 1544 964 1605 nos?
975 1543 1117 1606 minime
1130 1542 1283 1622 quidem;

69 1665 136 1710 am
159 1646 315 1727 quadam
334 1647 390 1709 die
412 1647 504 1710 idem
518 1646 635 1726 Pater,
651 1647 809 1711 diuinum
824 1649 1030 1712 instinctum
1049 1648 1282 1728 persentiens,

69 1755 232 1833 {mulque
246 1754 327 1816 huic
342 1764 490 1831 aegroto
507 1755 630 1817 mortis
641 1755 906 1835 oppressionem
920 1756 1051 1835 absque
1063 1753 1284 1818 confessione

69 1878 197 1937 mens,
215 1860 259 1923 ad
274 1878 355 1930 eum
366 1877 404 1923 se
415 1862 573 1938 contulit,
588 1870 633 1939 et,
647 1878 738 1941 quae
751 1862 908 1924 diuinum
920 1879 1049 1924 numen
1061 1862 1128 1924 sibi
1139 1877 1285 1940 sugges·

68 1968 94 2030 it
116 1967 243 2041 uerba,
270 1966 498 2029 libentissime
526 1967 818 2031 subministrauit.
836 1967 972 2047 Quibus
997 1985 1083 2031 sane
1105 1976 1283 2046 aegrotus

69 2075 186 2136 lirum
209 2073 246 2135 in
267 2072 410 2136 modum
434 2073 606 2136 deductus
625 2074 880 2154 emollitusque,
902 2073 1018 2137 factus
1046 2091 1153 2137 sanus
1179 2082 1284 2154 atque

69 2181 240 2257 ontrituS,
257 2189 405 2259 peccata
421 2179 533 2242 eidem
549 2179 657 2257 Patri,
674 2180 805 2258 gaudio
820 2181 953 2259 ingenti
976 2181 1130 2261 perfuso,
1148 2180 1283 2244 confes·

70 2304 116 2349 us
131 2296 199 2349 est.
216 2285 363 2348 Postera
379 2286 487 2349 etiam
502 2287 577 2349 dies
592 2285 688 2349 Patri
703 2298 825 2350 nostro
840 2287 1011 2350 maiorem
1027 2288 1185 2350 adhibuit
1201 2305 1283 2350 con·

69 2393 277 2470 olationem,
295 2409 376 2455 cum
391 2410 436 2455 ex
451 2392 604 2472 quodam
619 2396 803 2473 praeclare
819 2394 1048 2457 intellexisset
1062 2395 1144 2456 huic
1165 2394 1283 2457 foelici

69 2508 218 2578 egroto,
246 2510 549 2562 sacramentorum
570 2500 747 2579 praesidio
769 2501 904 2563 munito
927 2518 969 2563 ac
994 2510 1177 2578 exornato,
1192 2518 1283 2563 sum·

69 2624 110 2668 na
129 2623 213 2667 cum
228 2622 292 2667 sua
307 2607 489 2668 uoluntate
503 2615 538 2668 et
552 2606 748 2683 alacritate,
762 2608 987 2686 maximaque
999 2608 1190 2670 astantium
1202 2624 1283 2670 con·

69 2712 240 2789 olatione,
258 2712 419 2775 ultimum
433 2713 596 2792 spiritum
611 2712 726 2776 Deum
740 2715 937 2777 abstulisse.

115 2817 166 2881 At
188 2829 225 2880 ut
247 2819 340 2881 scitu
364 2818 505 2898 quidem
528 2819 736 2898 dignissima
761 2836 964 2900 pernoscaS,
983 2820 1112 2898 animo,
1136 2838 1280 2900 quaeso,

69 2935 194 2988 nteuso
209 2925 343 2987 adesto.
353 2923 504 3004 Quidam
514 2926 604 2987 alius
616 2926 687 2988 iam
698 2926 756 2988 diu
770 2927 837 2988 iuri
853 2927 946 2989 ciuili
962 2926 1159 3005 inhaerenS,
1177 2943 1281 3006 quem

69 3040 227 3094 utentum
245 3040 279 3093 et
300 3031 481 3094 assiduum
500 3032 549 3109 (ut
570 3033 706 3112 opinor)
731 3045 866 3113 septem
882 3051 994 3097 annos
1009 3034 1191 3096 literarum
1213 3044 1281 3096 stu·

70 3140 149 3202 ium
165 3137 293 3199 mentis
304 3139 532 3218 corporisque
544 3139 696 3201 sanitate
710 3139 913 3218 denudauit,
930 3140 1080 3220 plurima
1092 3139 1281 3220 profunde·

69 3255 109 3307 at
127 3243 328 3321 maledicta,
346 3244 501 3307 conuitia
513 3245 671 3308 inaudita
687 3245 912 3326 quidpiamue
927 3246 1086 3309 atrocius
1100 3247 1136 3309 in
1150 3246 1282 3309 bonurn

69 3353 182 3427 >eum‚
197 3349 348 3429 grauida
359 3351 482 3429 lingua
500 3351 634 3415 iactare
650 3362 755 3432 atque
770 3353 933 3431 ingerere
948 3353 1170 3433 persistebat.
1187 3352 1283 3436 Jam-

72 3476 120 3520 ue
142 3458 219 3536 ipse
244 3457 339 3520 omni
361 3458 473 3520 salute
495 3457 664 3533 diffidens,
681 3476 747 3521 nec
762 3459 870 3522 alium
890 3476 1117 3539 quemquam,
1141 3468 1282 3540 praeter

73 3582 163 3627 num
184 3563 254 3644 (qui
279 3564 437 3644 prolecto
457 3565 493 3626 in
513 3565 602 3627 mira
622 3575 861 3645 perpetuaque
882 3566 1055 3645 patientia
1080 3566 1139 3628 diu
1162 3576 1284 3629 noctu·

69 3689 121 3751 ‚ue
151 3670 185 3732 ei
211 3671 422 3749 inuigilauit)
449 3687 551 3733 suum
577 3671 776 3734 cubiculum
803 3672 941 3751 ingredi
966 3673 1175 3753 patiebatur.
1204 3671 1282 3735 Hoc

69 3789 145 3840 arte
158 3777 311 3854 fortuna,
333 3794 413 3840 cum
435 3777 577 3857 quidam
594 3795 639 3840 ex
649 3778 780 3840 nostris
795 3777 959 3842 Patribus
974 3782 1151 3854 rescisset,
1169 3796 1284 3841 acun-

71 3886 121 3948 tis
140 3883 246 3946 huius
268 3884 408 3963 collegii
433 3884 603 3947 fratribus
625 3884 740 3948 Deum
762 3896 899 3948 oratum
914 3905 977 3966 pro
993 3887 1093 3950 istius
1113 3903 1280 3964 uesanae,

69 3991 216 4055 ›erditae
231 4001 265 4053 et
280 3991 391 4055 durae
406 3992 534 4054 mentis
549 3992 779 4071 dispositione
794 4010 837 4055 ac
853 3992 1061 4056 deductione
1075 3993 1195 4056 uoluit.
1215 3992 1282 4071 Qui

69 4115 186 4161 cuera
203 4114 389 4161 seruorum
405 4115 549 4161 suorum
568 4116 690 4178 preces
710 4100 878 4162 exaudire
900 4117 965 4162 nec
984 4100 1196 4179 dedignatus
1216 4108 1280 4162 est.

69 4218 122 4268 ste
143 4203 238 4267 enim
257 4204 373 4283 homo,
391 4205 428 4267 in
452 4205 560 4267 multo
587 4206 791 4283 grauiorem
812 4207 972 4270 morbum
994 4207 1172 4286 delapsus,
1199 4207 1283 4269 mol·

69 4314 120 4375 ior
133 4312 251 4375 factus
264 4321 318 4374 est
333 4323 451 4374 mente
480 4312 652 4392 simulque
667 4313 793 4376 deduci
808 4331 850 4376 ac
863 4313 1068 4394 persuaderi
1083 4314 1227 4394 patitur,
1244 4325 1284 4378 vt

69 4419 192 4482 iditum
210 4418 391 4498 praedicto
411 4417 525 4496 Patri,
550 4420 780 4483 consessionis
795 4421 991 4484 audiendae
1014 4421 1141 4500 gratia,
1159 4438 1283 4485 conce·

69 4525 167 4600 leret,
185 4524 313 4605 quippe
328 4525 389 4605 qui
404 4542 474 4588 non
490 4525 673 4588 consessus
689 4526 819 4603 (credo)
836 4529 954 4607 plures
969 4537 1093 4606 egerat
1109 4545 1232 4591 annos.
1250 4527 1285 4593 Is

69 4631 165 4707 ‚gitur
180 4648 292 4711 usque
307 4631 396 4694 adeo
417 4631 600 4708 contritus,
623 4633 801 4712 animique
823 4649 957 4708 angore
976 4634 1135 4712 affectus
1159 4637 1283 4715 culpae
