3240 5386
551 429 614 487 Au.
637 429 706 487 1555
837 426 842 435 ’
1188 429 1243 487 555

69 589 199 639 {stum
226 576 292 638 sibi
315 588 389 651 est,
418 587 455 638 ut
474 574 696 654 prouinciam
718 573 893 653 rejecerit,
917 573 1241 652 Caesaraugustam

69 698 73 742 ·.
115 685 353 762 profecturuS,
371 683 447 760 ubi,
464 683 661 761 explicatus
674 682 847 760 negotliS,
864 683 939 743 solo
958 679 1091 760 judicio
1107 682 1241 760 proprii

69 791 134 864 ni,
152 801 187 853 et
203 807 325 852 eorum
342 801 528 869 quaesunt
548 788 646 867 fidei,
663 806 794 851 vacare
814 788 934 868 possit.
956 786 1147 865 speramus
1166 789 1241 851 fore

69 898 149 959 uis
164 908 198 959 et
214 897 365 959 aliorum
380 895 521 976 adjutus
537 897 768 973 orationibus,
785 897 821 958 in
837 896 912 958 dies
927 895 1042 973 magis
1063 912 1105 957 ac
1126 895 1242 975 magis

69 1000 186 1067 iciat.

69 1109 277 1173 ¹›eecundum
294 1112 378 1174 illud
393 1123 462 1187 est,
480 1111 575 1190 quod
594 1110 729 1173 Doctor
749 1109 950 1186 Cebadilla,
971 1111 1028 1172 cui
1048 1127 1133 1173 cura
1154 1110 1241 1172 invi-

69 1217 119 1280 :li
152 1218 509 1298 Archiepiscopatum
537 1219 748 1281 demandata
775 1228 843 1292 est,
871 1217 931 1296 qui
960 1226 995 1279 et
1030 1216 1242 1294 dignitatem

69 1326 214 1387 :imam
242 1326 424 1387 canonicis
450 1326 484 1387 in
510 1328 639 1404 templo
663 1325 819 1387 maximo
845 1324 949 1403 hujus
974 1323 1071 1388 urbis
1096 1323 1240 1402 obtinet,

73 1432 175 1493 dem
202 1450 222 1492 a
248 1430 401 1493 Domino
427 1449 533 1510 quam
559 1432 599 1509 is,
617 1431 660 1494 de
685 1449 754 1511 quo
774 1431 906 1494 dudum
925 1429 1104 1508 dicebam,
1122 1446 1243 1494 conse·

69 1551 144 1599 tus
161 1550 216 1599 est
231 1538 523 1600 misericordiam.

69 1642 231 1724 Equites,
249 1644 383 1707 duriori
399 1646 570 1707 hactenus
586 1655 620 1707 et
635 1645 773 1707 elatiori
785 1646 924 1707 ceruice
940 1662 1045 1725 quam
1058 1661 1123 1723 par
1135 1648 1241 1719 esset,

89 1751 267 1813 videntur
278 1749 363 1830 jugo
379 1752 590 1814 suauissimo
606 1753 696 1813 velle
715 1752 806 1814 colla
826 1751 1046 1828 submittere,
1063 1750 1098 1812 id
1120 1750 1242 1829 depre-

69 1857 203 1920 Jimus
218 1867 252 1919 et
267 1858 360 1936 quod
375 1858 518 1938 saepius
532 1858 762 1920 concionibus
778 1857 939 1920 intersint
961 1868 994 1919 et
1009 1855 1244 1919 confiteantur

69 1965 187 2026 >rius
205 1963 306 2026 Libet
321 1963 364 2027 de
380 1982 450 2026 vno
466 1965 596 2038 dicere,
613 1966 688 2043 qui,
709 1965 745 2026 in
760 1964 1018 2042 aegritudinem
1041 1965 1240 2042 prolapsus

69 2096 76 2129 l
105 2072 290 2133 confessus
304 2072 428 2133 fuisset
443 2070 481 2134 P.
498 2071 671 2149 Magistro
687 2070 868 2150 Baptistae
883 2080 917 2133 et
932 2071 1052 2132 diuina
1067 2070 1184 2149 gratia
1197 2069 1242 2132 ab

69 2193 137 2240 ern
154 2179 385 2254 confortatus
403 2189 563 2241 caeteros
578 2178 712 2257 equites
727 2190 761 2240 et
777 2178 896 2240 verbis
911 2190 944 2240 et
960 2178 1121 2255 exemplo
1137 2176 1244 2257 (quod

69 2300 119 2355 :e
136 2285 182 2345 ab
198 2284 273 2363 ejus
288 2295 364 2347 erat
380 2285 552 2363 instituto)
568 2286 612 2347 ad
628 2286 794 2365 pietatem
810 2286 983 2347 hortatur.

69 2389 258 2454 locamur
274 2392 480 2470 saepissime
494 2393 538 2455 iis
553 2393 707 2455 maxime
721 2392 845 2454 diebus
865 2392 909 2454 ad
926 2390 1095 2467 infirmos,
1113 2391 1192 2453 aliis
1205 2403 1244 2453 ut

69 2512 163 2561 :ata
180 2498 377 2576 audiamus,
394 2499 472 2560 aliis
487 2510 524 2562 ut
544 2500 676 2562 monita
699 2500 824 2562 salutis
843 2500 1088 2579 praebeamus.
1106 2497 1158 2560 llli
1176 2497 1244 2560 soli

69 2608 141 2681 'ia,
160 2606 220 2684 qui
236 2605 352 2667 omnia
368 2605 403 2666 in
416 2607 578 2668 omnibus
591 2618 770 2686 operatur;
784 2606 941 2686 saxitque
954 2607 1064 2685 ipsius
1075 2603 1244 2682 Majestas

70 2710 226 2773 iuinum
238 2711 497 2790 beneplacitum
509 2722 680 2792 perpetuo
696 2725 729 2774 et
745 2713 982 2790 intelligamus
997 2723 1031 2774 et
1047 2730 1153 2792 quarn
1168 2712 1243 2775 dili·

69 2818 223 2880 tissime
244 2835 472 2897 exequamur.

69 2923 243 3004 ffyspali,
268 2924 513 2988 decimonono
533 2927 703 2989 kalendas
723 2926 953 3006 Septembris,
978 2944 1070 2989 anno
1096 2924 1240 2989 Domini

69 3031 176 3093 05¹.

69 3131 114 3195 ³.
133 3137 178 3199 V.
196 3138 465 3215 indignissimus
480 3140 516 3200 in
531 3139 672 3202 Christo
688 3138 795 3217 filius,

738 3355 896 3436 Jonuues
919 3355 1080 3418 Xunnsz.

69 3674 392 3755 Superscrr'ptt'oin
405 3684 535 3755 quarta
546 3678 703 3756 pagina:
715 3677 799 3741 IHS.
810 3677 855 3741 Al
867 3677 1038 3757 muyR.do
1047 3695 1090 3740 en
1101 3676 1243 3741 Christo

76 3830 98 3856 ,
124 3785 155 3844 el
181 3781 236 3845 1).Ε
262 3782 327 3845 M.⁰
353 3783 489 3861 ignatio
516 3784 559 3846 de
584 3783 732 3864 Loyola,
760 3783 943 3865 Preposito
968 3784 1116 3864 general
1144 3783 1187 3845 de
1208 3785 1244 3844 la

69 3891 161 3968 np.³
176 3890 219 3953 de
233 3890 348 3971 Jesus,
365 3909 409 3952 en
425 3889 549 3953 Roma.

69 3995 160 4057 *llio
177 4014 301 4059 manu:
320 3997 407 4074 1555,
425 3996 573 4075 Hispali.
591 3995 877 4075 Quadrimestres
894 3997 931 4058 14
945 3997 1110 4076 Augusti.

100 4235 312 4290 Quinquageslmo
322 4238 423 4291 quinto.
