3210 5392
205 423 262 483 622
592 425 763 485 Licinnia
781 441 1053 493 ouanntunsrnns

206 570 386 649 parochie,
403 589 465 651 per
481 588 551 634 non
566 573 594 632 s'
611 571 724 634 hauer
738 585 882 651 possuto
894 572 1201 636 commodamente
1212 574 1256 636 da
1267 573 1319 636 noi
1331 557 1446 635 eost

208 677 419 740 municarse.

268 782 376 846 Molte
391 784 605 847 confessioni
618 786 777 864 generali
792 802 905 847 sonno
920 796 1012 848 state
1028 786 1123 848 udite
1136 786 1159 848 li
1169 786 1287 865 giomi
1297 785 1446 867 passv

206 907 275 952 con
290 890 427 969 grande
441 892 557 954 11111111
571 891 652 953 delli
666 891 848 970 penitenti.
865 909 937 954 non
948 893 1024 955 solo
1036 892 1071 954 di
1083 893 1176 970 laici,
1194 910 1252 956 ma
1266 893 1446 956 etiarn&

210 996 246 1058 di
261 995 446 1059 Monache.
464 996 597 1059 Perche
614 999 648 1059 in
664 999 761 1061 molti
776 1000 981 1062 monasterii
996 1016 1109 1062 sonno
1124 1000 1294 1063 chiamati
1314 1003 1446 1063 nicu-

208 1103 289 1166 dessi
303 1103 408 1167 Padri
423 1121 487 1183 per
501 1106 535 1166 la
551 1105 646 1166 detta
663 1122 783 1168 causa:
800 1108 822 1168 l’
848 1104 1045 1169 Abbatesse
1064 1106 1147 1169 delli
1166 1108 1264 1186 quali
1284 1117 1446 1186 portat-

206 1227 298 1288 gran
312 1226 505 1273 reuerenza
521 1212 565 1273 ad
581 1212 661 1287 essi,
679 1220 713 1274 et
728 1212 844 1291 quella
859 1230 930 1275 non
945 1230 1051 1276 senza
1071 1214 1181 1276 molto
1196 1214 1338 1290 timore,
1352 1230 1446 1293 pc-

207 1316 330 1379 cioche
345 1318 463 1380 hanno
479 1335 589 1397 paura
606 1319 671 1380 che
686 1320 811 1398 quelle,
829 1321 860 1381 le
875 1320 979 1398 quale
992 1320 1025 1381 si
1039 1320 1254 1384 consessano
1270 1338 1335 1385 con
1346 1337 1398 1383 ess·

205 1440 277 1485 non
301 1424 332 1486 si
356 1423 518 1486 facciano
544 1425 716 1487 monache
738 1425 793 1488 del
815 1426 1031 1488 monasterio
1056 1427 1254 1506 riiormato,
1276 1431 1309 1491 al
1329 1428 1446 1507 qun·

206 1533 314 1593 molte
329 1549 396 1593 con
410 1547 501 1610 gran
513 1531 688 1595 desiderio
700 1531 925 1595 domandano
936 1532 967 1595 d'
982 1550 1078 1596 esser
1090 1535 1250 1597 riceuute
1264 1552 1325 1614 per
1334 1549 1446 1619 mag

179 1667 184 1679 ·
205 1639 285 1717 gior
299 1637 408 1701 srutto
425 1640 606 1718 spirituale
621 1640 700 1702 dell’
718 1639 834 1702 anime
844 1642 929 1703 loro.
947 1638 998 1703 La
1014 1641 1208 1704 medesima
1220 1649 1446 1722 1111311ρὲ

207 1746 273 1807 che
288 1748 394 1808 molte
408 1746 524 1809 donne
540 1747 735 1826 principale
750 1764 821 1810 non
836 1764 1001 1827 uengono
1017 1749 1087 1810 alla
1099 1748 1221 1812 chiesa
1232 1761 1349 1813 nostra
1361 1766 1446 1830 μὴ

209 1852 434 1931 consessarsi,
452 1854 607 1916 timendo
623 1855 646 1916 11
661 1856 737 1917 loro
752 1855 881 1933 mariti,
898 1872 988 1934 poco
1008 1856 1169 1919 timorosi
1190 1858 1245 1920 del
1267 1856 1440 1941 signore,

208 1960 241 2020 la
256 1962 450 2022 mutatione
466 1962 557 2023 della
572 1961 645 2023 uita
661 1962 693 2024 d’
707 1979 786 2024 esse
797 1962 917 2041 mogli,
930 1963 1080 2026 dicendo
1093 1963 1159 2026 che
1172 1966 1288 2044 quelli,
1300 1965 1322 2027 li
1331 1970 1433 2043 quali

206 2066 236 2126 si
251 2066 461 2129 confessano
477 2069 535 2133 alli
551 2069 662 2131 nostri
676 2067 794 2145 Padri‚
812 2068 846 2131 di
863 2071 1029 2133 montiani
1043 2071 1235 2135 diuentano
1250 2072 1415 2150 relligiosi,

206 2171 242 2235 di
257 2176 391 2237 carnali
403 2175 587 2256 spirituaii.
601 2178 713 2239 Lasso
726 2177 824 2239 molti
837 2177 902 2239 che
914 2181 941 2239 s’
956 2178 1075 2240 hanno
1087 2178 1277 2241 confessati
1288 2192 1408 2259 pernon

207 2283 337 2345 hauere
354 2285 490 2346 rimasti
505 2284 680 2346 sodisfatti
696 2284 787 2346 della
803 2283 1026 2347 consessione
1044 2285 1134 2348 satta
1149 2286 1187 2348 in
1202 2287 1283 2348 altri
1295 2283 1400 2362 luoghi

207 2393 229 2453 11
244 2391 743 2472 111111,11111111011115111111,
758 2391 787 2452 si
803 2408 915 2453 sonno
927 2390 973 2453 da
985 2392 1044 2454 noi
1055 2393 1177 2470 partiti
1188 2409 1259 2456 non
1270 2407 1345 2472 poco
1353 2406 1397 2469 per

206 2499 371 2578 ingratia
387 2499 442 2562 del
457 2499 607 2577 Signore
626 2498 810 2560 consolati.

267 2606 324 2670 Ma
344 2624 407 2686 per
433 2607 543 2668 uenir’
572 2606 639 2667 alle
660 2622 743 2667 cose
762 2605 821 2684 piu
844 2605 1057 2684 particolari;
1086 2615 1142 2668 tra
1167 2608 1281 2685 quelli,
1307 2599 1392 2668 chesi

205 2731 318 2797 sonno
334 2712 861 2792 101111551ῑί(1111511ς101111,11111
879 2717 898 2774 e
915 2721 1020 2786 51110,
1034 2712 1057 2774 11
1070 2715 1173 2792 quale
1184 2730 1253 2776 con
1264 2707 1392 2777 tuttoche

206 2820 357 2883 hauesse
373 2821 416 2882 da
434 2821 541 2881 molto
557 2829 674 2898 tempo
689 2818 924 2881 determinato
939 2818 972 2880 d’
990 2834 1213 2882 ammazzare
1228 2823 1261 2883 la
1278 2836 1333 2882 sua
1343 2830 1390 2877 no-

203 2930 285 3006 glie,
303 2928 503 2990 confessato
519 2927 584 2988 che
600 2926 630 2987 si
645 2925 693 3002 su,
711 2931 806 2988 muto
823 2927 855 2987 lo
870 2926 1049 3004 proposito
1065 2928 1144 2988 1111
1159 2928 1243 2990 uita.
1260 2926 1320 2989 Vn’
1328 2923 1391 2985 altro

205 3040 252 3116 su,
269 3039 292 3100 il
307 3039 410 3114 quale
425 3034 526 3113 quasi
541 3042 630 3095 tutto
645 3033 669 3093 11
684 3042 801 3111 tempo
816 3032 907 3094 della
931 3049 994 3094 sua
1010 3033 1083 3094 uita
1102 3034 1132 3095 si
1147 3052 1210 3097 era
1230 3033 1391 3096 confessato

207 3147 411 3219 fittamente,
429 3140 611 3204 lasciando
626 3157 690 3217 per
708 3155 892 3217 uergogna
915 3138 950 3199 di
971 3140 1189 3202 manifestar’
1213 3140 1319 3203 alcuni
1336 3131 1391 3197 delii

206 3253 264 3332 piu
276 3252 380 3330 graui
393 3250 530 3330 peccati
543 3251 576 3310 ai
590 3247 804 3323 consessore,
822 3247 1033 3309 nondimeno
1049 3248 1119 3309 mai
1136 3249 1289 3310 lasciaua
1299 3245 1327 3308 di
1336 3255 1391 3304 con·

205 3360 351 3421 sessarsi
366 3368 400 3420 et
416 3355 691 3419 communicarsi
706 3357 739 3417 nl
754 3371 889 3433 spesso,
907 3371 1007 3416 come
1022 3371 1093 3416 non
1112 3355 1263 3418 hauesse
1282 3354 1391 3435 peccato

206 3469 333 3529 alcuno
349 3467 384 3529 in
399 3484 437 3528 se
452 3466 517 3526 che
533 3464 558 3525 li
572 3478 745 3540 grauasse
759 3461 792 3522 11
809 3462 1029 3523 conscienza.
1045 3460 1319 3525 Confessandose
1330 3456 1387 3519 dun

205 3590 273 3652 que
288 3573 401 3634 costui
416 3590 482 3633 con
499 3587 569 3631 vno
585 3569 666 3631 delli
678 3567 783 3629 Padri
797 3577 832 3629 et
852 3567 1001 3629 essendo
1016 3584 1079 3646 per
1099 3569 1301 3631 manifestor
1313 3565 1331 3627 il
1347 3571 1390 3620 su⁰

207 3691 365 3758 peccato,
383 3677 557 3740 comincio
574 3676 687 3756 prima
703 3691 765 3753 per
786 3674 942 3753 inganno
963 3673 1017 3736 del
1039 3675 1204 3736 demonio
1225 3694 1245 3738 1
1264 3679 1390 3736 trenaro

206 3796 241 3848 et
256 3785 349 3865 dopo
364 3786 493 3847 sudare
510 3801 572 3862 per
588 3799 678 3861 gran
693 3782 813 3859 fatica,
831 3782 864 3843 11
879 3783 959 3860 qual
972 3790 1117 3843 senteua
1138 3765 1390 3847 (1111101151,ᾶί

209 3893 312 3957 modo
328 3894 392 3954 che
409 3892 509 3971 quasi
526 3890 593 3951 due
607 3889 693 3951 hore
709 3898 812 3951 stette
824 3887 965 3950 dinanzi
978 3888 1043 3950 che
1055 3890 1086 3950 si
1098 3890 1313 3952 consessasse
1323 3874 1390 3947 intio·

206 4010 363 4063 ramento
379 4017 445 4061 con
460 4015 552 4077 gran
567 3997 743 4074 trauaglio
759 4013 822 4057 suo
837 4004 871 4057 et
886 3996 942 4057 del
956 3995 1176 4073 confessore,
1200 3998 1224 4059 il
1238 3995 1328 4077 quale
1342 3994 1391 4048 11⁰ss

204 4124 355 4168 cessaua
371 4106 575 4181 essortarlo,
593 4113 627 4165 et
643 4105 711 4165 alla
727 4103 840 4165 intera
861 4102 1099 4180 consessione,
1116 4113 1151 4166 et
1167 4105 1237 4167 alla
1257 4095 1390 4165 oratione.

206 4231 269 4291 per
284 4215 316 4274 11
329 4214 432 4292 quale
447 4213 563 4290 quella
576 4211 632 4272 dal
644 4209 773 4287 Signor
784 4212 914 4288 potess'
929 4209 1130 4289 impetrare.
1145 4192 1392 4275 Confessntoclle

204 4320 236 4381 si
252 4319 299 4398 su,
317 4339 355 4383 se
370 4323 463 4400 parti
477 4336 539 4398 per
554 4320 588 4379 la
602 4317 724 4379 diuina
739 4316 982 4379 misericordia
996 4318 1250 4395 grandemente
1269 4302 1390 4378 consola·

208 4442 253 4491 to.
275 4428 344 4490 Tre
364 4430 491 4503 donne,
513 4427 543 4487 le
562 4424 629 4486 due
650 4423 740 4486 delle
760 4423 855 4502 quali
875 4422 920 4485 da
941 4433 994 4485 tre
1020 4424 1103 4485 anni
1128 4433 1163 4485 et
1183 4440 1305 4497 mezzo,
1324 4406 1389 4476 01¹³

205 4546 333 4616 quarta
348 4536 429 4614 (sic)
445 4536 489 4596 da
505 4545 632 4612 quatro
649 4542 683 4594 et
699 4531 815 4594 alcuni
831 4532 918 4592 mesi
933 4531 976 4593 de
987 4531 1063 4610 piu,
1084 4549 1154 4594 non
1169 4532 1199 4592 s’
1217 4544 1315 4595 erano
1331 4528 1388 4595 ‚⁰⁰fl'

207 4640 744 4722 1155111,51111101111111111110,
767 4655 805 4700 se
825 4638 1078 4701 confessorono
1102 4657 1170 4701 con
1192 4640 1291 4702 molto
1308 4617 1387 4711 penti·
