3240 5386
709 435 773 486 ,mu
796 428 865 485 1555
1343 422 1399 483 ⁴85

101 560 168 641 J
189 589 316 653 amque
327 573 410 637 illud
427 575 643 654 acceptabile
658 586 796 653 tempus
811 574 856 636 ab
871 572 978 635 Esaia
994 571 1225 650 praedictum,
1240 586 1310 649 quo
1324 571 1395 650 lupi

109 669 149 733 i
163 694 206 741 m
228 697 342 760 agnos
365 690 585 745 mutarentur
609 681 617 712 ¹
640 693 720 759 eto,
744 680 932 743 aduenisse
947 688 1133 752 testantur;
1155 676 1250 759 quod
1270 694 1393 740 uerum

101 799 245 849 esse
261 785 366 850 facile
381 805 461 851 cum
477 789 545 852 illis
560 798 594 852 et
610 805 676 867 ego
692 788 884 851 crederem.
901 785 1063 849 Vidisses
1078 784 1262 865 siquidem,
1280 784 1321 847 R.
1339 783 1390 862 Ρ.,

111 893 331 967 proximo
352 895 646 974 quadragesimae
668 905 826 976 tempore
847 911 919 956 non
938 908 1072 973 paucos
1095 909 1140 954 ex
1161 891 1228 970 his,
1251 891 1310 971 qui
1334 909 1393 953 no·

105 1007 280 1062 strum
296 1000 415 1064 adiere
436 1004 616 1082 templum,
636 1002 671 1065 in
687 1020 756 1082 quo
777 1001 926 1080 singulis
946 1000 1067 1063 diebus
1088 998 1394 1079 frequentissimae

115 1102 389 1171 habebantur
401 1110 600 1185 conciones
618 1110 718 1186 alios,
735 1109 845 1172 armis
859 1126 881 1170 a
896 1107 1011 1187 capite
1032 1106 1138 1185 (quod
1158 1105 1267 1183 aiunt)
1283 1122 1393 1183 usque

116 1211 207 1273 ad
223 1215 361 1277 calcem
377 1216 529 1291 indutos,
547 1217 582 1279 in
598 1218 760 1296 luporum
772 1233 906 1278 morem
918 1215 1115 1278 fraternum
1124 1212 1334 1289 sanguinem
1349 1211 1392 1274 si·

111 1318 304 1399 tientes
321 1339 405 1384 mox
426 1323 474 1384 ita
490 1322 593 1385 mites
614 1322 769 1399 effectos,
786 1338 959 1402 agnorum
981 1319 1137 1383 induisse
1156 1316 1392 1381 mansuetudi-

123 1441 255 1505 nem,
275 1440 311 1490 ut
326 1445 397 1491 non
413 1428 516 1492 modo
531 1432 707 1493 neminem
730 1429 797 1508 ipsi
817 1427 1008 1504 laederent,
1026 1424 1088 1489 sed
1108 1426 1225 1489 illatas
1245 1424 1289 1486 ab
1312 1425 1391 1488 aliis

128 1535 397 1598 contumelias
421 1537 635 1617 aequissimo
666 1537 785 1599 animo
814 1534 965 1614 l'errent;
995 1534 1085 1596 alios
1112 1533 1390 1611 superbientium

126 1640 305 1703 leonum
329 1641 460 1705 fastum
485 1644 701 1722 deponentes
725 1644 882 1722 quietum
906 1650 1090 1720 tutumque
1114 1638 1257 1702 uiuendi
1277 1655 1391 1718 genus

136 1764 244 1810 cum
267 1749 392 1813 ouibus
414 1751 574 1830 elegisse.
600 1749 691 1830 Quid
713 1750 830 1830 plura?
851 1747 1012 1812 audisses
1031 1764 1102 1810 non
1122 1746 1203 1810 fieta
1224 1747 1388 1826 suspiria,

140 1871 322 1918 summos
336 1857 518 1937 utriusque
533 1874 640 1920 sexus
653 1857 816 1937 gemitus:
833 1872 1087 1935 nonnunquam
1102 1854 1208 1916 etiarn
1229 1854 1390 1916 homines

144 1958 315 2024 uidisses
327 1980 413 2042 prae
424 1965 533 2028 nimio
547 1963 665 2026 cordis
675 1964 803 2027 ardore
815 1963 877 2026 vix
889 1964 1081 2026 clamorem
1093 1961 1258 2024 cohibere
1273 1962 1389 2022 valen·

138 2074 226 2129 tes
246 2065 350 2130 Vnde
361 2069 494 2133 factum
513 2082 578 2144 est,
596 2082 719 2134 utnon
738 2074 853 2133 minor
867 2078 947 2149 post
959 2067 1285 2148 quadragesimales
1300 2065 1386 2144 dies,

147 2189 268 2252 quam
284 2184 377 2255 ante,
394 2176 586 2240 conflueret
601 2177 809 2256 frequentia,
821 2176 921 2238 verbi
936 2175 1003 2238 Dei
1019 2173 1184 2237 audiendi
1199 2173 1384 2236 desiderio.

221 2278 303 2357 Sed,
321 2284 488 2360 quoniam
503 2301 573 2347 non
589 2283 708 2346 omnia
722 2283 830 2346 scribi
852 2293 1011 2362 possunt,
1033 2281 1118 2344 illud
1133 2282 1258 2344 saltem
1278 2297 1387 2343 unum

148 2387 299 2450 silentio
313 2405 383 2451 non
394 2399 447 2452 est
458 2390 766 2469 praetereundum.
780 2387 868 2453 Cum
877 2387 970 2451 Κέω
988 2389 1025 2450 Ρ.
1039 2387 1279 2467 Hieronymus
1294 2386 1386 2450 Otel·

151 2496 213 2557 lus
227 2494 285 2557 die
299 2495 453 2575 quadam
476 2496 518 2558 de
540 2497 661 2560 diuina
680 2497 733 2559 ira
755 2499 792 2561 in
813 2506 1020 2576 peccatores
1039 2495 1309 2557 concionaretur
1331 2497 1385 2568 (eo

143 2601 253 2664 enim
273 2609 431 2680 tempore
450 2613 609 2666 extrema
635 2620 745 2683 prope
769 2602 882 2665 fames
906 2602 998 2665 hanc
1018 2609 1243 2681 oppresserat
1263 2601 1384 2663 ciuita-

155 2706 254 2784 tem),
271 2724 315 2769 eo
330 2708 582 2772 lachrimarum
597 2726 804 2790 processum
818 2718 883 2787 est,
900 2718 938 2772 ut
958 2708 1063 2771 etiam
1084 2707 1293 2770 nobilissimi
1312 2706 1383 2785 qui·

156 2829 225 2893 que
240 2813 322 2892 uiri,
338 2815 488 2893 genibus
502 2816 538 2879 in
553 2825 684 2879 terram
695 2816 883 2896 prouoluti‚
897 2825 930 2878 et
941 2824 1087 2895 pectora
1098 2813 1295 2891 tundentes,
1309 2825 1383 2876 tan·

158 2929 215 2982 tae
237 2920 351 2984 cladis
371 2939 409 2985 se
428 2939 585 3002 eausam,
602 2923 716 2986 sinon
738 2924 932 2986 clamantes
945 2920 1154 3001 proferrent,
1172 2920 1242 2982 imo
1257 2921 1384 2982 saltem

157 3011 302 3104 pectore
321 3036 356 3090 et
376 3039 611 3107 agnoscerent
632 3040 666 3092 et
691 3028 952 3092 confiterentur.
979 3027 1152 3090 Absoluta
1174 3026 1245 3089 iam
1267 3025 1384 3089 suerat

152 3133 293 3211 concio,
308 3133 599 3214 iamquedomum
608 3153 645 3198 se
657 3145 840 3215 receperat
851 3135 1092 3210 concionator,
1105 3143 1210 3213 atque
1220 3133 1269 3196 illi
1281 3132 1382 3196 flexis

156 3239 321 3318 genibus,
338 3241 437 3304 multi
451 3259 590 3322 quoque
607 3243 762 3306 extensis
776 3242 950 3318 manibus
968 3240 1131 3320 precibus
1151 3249 1185 3302 et
1200 3240 1382 3303 lachrimis

154 3344 271 3410 adhuc
286 3347 430 3410 modum
444 3366 514 3411 non
530 3351 781 3428 imposuerant.
797 3349 931 3413 Eodem
943 3349 998 3411 die
1009 3347 1053 3410 de
1064 3365 1103 3410 re
1114 3365 1185 3410 non
1196 3348 1301 3426 longe
1312 3348 1381 3410 dis-

154 3453 529 3532 simili,nonnullorum
540 3456 709 3535 impulsus
721 3456 955 3535 petitionibus,
965 3456 1001 3518 in
1011 3455 1140 3533 templo
1149 3453 1302 3534 quodam
1310 3454 1380 3517 alio

153 3576 355 3623 sermonem
366 3561 499 3640 habuit,
513 3580 702 3643 quousque
714 3561 802 3626 adeo
814 3562 1030 3626 audientium
1043 3562 1180 3624 animos
1191 3561 1377 3640 permonit,

155 3672 194 3728 ut
208 3668 264 3729 uel
279 3669 483 3731 exclamare
498 3680 720 3747 cogerentur.
737 3668 808 3731 Res
822 3686 864 3731 ea
879 3678 944 3747 est,
961 3685 1052 3748 quae
1067 3668 1127 3731 uix
1141 3667 1239 3731 credi
1254 3668 1377 3747 possit,

154 3770 218 3835 sed
232 3788 319 3835 sane
334 3789 432 3837 uera.
448 3773 543 3838 Inter
554 3792 644 3856 quos
656 3793 778 3838 omnes
790 3785 953 3838 matrona
964 3775 1137 3855 quaedam
1148 3774 1378 3851 nobilissima,

154 3888 369 3960 nostraeque
388 3878 559 3945 Societati
579 3882 833 3961 addictissima,
856 3884 917 3945 uix
933 3882 1043 3945 diuini
1063 3883 1208 3962 spiritus
1228 3882 1377 3961 patiens,

152 3982 270 4049 effecit
284 3986 379 4066 apud
393 3988 521 4067 uirum,
538 3999 575 4052 ut
590 3991 795 4069 impetraret
818 4007 838 4052 a
858 3989 978 4068 templi
998 3988 1143 4051 maioris
1157 3987 1320 4068 praeside
1335 4005 1378 4050 ac

152 4087 316 4155 Patribus
333 4093 564 4174 ConscriptiS,
582 4105 619 4158 ut
632 4095 772 4158 Patrem
784 4095 1051 4175 Hieronymum,
1065 4111 1134 4175 quo
1147 4093 1192 4157 ad
1204 4111 1378 4157 summum

151 4201 320 4278 templum
346 4201 619 4265 concionaturus
643 4203 796 4279 ueniret,
822 4213 1024 4278 exorarent,
1045 4218 1195 4280 quorum
1215 4200 1379 4281 precibus

148 4305 318 4384 quoniam
343 4304 385 4369 R.
407 4304 444 4370 P.
472 4308 636 4371 resistere
657 4326 727 4371 non
748 4308 870 4388 potuit,
893 4308 1122 4371 concionatus
1142 4316 1205 4384 est,
1226 4308 1275 4369 ita
1292 4324 1378 4371 sane

146 4410 340 4491 feruentes,
358 4422 396 4476 ut
409 4431 509 4494 spem
521 4415 677 4478 omnium
691 4415 826 4479 uicerit.
842 4414 945 4494 Quod
961 4418 1017 4478 uel
1034 4433 1078 4479 ex
1097 4432 1139 4479 eo
1160 4431 1378 4494 cognoscere

189 4580 197 4613 ⁴
228 4579 371 4625 Habitablt
384 4582 466 4636 lupus
485 4592 546 4627 cum
564 4593 639 4635 agno.
654 4581 737 4626 lsalae
749 4583 804 4637 xt,6
824 4581 961 4638 -“Lupus
972 4587 997 4627 et
1007 4593 1095 4637 agnus
1107 4586 1258 4638 pascentur
1272 4582 1378 4636 annul..

143 4652 185 4698 ld.
195 4662 256 4701 m.
266 4652 303 4696 25.
