3210 5392
183 409 238 468 390
565 407 736 468 Ltrrnaaa
756 424 1027 477 Qusoaruasraas

181 553 285 616 rauit.
309 551 461 630 liiagnus
487 552 553 615 fuit
573 562 657 615 tunc
677 551 918 616 confitentium
939 563 974 616 et
994 554 1336 617 communicantium
1357 570 1411 617 nu·

182 674 310 736 merus
327 659 386 739 qui
400 675 524 722 rursus
539 658 585 722 ad
599 658 727 722 festum
742 659 924 739 paschatis
938 659 1134 723 confessuri
1154 660 1200 724 ad
1221 678 1290 724 nos
1304 660 1411 725 redie·

182 777 274 843 runt,
292 745 442 846 quorum
456 765 550 828 votis
564 765 668 829 facile
684 766 905 829 satisfactum
926 777 1033 845 esset,
1049 767 1117 829 nisi
1129 768 1298 846 paucitas
1311 766 1411 830 obsti·

183 873 283 935 tisset
298 873 534 951 sacerdotum;
551 872 611 934 vbi
627 888 721 935 nunc
735 871 776 934 R.
794 872 869 935 Tua
885 872 1008 935 videre
1021 882 1137 953 potest
1153 892 1198 935 an
1211 872 1346 936 iratres
1358 890 1411 937 no«

183 980 259 1054 stri,
276 979 335 1059 qui
350 978 603 1041 nudiustertius
618 978 771 1058 insignia
786 978 983 1057 Magisterii
994 979 1124 1042 artium
1138 996 1333 1060 suscepere
1346 980 1411 1060 (qui

183 1085 324 1166 quidem
339 1094 421 1148 sunt
435 1083 577 1148 diaconi
591 1093 626 1148 et
637 1084 868 1164 subdiaconi),
886 1085 1037 1149 debeant
1056 1102 1169 1166 ocyus
1188 1084 1233 1148 ad
1249 1085 1411 1151 sacerdo·

182 1194 273 1255 tales
290 1207 431 1272 quoque
453 1191 594 1255 ordines
615 1192 815 1272 promoueri
841 1200 892 1268 vt,
914 1191 1210 1272 quemadmodum
1224 1210 1324 1255 nunc
1338 1210 1411 1273 ger·

184 1298 332 1361 manicis
352 1298 580 1361 concionibus
599 1300 768 1379 populum
788 1299 978 1370 instruunt,
999 1299 1049 1361 ita
1069 1308 1104 1361 et
1126 1299 1162 1361 in
1182 1298 1411 1364 confessioni·

183 1407 249 1468 bus
262 1405 314 1468 eis
328 1405 501 1468 inseruire
516 1405 560 1468 sit
576 1406 697 1486 pietati
713 1400 1004 1484 consentaneum
1021 1403 1083 1468 sed
1100 1404 1136 1469 id
1151 1405 1196 1469 V.
1210 1404 1249 1468 P.
1264 1407 1411 1471 arbitrio

184 1513 423 1592 relinquimus.

243 1619 395 1697 Magnus
410 1618 475 1682 iuit
490 1619 596 1682 etiam
616 1628 766 1700 utroque
782 1629 940 1700 tempore
956 1621 1153 1683 alienarum
1167 1621 1355 1685 nationum
1369 1622 1411 1685 ad

184 1742 251 1789 nos
265 1742 471 1803 concursus,
485 1726 674 1807 praecipue
685 1735 804 1789 tamen
815 1726 1069 1807 hyspanorum,
1082 1737 1118 1791 et
1129 1726 1273 1808 quidem
1284 1729 1411 1809 prima·

184 1833 317 1896 riorum
332 1833 490 1896 virorum
509 1849 554 1895 ex
575 1833 656 1894 aula
678 1830 884 1896 Serenissae
906 1832 1065 1912 Reginae
1078 1832 1274 1897 Bohemiae
1296 1833 1317 1912 ¹,
1339 1836 1412 1915 qui·

184 1940 249 2001 bus
264 1938 427 2003 omnibus
441 1954 572 2019 magna
588 1956 668 2003 cum
683 1956 806 2002 eorum
820 1950 855 2002 et
871 1938 1117 2003 aedificatione
1129 1951 1164 2003 et
1176 1940 1296 2003 fructu
1312 1941 1411 2004 satis·

183 2044 315 2109 iactum
331 2045 519 2122 credimus,
536 2055 576 2109 vt
590 2045 634 2108 de
650 2046 744 2110 italis
759 2054 794 2109 et
808 2047 913 2125 galiis
927 2055 1077 2124 taceam,
1095 2047 1222 2126 quibus
1242 2062 1314 2127 ego
1328 2064 1411 2129 quo·

184 2169 252 2231 que
273 2169 338 2233 pro
358 2169 437 2215 mea
456 2152 627 2215 tenuitate
647 2152 681 2214 in
702 2152 771 2215 hac
792 2161 893 2231 parte
913 2150 999 2215 dare
1022 2168 1167 2233 operam
1182 2152 1306 2233 jussus
1320 2172 1412 2224 sum.

184 2275 268 2322 nam
283 2257 469 2322 audiendis
482 2258 664 2338 germanis
678 2258 765 2321 satis
784 2258 1051 2339 occupabantur
1072 2257 1113 2322 R.
1136 2258 1174 2322 P.
1195 2258 1366 2325 Canisius
1379 2270 1411 2325 et

186 2364 356 2428 Godanus
370 2365 393 2428 ³.
410 2364 581 2428 Interhos
602 2381 725 2427 omnes
735 2363 877 2428 fuerunt
896 2381 967 2428 non
981 2366 1097 2446 pauci,
1118 2365 1179 2446 qui
1201 2366 1237 2444 in
1257 2369 1360 2447 iociS,
1378 2369 1411 2432 iu

182 2472 307 2553 quibus
322 2472 466 2551 linguae
480 2472 731 2535 commercium
746 2487 816 2533 non
832 2471 1011 2535 habebant
1025 2470 1047 2550 ⁸,
1065 2472 1133 2536 sibi
1147 2473 1341 2538 barbaris·
1354 2476 1411 2539 diu

181 2579 403 2656 commorati,
420 2581 626 2658 permultos
648 2594 760 2641 annos
781 2577 1015 2642 consessionis
1029 2579 1189 2644 antidoto
1206 2593 1411 2661 caruerant;

181 2687 254 2762 sed,
270 2694 459 2766 postquam
478 2700 626 2763 grauem
646 2685 742 2747 iliam
762 2685 1001 2749 conscientiae
1022 2702 1108 2749 suae
1126 2688 1256 2752 molem
1278 2689 1411 2753 salubri

180 2791 404 2855 confessione
418 2791 475 2854 hic
490 2792 739 2871 deposuerunt,
756 2808 794 2854 se
810 2792 950 2855 abunde
965 2793 1168 2857 consolatos
1182 2811 1225 2857 ac
1237 2796 1356 2858 laetos
1366 2807 1411 2859 te·

181 2900 262 2963 stati
284 2908 376 2962 sunt.
401 2897 581 2977 Quantum
606 2915 693 2960 vero
716 2897 920 2961 aedificetur
941 2901 1094 2980 populus
1115 2901 1347 2979 germanicus
1369 2922 1411 2966 ex

180 2997 460 3061 confessionibus
475 2997 569 3076 apud
584 3004 724 3059 nostros
745 2996 951 3060 sacerdotes
964 2995 1080 3076 factis,
1097 2997 1201 3061 fidem
1216 2998 1306 3063 iacit
1322 3001 1411 3082 ipso·

180 3122 258 3167 rum
274 3106 333 3184 qui
348 3103 557 3167 confitentur
572 3102 777 3181 admiratio,
793 3104 886 3183 quod
902 3104 991 3167 adeo
1007 3114 1133 3168 exacte
1147 3105 1411 3184 examinentur,

181 3221 322 3290 praeter
347 3228 480 3273 morem
506 3227 592 3273 suae
617 3210 765 3289 patriae,
789 3211 848 3289 qui
872 3211 884 3245 ⁸
908 3228 1002 3273 nunc
1024 3228 1086 3291 per
1111 3212 1411 3278 lutheranismum

180 3319 313 3397 passim
339 3319 485 3380 inoieuit
511 3335 574 3399 per
600 3316 830 3380 Germaniam
854 3316 877 3391 ⁸,
905 3319 1067 3398 quodque
1087 3319 1138 3382 sic
1158 3318 1361 3385 doceantur
1380 3333 1411 3386 et

181 3427 407 3487 consolentur
422 3425 456 3486 in
472 3423 636 3486 Domino,

240 3530 297 3594 Ad
318 3531 407 3593 haec
427 3531 566 3609 plurimi
587 3531 644 3609 pia
667 3531 820 3610 quadam
841 3533 1076 3596 aemulatione
1095 3535 1318 3598 contendunt
1343 3536 1412 3597 cul·

181 3650 256 3701 tum
270 3636 335 3700 Dei
352 3647 386 3700 et
401 3649 565 3700 ornatum
580 3637 753 3700 ecclesiae
768 3648 911 3702 nostrae
927 3640 963 3702 in
979 3640 1053 3701 dies
1070 3640 1302 3720 amplificare.
1320 3642 1411 3705 Inter

182 3747 248 3807 hos
261 3744 451 3825 praecipue
469 3742 659 3807 Sereniss⁸
678 3742 816 3822 Regina
838 3745 1039 3823 Bohemica,
1063 3764 1165 3826 quae,
1186 3749 1338 3810 multum
1354 3748 1411 3811 So·

180 3853 299 3915 cietati
314 3861 458 3915 nostrae
474 3852 614 3928 deuota,
635 3853 774 3914 curauit
790 3853 933 3915 diuersa
953 3853 1079 3915 altaria
1101 3854 1355 3932 pulcherrimis
1372 3872 1411 3918 ac

223 4060 229 4090 ¹
260 4056 351 4108 Maria,
362 4055 449 4099 Caroli
460 4055 485 4098 V
496 4055 556 4105 filis.
568 4063 593 4098 et
605 4054 775 4099 Maximiiisni
787 4054 818 4107 li,
830 4056 990 4101 Ferdinandl
1000 4056 1011 4100 l
1023 4056 1067 4101 filii
1078 4059 1255 4112 primogeniti,
1266 4071 1343 4103 asor.

221 4128 231 4156 i
260 4127 288 4170 P.
301 4127 422 4171 Nicotaus
433 4128 463 4170 de
474 4125 566 4174 Fictis.
579 4128 747 4170 communiter
765 4127 791 4170 P.
808 4127 940 4182 Codanus,
951 4127 1094 4172 Goudsnus
1108 4131 1151 4173 vel
1162 4129 1306 4175 Gaudautss
1320 4133 1411 4176 dictus.

220 4201 232 4231 ³
258 4200 348 4244 Verba
365 4200 429 4242 haec
441 4200 470 4240 in
481 4199 577 4252 quibus
587 4199 697 4251 linguae
713 4201 904 4243 construendum
920 4211 971 4243 non
987 4200 1129 4254 habebant,
1144 4203 1343 4256 perspicuitatis
1356 4215 1411 4257 gra·

182 4275 228 4323 tis,
238 4274 312 4326 signo
323 4281 351 4314 ut
363 4271 405 4314 hic
416 4272 564 4314 inserantur
572 4271 700 4323 apposito,
712 4271 801 4314 addita
812 4277 871 4314 sunt
880 4273 905 4315 in
916 4274 1033 4326 margine
1044 4284 1060 4316 s
1071 4272 1191 4317 Polsnco.

221 4347 233 4377 ὁ
261 4344 349 4387 Verba
365 4343 429 4386 haec
445 4343 498 4384 sibi
512 4343 638 4384 barbaris
655 4343 802 4385 cancellata
821 4343 942 4387 videntur
957 4356 973 4388 a
983 4344 1103 4395 Polauco,
1120 4346 1163 4399 qui
1178 4346 1246 4390 forte
1257 4357 1346 4390 eorum
1357 4348 1411 4390 loco

181 4416 302 4461 substitui
314 4416 419 4458 volebat
431 4415 531 4468 quaein
543 4415 668 4467 margine,
679 4421 707 4456 ut
719 4415 887 4457 annotatione
897 4416 1070 4469 praecedente
1080 4417 1200 4469 diximus,
1210 4418 1331 4473 scripsit.

222 4488 232 4521 ³
260 4489 306 4540 qui
316 4488 458 4540 scripserat
468 4485 592 4537 Ersrdus;
603 4486 648 4528 sed
656 4486 795 4528 emendans
804 4487 1017 4541 aliquisscrlpsit‚
1029 4495 1056 4530 ut
1065 4489 1178 4541 videtur,
1186 4498 1325 4544 perperam
1336 4501 1411 4544 quoe.

221 4558 233 4592 ⁸
261 4559 327 4603 Vide
338 4568 427 4612 supra,
439 4564 457 4600 t.
468 4566 495 4610 rt,
505 4568 565 4611 pag.
579 4557 628 4609 638,
645 4568 742 4601 morem
758 4557 826 4601 hunc
843 4558 1000 4613 descriptum
1017 4561 1050 4603 sb
1065 4561 1121 4614 ipso
1136 4556 1247 4615 litando,
1263 4567 1290 4605 et
1300 4563 1411 4606 Potasti

185 4632 342 4683 Chronicou,
354 4638 371 4674 t.
382 4639 418 4683 rv,
429 4638 489 4683 psa.
499 4629 547 4679 att,
559 4640 583 4672 n.
593 4629 644 4672 529.
