3210 5392
670 428 733 486 Au.
756 430 825 487 1555
1313 429 1368 489 215

120 571 296 635 intimum
321 571 441 636 cordis
461 573 517 637 sui
540 573 718 652 patefecit,
741 575 860 637 diuino
881 574 992 637 fretus
1013 573 1156 651 auxilio,
1181 575 1366 653 alloquens

121 676 304 756 quosdam
325 696 401 743 rem
423 698 563 744 omnem
584 681 819 760 compescuit,
841 690 968 743 ettam
988 696 1157 758 magnam
1175 689 1362 760 tempesta·

123 793 202 846 tem
217 785 366 866 sedauit,
383 798 489 866 atque
502 785 622 850 effecit
642 798 681 850 vt
703 787 852 851 libenter
874 787 1019 866 cognati
1041 788 1117 849 eius
1139 787 1365 850 matrimonio

118 894 398 961 assentirentur.
412 892 580 972 Quaeres
593 912 664 956 non
676 912 809 975 paruae
821 893 1067 957 admirationis
1083 893 1246 956 omnibus
1261 910 1366 972 argu·

124 1005 288 1062 mentum
302 997 378 1076 fuit,
395 1011 438 1076 vt
450 1001 593 1063 etinunc
614 1001 780 1079 ignorent
799 1001 898 1063 multi
919 1009 953 1063 et
975 1000 1195 1063 admirentur
1215 1018 1284 1080 quo
1306 1019 1363 1081 pa·

129 1113 192 1166 cto
207 1114 280 1168 tarn
294 1122 446 1185 magnus
459 1106 552 1185 ignis
568 1115 640 1169 tam
655 1109 726 1170 cito
740 1107 920 1170 extinctus
935 1107 992 1170 sit.

189 1210 292 1274 Aliae
316 1213 437 1293 plures
460 1213 640 1276 amicitiae
663 1212 781 1277 factae
802 1224 895 1291 sunt,
919 1223 953 1275 et
975 1213 1165 1293 praecipue
1193 1213 1297 1288 duae,
1327 1215 1363 1276 in

118 1335 280 1398 quarum
305 1321 418 1382 altera
441 1320 618 1401 aliquibus
643 1320 849 1383 imminebat
872 1320 1067 1400 periculum
1089 1321 1235 1383 honoris
1257 1330 1293 1382 et
1312 1320 1360 1383 ia-

120 1442 219 1503 mae,
235 1443 317 1489 cum
330 1437 450 1491 essent
464 1429 624 1491 homines
636 1446 706 1491 non
719 1427 859 1491 infimae
872 1426 1097 1505 conditionis
1111 1429 1191 1491 aliis
1201 1446 1288 1491 vero
1301 1429 1361 1490 im-

122 1532 284 1596 minebat
299 1533 491 1598 discrimen
505 1534 613 1613 vitae,
630 1552 721 1615 quae
736 1535 834 1598 labes
855 1535 900 1597 ad
923 1535 1060 1613 aliquos
1080 1535 1187 1597 etiam
1208 1536 1359 1598 aliorum

120 1638 338 1718 oppidorum
352 1641 632 1715 seextendebat,
649 1641 732 1721 quia
747 1650 849 1704 erant
865 1640 1011 1720 cognati
1026 1650 1060 1702 et
1076 1641 1182 1703 amici
1196 1641 1358 1704 istorum.

117 1743 228 1824 Quae
240 1747 359 1809 omnia
372 1745 470 1814 Deus
480 1764 544 1827 per
555 1748 743 1827 quemdam
751 1747 894 1810 Patrem
906 1747 1009 1810 buius
1018 1748 1142 1810 domus
1151 1746 1253 1809 facile
1266 1765 1356 1810 com-

118 1853 278 1933 pescuit,
294 1861 340 1932 et,
356 1854 511 1934 laqueos
519 1853 653 1917 inimici
668 1863 867 1930 conterens,
886 1854 922 1917 in
933 1854 1058 1917 melius
1069 1854 1185 1916 vertit.
1200 1854 1357 1917 Fuerunt

123 1961 250 2022 itidem
264 1959 333 2023 duo
347 1970 576 2033 mercatores
598 1961 690 2024 inter
712 1979 801 2041 quos
821 1979 952 2040 magna
972 1961 1230 2025 discordiarum
1253 1970 1359 2025 matc-

119 2068 197 2130 ries
211 2066 465 2130 suscitabatur.
481 2067 550 2146 Qui
562 2068 592 2132 si
605 2068 787 2131 discordes
798 2069 1063 2144 remansissent,
1078 2078 1152 2132 tum
1163 2067 1271 2146 fama,
1285 2077 1360 2132 tum

119 2175 230 2250 bona,
248 2190 319 2236 non
338 2175 454 2237 solum
469 2173 628 2254 ipsorum
644 2175 706 2237 sed
721 2186 755 2237 et
776 2175 938 2252 aliorum,
963 2176 999 2237 in
1019 2176 1175 2256 periculo
1190 2187 1302 2255 erant,
1325 2189 1360 2240 et

119 2279 300 2362 quamuis.
324 2280 518 2360 instigante
544 2281 696 2359 inimico,
720 2285 831 2345 multa
856 2283 1074 2359 oriebantur,
1097 2300 1188 2362 quae
1213 2269 1357 2349 concor·

112 2388 221 2451 diam
247 2387 502 2467 impediebant,
526 2398 657 2463 tamen,
679 2389 935 2452 interueniente
955 2389 1109 2468 quodam
1128 2400 1229 2468 patre
1254 2390 1359 2453 huius

113 2488 262 2572 domus,
280 2493 379 2557 Deus
394 2495 514 2560 omnia
528 2505 625 2558 recte
639 2493 813 2576 disposuit
828 2505 933 2575 atque
949 2496 997 2558 ita
1009 2496 1190 2574 negotium
1206 2497 1275 2559 illis
1289 2496 1357 2559 foe-

116 2602 242 2665 liciter
255 2601 374 2664 cessit.
897 2600 901 2607 '
1100 2654 1105 2663 .

183 2706 274 2772 lllud
289 2725 361 2771 non
376 2706 518 2770 silentio
533 2708 886 2789 praetermittendum
904 2726 1045 2785 censeo,
1067 2709 1270 2772 venerande
1291 2709 1355 2774 Pa·

112 2827 187 2894 ter,
204 2814 301 2896 quod
321 2823 484 2877 nostrum
503 2815 647 2878 solitum
660 2816 869 2879 exercitium
891 2815 1146 2879 audiendarum
1167 2816 1356 2879 consessio·

115 2939 207 2987 num
220 2925 342 3002 gratia
355 2924 505 2988 Domini·
521 2927 557 2987 in
578 2926 653 2988 dies
672 2933 836 3002 augetur,
859 2932 893 2985 et
915 2923 950 2985 in
966 2922 1041 2986 dies
1060 2939 1226 2984 numerus
1249 2923 1353 2986 confi-

112 3029 272 3093 tentium
287 3033 430 3110 crescit,
442 3033 597 3095 maxime
607 3032 675 3094 hoc
687 3030 952 3094 sacratissimae
963 3028 1169 3092 Natiuitatis
1181 3039 1352 3108 tempore,

115 3146 159 3199 vt
175 3153 233 3199 me
247 3137 358 3201 lateat
373 3155 421 3201 an
435 3148 593 3218 tempore
609 3136 905 3217 quadragesimae
921 3146 955 3199 et
970 3137 1005 3199 in
1017 3137 1094 3215 ipsa
1107 3136 1212 3197 etiam
1226 3135 1353 3199 hebdo-

113 3241 230 3307 mada
253 3253 381 3306 sancta
403 3244 583 3324 copiosior
604 3261 773 3307 numerus
796 3243 1036 3306 confitentium
1061 3244 1355 3321 valeatreperiri

111 3349 231 3431 (quod
241 3367 312 3414 non
328 3350 492 3414 modicae
507 3351 752 3414 admirationis
764 3368 873 3414 cansa
886 3367 964 3412 esse
976 3350 1111 3429 possit),
1125 3367 1205 3413 cum
1216 3368 1287 3413 non
1298 3349 1354 3413 de·

116 3458 194 3521 sint
210 3456 450 3521 oblatratores
470 3467 504 3521 et
518 3458 580 3538 qui
594 3457 715 3521 verbis
729 3458 989 3519 detractionum
1004 3473 1069 3518 nos
1086 3468 1353 3537 persequantur;

108 3574 154 3628 ‹et
164 3564 313 3645 quanto
327 3565 445 3644 magis
460 3563 640 3628 deuotioni
653 3565 843 3628 multorum
858 3564 1030 3626 obsistere
1052 3573 1238 3642 conantur,
1256 3573 1353 3628 tanto

112 3671 239 3750 magis
252 3671 333 3751 ipsi,
350 3680 521 3752 tanquam
537 3672 581 3736 ad
596 3671 739 3751 nuptias
754 3670 904 3747 inuitati,
926 3670 971 3732 ad
990 3669 1285 3749 trequentandum
1299 3688 1353 3734 sa-

108 3787 304 3841 cramenta
318 3794 397 3841 sese
413 3778 566 3841 inuicem
578 3777 824 3840 adhortantur.
839 3776 942 3856 Quod
956 3785 1093 3856 spectat
1108 3775 1154 3838 ad
1166 3793 1352 3841 ornamen-

112 3893 154 3948 ta
169 3885 335 3965 corporis
349 3884 515 3965 vitaeque
530 3883 815 3962 castigationem,
837 3883 1063 3964 perspicuum
1079 3891 1132 3945 est
1148 3883 1303 3947 subitam
1316 3883 1352 3947 in

111 3991 238 4055 multis
252 3990 362 4054 fuisse
376 3990 618 4057 mutationem.
635 3990 689 4054 De
704 3991 859 4071 quodam
869 3989 977 4052 nobili
989 3988 1102 4051 fertur
1118 4005 1198 4051 eum
1209 4005 1352 4067 persua·

111 4098 208 4161 sisse
223 4106 273 4177 vt,
290 4099 351 4179 qui
365 4108 472 4161 antea
488 4098 586 4162 luxui
602 4108 636 4162 et
652 4098 894 4178 voluptatibus
906 4096 995 4159 alios
1007 4113 1071 4159 suo
1085 4097 1246 4176 exemplo
1263 4097 1351 4160 invi·

112 4204 230 4283 tabat,
246 4204 293 4268 sit
307 4205 414 4268 modo
429 4205 532 4285 quasi
549 4204 691 4268 virtutis
706 4205 888 4284 speculum
908 4213 943 4266 et
963 4204 999 4265 in
1019 4203 1097 4282 ipsa
1113 4211 1352 4266 sacramento·

109 4329 196 4375 rum
211 4311 495 4393 frequentatione
510 4310 605 4392 apud
620 4328 685 4373 nos
700 4318 917 4390 perseuerat.

177 4418 370 4482 Breuitatis
388 4435 498 4482 causa
519 4418 671 4498 plurima
693 4418 948 4498 praetermitt0,
972 4434 1064 4498 quae
1087 4417 1262 4481 Dominus
1287 4436 1351 4498 per

114 4526 183 4589 bos
197 4526 364 4589 minimos
378 4541 502 4589 seruos
517 4542 601 4589 suos
616 4525 783 4603 dignatus
797 4533 851 4587 est
864 4524 995 4602 facere,
1012 4534 1051 4587 vt
1071 4524 1107 4586 in
1122 4525 1350 4588 subleuandis

114 4652 141 4695 a
154 4633 215 4696 via
229 4633 439 4713 perditionis
452 4631 664 4710 hominibus
681 4632 741 4712 qui
756 4631 816 4694 diu
831 4631 865 4694 in
880 4631 976 4694 vitiis
992 4641 1026 4694 et
1043 4632 1200 4711 peccatis
1216 4632 1349 4694 detenti
