3210 5392
179 449 216 507 60
568 447 1026 517 Lmuaaaouaoaruusrnes

180 593 232 656 dit
246 592 381 671 unciaS,
399 601 434 655 et
448 591 594 656 totidem
609 593 764 672 reliquus
779 592 926 668 fructus,
943 591 1002 670 qui
1023 590 1058 654 in
1074 588 1198 653 eadem
1213 588 1320 652 vinea
1336 605 1422 668 pro-

183 700 289 778 uenit,
316 700 427 762 valet.
451 698 613 778 Quatuor
630 699 836 764 sacerdotes
855 700 1026 763 honestae
1049 697 1144 761 vitae
1170 695 1288 777 pueris
1313 712 1418 776 prae-

183 807 266 871 lecti
281 815 373 885 sunt,
390 807 450 887 qui
465 807 543 870 illos
558 808 685 871 docent
700 808 794 871 acin
809 806 922 871 officio
937 807 1099 870 retinent.

244 914 359 978 Datur
378 914 566 994 diligenter
584 931 693 993 opera
718 921 757 978 vt
778 913 1028 978 exaedificetur
1051 914 1176 977 domus
1197 912 1427 993 probationis

183 1038 248 1101 pro
264 1020 437 1100 foeminis,
454 1038 545 1101 quae
559 1039 597 1084 se
611 1039 633 1083 a
650 1022 744 1101 turpi
759 1031 927 1101 quaestus
941 1038 1073 1100 genere
1084 1018 1130 1084 ad
1141 1019 1257 1083 Deum
1267 1036 1422 1082 conver·

185 1138 314 1208 terunt,
332 1137 366 1192 et
382 1129 451 1192 illis
467 1129 585 1191 vicina
604 1128 820 1207 mulieribus,
840 1145 931 1208 quae
953 1146 991 1191 se
1011 1146 1033 1190 a
1047 1127 1154 1191 simili
1168 1136 1263 1190 statu
1277 1125 1324 1190 ad
1340 1126 1422 1189 reli·

184 1235 327 1314 gionem
339 1235 574 1298 abduxerunt.
588 1234 626 1299 In
638 1233 699 1297 illa
711 1234 815 1298 domo
828 1235 962 1298 tamdiu
974 1234 1182 1298 habitabant
1193 1232 1277 1296 dum
1288 1232 1333 1296 de
1348 1251 1426 1296 me-

185 1340 265 1404 liori
280 1341 341 1403 via
363 1341 488 1404 salutis
509 1351 676 1419 statuent;
698 1341 824 1422 quibus
844 1341 996 1422 placebit
1019 1340 1156 1419 religio,
1182 1340 1263 1403 illae
1285 1340 1321 1403 in
1344 1357 1426 1403 mo-

185 1448 380 1511 hasterium
396 1449 622 1528 recipientur;
639 1449 776 1528 siquae
791 1448 925 1510 malunt
939 1448 1083 1523 nubere,
1093 1447 1182 1510 viris
1195 1446 1424 1510 collocabun-

186 1565 255 1619 tur.
273 1554 471 1634 Quotannis
491 1555 562 1617 iam
583 1554 623 1617 40
642 1555 767 1618 vncias
782 1554 923 1632 habent,
943 1571 1009 1617 nec
1032 1570 1093 1634 per
1108 1552 1263 1633 gratiam
1277 1550 1345 1615 Dei
1359 1570 1428 1615 ne·

187 1662 344 1724 cessaria
360 1661 429 1724 illis
443 1659 616 1725 deficient.

246 1767 461 1848 Collegimus
476 1777 528 1831 tot
543 1768 695 1848 undique
710 1767 952 1844 eleemosinas,
973 1776 1010 1829 vt
1025 1767 1079 1830 his
1094 1776 1245 1848 quatuor
1261 1764 1424 1845 superio·

187 1876 285 1937 ribus
300 1874 478 1939 mensibus
491 1873 532 1937 40
546 1874 721 1938 foeminae
736 1874 893 1938 eiusdem
907 1873 1121 1937 conditionis
1135 1874 1284 1937 honesto
1300 1873 1429 1935 matri·-

189 1981 307 2044 monio
322 1981 474 2044 traditae
495 1981 564 2043 sint
584 1997 664 2044 cum
683 1980 765 2045 dote
788 1981 968 2045 mediocri:
990 1982 1058 2044 hoc
1077 1979 1240 2044 effectum
1263 1987 1316 2044 est
1339 1997 1424 2059 par-

189 2087 252 2150 tim
277 2104 339 2168 per
364 2088 518 2151 edictum
540 2088 724 2168 Proregis,
748 2106 817 2170 quo
839 2089 952 2151 vetuit
972 2087 1262 2167 concubinatum,
1290 2087 1425 2166 partim
1447 2124 1451 2135 ·

190 2212 253 2274 per
265 2196 466 2274 conciones,
484 2213 574 2276 quae
595 2196 631 2259 in
653 2207 775 2258 nostro
791 2197 921 2275 templo
934 2196 1119 2274 habentur,
1137 2194 1182 2258 ad
1197 2211 1287 2275 quas
1302 2194 1430 2257 iussae.

190 2300 349 2364 veniunt.

251 2407 356 2471 Aliud
382 2411 565 2489 negotium
587 2428 658 2473 non
683 2410 798 2472 minus
820 2409 896 2473 Deo
921 2420 1108 2490 acceptum
1122 2417 1328 2489 susceptum
1355 2420 1428 2489 est,

192 2514 285 2594 quod
302 2516 405 2594 longe
420 2533 559 2596 quoque
582 2534 664 2579 suos
683 2516 819 2579 fructos
841 2516 1020 2579 diffundet.
1043 2513 1298 2580 Monasterium
1312 2515 1425 2595 virgi-

191 2639 287 2700 num,
304 2621 423 2702 inquo
439 2623 628 2686 admodum
644 2624 789 2686 remisse
805 2634 839 2686 et
854 2624 1023 2687 dissolute
1042 2624 1239 2697 uiuebatur,
1256 2640 1328 2685 non
1343 2623 1427 2686 sine

191 2728 384 2791 offensione
399 2730 599 2807 multorum,
626 2728 938 2810 ArchiepiscopuS,
961 2728 1117 2808 Prorege
1137 2739 1289 2809 petente,
1312 2729 1424 2792 dedu·

191 2836 254 2913 xit,
268 2834 304 2898 id
316 2845 380 2914 est,
395 2836 588 2900 monachas
599 2836 636 2899 in
651 2837 730 2899 aliis
744 2837 924 2900 coenobiis
939 2836 1138 2914 collocauit,
1152 2837 1212 2899 vbi
1224 2837 1335 2899 multo
1351 2852 1427 2898 me-

191 2943 258 3005 lius
277 2943 400 3005 viuere
420 2954 579 3023 possunt.
602 2941 856 3007 Monasterium
871 2960 969 3021 vero,
987 2943 1080 3023 quod
1099 2944 1330 3024 reliquerunt,
1347 2942 1424 3007 iarn

191 3049 227 3111 in
242 3059 364 3112 nostra
382 3066 488 3112 manu
503 3060 567 3128 est,
584 3062 618 3112 et
633 3051 679 3112 ob
693 3050 761 3113 hoc
776 3051 877 3113 nobis
892 3050 1024 3127 datum,
1048 3058 1087 3113 vt
1102 3050 1257 3114 melioris
1277 3050 1431 3130 spiritus

191 3156 357 3218 cultrices
371 3174 413 3219 eo
428 3157 706 3236 introducamus,
724 3167 758 3219 et
778 3155 903 3237 quibus
923 3157 1041 3219 omnia
1060 3156 1262 3219 communia
1283 3157 1368 3236 sint,
1391 3166 1429 3222 et

192 3264 336 3341 regulas
351 3263 568 3343 prescriptas
584 3263 851 3343 diligentissime
864 3264 1065 3339 observent,
1080 3281 1170 3343 quae
1185 3265 1260 3327 vita
1275 3266 1428 3326 nonnul·

191 3369 234 3432 lis
259 3370 363 3432 valde
383 3371 515 3449 placuit
540 3381 574 3433 et
596 3371 710 3450 magis
733 3371 769 3433 in
791 3370 865 3434 dies
880 3372 1007 3451 placet:
1029 3388 1111 3433 nam
1132 3370 1304 3433 habemus
1318 3387 1429 3450 quas·

193 3477 274 3538 dam
286 3476 555 3539 honestissimas
570 3477 729 3556 virgines
744 3477 869 3540 adhoc
885 3487 1041 3556 paratas,
1056 3487 1094 3539 vt
1109 3477 1365 3540 monasterium
1376 3477 1426 3539 in·

193 3582 401 3660 grediantur
416 3593 450 3644 et
471 3599 601 3645 nouam
621 3583 829 3662 religionem
850 3583 1056 3664 suscipiant:
1078 3600 1144 3646 nec
1164 3581 1328 3663 estquod
1354 3600 1428 3647 ma·

193 3689 257 3752 lint
272 3707 379 3768 quam
394 3690 490 3752 illum
505 3689 598 3752 diem
615 3689 746 3768 videre,
764 3708 833 3771 quo
845 3691 912 3753 erit
922 3690 1047 3754 domus
1060 3690 1220 3753 absoluta
1232 3699 1267 3752 et
1282 3675 1435 3753 eonem<

193 3804 289 3874 nata,
305 3794 399 3875 quod
424 3812 545 3858 mense
565 3794 762 3877 Septembri
782 3796 857 3859 sore
879 3813 1075 3877 speramus:
1100 3798 1221 3875 cellae,
1244 3813 1334 3877 quas
1357 3796 1430 3859 sin·

192 3902 298 3979 gulae
313 3902 473 3980 singulas
489 3903 734 3966 inhabitabant
748 3902 895 3982 prioreS,
919 3902 990 3965 iam
1012 3903 1168 3966 deiectae
1188 3910 1287 3981 sunt;
1305 3902 1356 3966 ita
1378 3903 1430 3965 in·

193 4008 365 4071 stauratio
386 4026 523 4071 moram
537 4008 635 4087 facit,
657 4009 721 4071 sed
735 4009 804 4071 viri
826 4009 909 4072 boni
924 4018 958 4072 et
972 4008 1109 4072 nobiles
1123 4009 1279 4072 fabricae
1302 4026 1431 4073 curam

194 4115 336 4193 habent,
353 4133 502 4195 quorum
517 4126 590 4178 tres
611 4114 703 4178 filiae
725 4115 935 4178 coenobium
955 4115 1198 4179 inhabitabunt
1218 4116 1369 4196 primae,
1394 4128 1431 4181 et

194 4222 265 4284 iam
291 4222 491 4303 frequenter
512 4222 557 4284 ad
577 4223 767 4285 conciones
788 4231 823 4284 et
842 4222 888 4284 ad
909 4240 1050 4287 sacram
1072 4222 1357 4286 communionem
1373 4241 1429 4288 sa·

193 4330 366 4391 eramenti
387 4329 632 4394 Eucharistiae
648 4328 805 4405 veniunt,
826 4329 1005 4392 exercitiis
1025 4347 1163 4410 quoque
1182 4329 1434 4410 spiritualibus

195 4436 343 4498 multum
358 4436 528 4515 probatae
543 4444 635 4498 sunt.

255 4540 356 4620 Quod
381 4543 426 4605 ad
452 4541 732 4605 aedificationem
757 4544 987 4623 collegiorum
1013 4545 1153 4623 attinet,
1180 4543 1210 4606 si
1235 4552 1357 4607 essent
1384 4560 1435 4612 ex

194 4649 326 4713 nostris
351 4650 411 4730 qui
432 4667 474 4712 eo
495 4650 727 4728 mitterentur,
748 4651 767 4713 4
787 4661 848 4714 aut
866 4653 887 4714 5
907 4651 1006 4714 breui
1028 4651 1159 4714 habere
1180 4668 1367 4732 possemus
1392 4652 1433 4718 in
