3210 5392
540 447 601 501 ΑΝ.
625 444 694 503 1555
1179 442 1230 499 otl

109 588 270 667 permisit
300 590 465 668 arbitrio,
499 591 557 670 qui
587 590 790 654 Clarmonte
820 588 962 651 ordines
991 604 1114 650 sacros
1149 605 1232 650 con·

90 802 180 864 'eriis
193 802 441 882 ExaltationiS,
463 806 619 868 crastino
642 805 697 868 die
713 803 943 882 celebrandis,
966 820 1046 865 curn
1066 804 1155 865 mira
1170 803 1231 865 ho·

90 926 138 972 tm
158 910 369 990 frequentia,
396 912 440 974 ob
465 912 611 991 pretiosi
636 912 822 990 sanguinis
844 910 1231 988 commonstrationem,

90 1015 179 1078 haec
194 1016 323 1080 ciuitas
338 1019 459 1092 claret,
477 1037 579 1082 mane
603 1021 693 1081 inter
708 1019 838 1081 missae
857 1020 1012 1080 solemne
1027 1015 1180 1080 officium
1195 1017 1233 1078 in

90 1140 143 1185 mo
169 1124 299 1202 templo
325 1126 574 1188 concionabor.
599 1125 630 1188 A
650 1125 810 1205 prandio,
836 1135 937 1187 sexto
957 1121 1183 1203 Septembris,
1212 1141 1233 1186 a

90 1229 176 1292 lario
197 1234 342 1294 consule
360 1230 549 1310 Issoriano,
572 1250 680 1312 penes
700 1249 805 1312 quern
829 1248 966 1294 summa
986 1232 1084 1292 vrbis
1107 1240 1160 1293 est
1175 1247 1233 1293 au·

90 1337 165 1414 itas,
178 1354 242 1416 per
257 1338 378 1401 literas
393 1339 563 1402 inuitatus
579 1339 785 1418 proficiscar
798 1338 978 1414 Issorium,
994 1338 1097 1406 binas
1107 1337 1163 1399 die
1175 1336 1234 1399 do·

90 1459 135 1505 co
150 1445 341 1507 conciones
356 1445 403 1508 ibi
418 1446 615 1509 habiturus

90 1549 212 1613 finibus
223 1550 475 1615 Issoriensibus
486 1551 607 1615 Rmus.
621 1554 819 1632 Episcopus
830 1553 976 1616 alterius
988 1554 1072 1615 anni
1084 1551 1236 1633 quadra·

90 1674 192 1732 mam,
212 1666 252 1743 vt
272 1659 472 1737 proximam
486 1658 769 1737 Biliomensibus,
791 1660 998 1737 assignauit,
1015 1659 1170 1738 mihique
1185 1657 1234 1720 in-

90 1764 120 1827 ,it
135 1773 187 1842 vt,
204 1764 310 1843 siqui
329 1766 388 1829 alii
408 1767 600 1829 secundam
620 1767 796 1845 postulent
811 1765 1133 1845 quadragesimam,
1155 1780 1234 1844 pro·

90 1870 213 1934 ionem
229 1873 462 1950 praemissam
477 1873 724 1952 respondeam.

90 1975 295 2041 ib'errimum
310 1979 345 2041 in
360 1978 427 2041 hac
444 1980 587 2043 ciuitate
601 1980 756 2043 fructum
776 1996 893 2060 spero,
913 1997 996 2042 nam
1015 1979 1174 2042 nonnulli
1189 1978 1234 2041 ob

90 2084 168 2146 ’esis
182 2085 421 2165 suspicionem
441 2089 531 2150 male
552 2086 750 2150 audierunt.
774 2086 1027 2164 Theologicam
1041 2101 1235 2165 prosequor

90 2192 279 2268 essionem,
297 2192 465 2256 Paulinae
481 2194 525 2256 ad
540 2193 720 2256 Romanos
735 2194 904 2274 epistolae
919 2192 990 2255 iam
1002 2202 1168 2254 octauum
1179 2207 1237 2252 ca·

90 2299 281 2377 explicans
297 2317 378 2362 curn
393 2301 565 2379 frequenti
580 2301 767 2364 auditorio.
781 2298 929 2363 Decimo
946 2296 1163 2379 Septembris
1174 2299 1236 2361 lin-

90 2422 102 2467 e
125 2405 316 2469 hebraicae
337 2407 594 2487 professionem
615 2408 818 2488 auspicatus
836 2425 925 2471 sum.
947 2405 1005 2470 Ad
1027 2406 1235 2469 consolatio·

112 2511 345 2590 infirmorum,
373 2514 618 2577 dissidentium
640 2514 976 2591 reconciliationem,
1003 2524 1037 2576 et
1058 2512 1237 2576 conscien-

90 2675 91 2682 ,
107 2627 147 2680 vt
163 2629 308 2697 vocant,
325 2638 471 2684 casuum
487 2621 727 2685 definitionem
737 2620 807 2683 huc
819 2630 924 2701 atque
935 2621 1016 2683 illuc
1028 2637 1150 2697 vocor,
1164 2620 1239 2700 qui·

104 2727 326 2804 quantumin
344 2745 399 2789 me
416 2738 479 2805 est,
497 2745 568 2791 non
583 2729 716 2808 absque
735 2727 852 2791 fructu
874 2726 1067 2803 satisfacio,
1083 2743 1236 2805 semper·

90 2831 182 2895 inter
194 2832 334 2895 labores
346 2834 441 2896 vires
454 2844 628 2897 crescunt.
639 2833 902 2913 Discipulorum
912 2830 994 2911 (sic)
1006 2833 1156 2911 hospitis
1168 2833 1237 2896 mei

91 2938 240 3000 trariam
258 2957 330 3002 non
352 2957 434 3002 raro
455 2958 600 3020 operam
621 2940 797 3020 impendo.
820 2939 942 3020 Itaque
965 2940 1089 3002 messis
1115 2940 1237 3016 multa,

90 3046 198 3108 arius
219 3047 359 3109 vnicus.
1059 3041 1060 3052 ’

90 3150 177 3214 laxit
193 3151 356 3215 Christus
372 3163 420 3232 vt,
439 3153 485 3217 ad
499 3155 697 3217 animorum
713 3155 863 3230 lucrum,
887 3149 1075 3215 Societatis
1088 3150 1146 3214 hic
1163 3168 1241 3214 cre·

108 3274 290 3337 numerus;
311 3277 527 3340 quamquam
546 3262 702 3324 nondum
723 3259 932 3337 occurrerit,
956 3259 1015 3339 qui
1041 3259 1086 3321 ad
1105 3267 1241 3321 tantam

90 3363 234 3427 riuciam
249 3376 353 3445 aptus
368 3367 453 3429 mihi
468 3367 643 3430 videatur.
660 3367 821 3447 Expendi
833 3367 927 3446 apud
942 3382 997 3428 me
1007 3382 1092 3428 num
1104 3365 1241 3428 consul-

103 3480 197 3533 esset
212 3489 335 3551 necne,
352 3473 458 3537 etiam
471 3484 553 3537 ante
568 3475 708 3553 collegii
722 3474 948 3551 erectionem,
963 3472 1096 3551 aliquot
1107 3470 1243 3534 adiuto-

90 3577 133 3640 ad
149 3595 205 3640 me
220 3579 410 3658 destinare;
428 3599 510 3644 nam
525 3582 582 3644 hic
597 3582 796 3644 uberrimus
810 3580 947 3643 fructus
962 3579 1050 3642 mihi
1065 3587 1243 3659 speratur,

90 3700 243 3764 ynergos
264 3687 440 3766 quispiam
455 3689 613 3765 idoneus,
635 3689 693 3750 vel
712 3687 796 3766 bini,
812 3687 897 3749 mihi
913 3686 1147 3749 associentur.
1163 3683 1239 3746 ΡΜ*

90 3808 113 3853 e
139 3791 206 3853 erit
229 3809 293 3871 pro
314 3802 375 3856 tua
398 3794 585 3873 prudentia
606 3794 724 3857 omnia
751 3811 796 3857 ex
821 3792 966 3856 arbitrio
992 3808 1099 3870 agere
1124 3801 1158 3853 et
1182 3791 1244 3852 im·

90 3913 154 3959 tre.

90 4003 177 4066 gnus
197 4004 394 4086 Episcopus
418 4025 456 4070 se
480 4017 561 4070 tuae
580 4007 678 4070 ΒΜ
698 4006 852 4070 officiose
878 4004 1112 4069 commendat.
1140 4001 1243 4080 Vale,

90 4129 105 4174 a
121 4109 263 4174 Christo
278 4112 362 4194 Jesu
378 4114 708 4192 obseruandissime,
722 4114 781 4193 qui
794 4123 827 4176 te
839 4113 897 4175 diu
910 4111 1009 4174 nobis
1022 4118 1142 4172 seruet
1154 4109 1247 4171 inco-

90 4234 154 4280 em.
175 4216 269 4280 R.dae
287 4217 349 4281 pn
369 4219 467 4283 Tuae
487 4222 664 4284 humiliter
686 4220 847 4299 supplico
870 4228 909 4280 vt
934 4234 989 4279 me
1015 4216 1082 4278 hoc
1107 4214 1245 4294 potissi·

90 4341 108 4387 n
125 4334 284 4404 tempore
303 4326 488 4391 sacrificiis
510 4340 543 4390 et
567 4327 785 4390 orationibus
809 4326 882 4388 suis
902 4323 994 4404 apud
1015 4321 1130 4385 Deum
1151 4338 1248 4383 corn·

90 4429 184 4493 ‚dare
199 4431 374 4510 dignetur.
392 4433 489 4512 Quas
505 4452 627 4515 preces
640 4432 815 4496 uniuersis
829 4429 992 4493 Patribus
1007 4427 1249 4507 fratribusque

90 4555 144 4600 rre
159 4555 205 4600 ex
220 4555 276 4601 me
290 4537 373 4601 ΚΜ
389 4539 466 4604 Tua
481 4559 553 4603 non
570 4541 790 4620 grauabitur,
813 4545 852 4601 vt
870 4535 1116 4616 dignissimum
1137 4534 1245 4611 digne

90 4671 93 4699 ·
111 4643 258 4708 offeram
274 4646 499 4711 sacrificium.

141 4757 179 4817 Τ.
195 4775 230 4815 nr
1068 4774 1099 4826 4¹
