3210 5392
693 434 756 491 ΑΝ.
780 434 849 492 1554
1351 433 1386 490 13

148 579 243 641 xime
259 580 292 641 in
308 578 403 641 hanc
426 580 560 655 urbem,
585 581 711 660 quibus
730 581 883 642 maxime
907 579 1051 657 indiget.
1074 579 1237 642 Christus
1260 577 1380 640 Domi-

147 701 215 748 nus
230 702 295 747 nos
310 687 498 749 uniuersos
513 687 623 750 diuini
638 688 792 749 numinis
808 687 890 765 igne
901 686 1089 748 incendere
1102 702 1144 747 ac
1157 685 1381 747 inflammare

148 792 305 871 patiatur
319 802 368 869 ut,
387 809 487 855 more
499 791 764 873 Apostolorum,
782 794 994 872 repellamus
1009 803 1141 854 metum
1153 791 1378 868 ludaeorum,

147 910 184 961 et
200 898 362 962 omnibus
382 899 554 962 conuiciis
568 910 601 962 et
623 900 728 963 minis
746 899 1019 962 Pharisaeorum
1034 898 1221 978 neglectiS,
1245 914 1378 977 magno

147 1003 301 1086 sortique
316 1005 436 1067 animo
451 1022 593 1068 sacrum
609 1005 802 1086 prodamus
816 1006 1051 1085 Euangelium
1072 1005 1177 1085 (quod
1194 1015 1290 1066 certe
1307 1013 1380 1067 tam

146 1128 294 1175 necesse
310 1123 363 1174 est
378 1112 485 1175 modo
508 1113 727 1175 annunciare
748 1115 889 1193 populo,
913 1129 1019 1191 quam
1039 1123 1122 1174 tunc
1145 1112 1180 1173 in
1202 1112 1270 1174 illis
1292 1111 1378 1174 auti·

145 1218 294 1299 quitatis
310 1218 466 1281 tenebris
482 1220 709 1299 promulgare
724 1219 759 1281 in
775 1218 876 1281 ltalia
892 1235 1037 1281 necesse
1052 1218 1142 1295 suit),
1165 1228 1199 1281 et
1215 1217 1378 1297 denique,

146 1326 228 1389 aliis
242 1328 427 1405 loquentes
442 1326 584 1405 linguis
606 1324 794 1405 magnifica
810 1323 888 1401 Dei,
917 1326 1084 1388 coelestia
1105 1336 1139 1387 et
1160 1333 1306 1388 aeterna
1323 1343 1382 1387 sa·

145 1433 300 1511 pimus,
317 1432 492 1495 iaciamus
507 1448 550 1494 ae
569 1432 828 1512 praedicemus,

209 1537 312 1618 Vale,
334 1555 377 1600 ac
401 1556 465 1601 nos
485 1539 674 1601 uniuersos
696 1539 766 1601 tuis
786 1548 819 1601 et
839 1549 980 1618 patrum
999 1537 1264 1616 precationibus
1288 1555 1379 1601 com-

143 1645 309 1709 mendari
324 1647 499 1708 volumus.

205 1752 408 1830 Ferrariae,
426 1752 592 1816 Calendis
612 1751 702 1815 Iunii
720 1753 812 1817 1554.

855 1964 1073 2026 anncrsces
1088 1962 1215 2028 Senuo.

205 2285 293 2349 Alia
319 2303 430 2347 mcum
449 2287 487 2347 r'n
512 2291 644 2365 quarta
670 2282 1165 2364 pagr'na.-Quadrimes1res
1191 2286 1378 2351 ferrarien-

138 2410 214 2455 ses.
233 2392 294 2455 P.⁰
308 2392 398 2455 lunii
416 2392 503 2457 1354
