3210 5392
730 424 793 482 Aa.
816 424 885 482 laos
1285 393 1289 404 '
1370 426 1425 491 685

172 586 278 650 quae
295 569 492 632 maximum
507 573 784 633 emolumentum
799 572 834 633 in
850 570 960 633 literis
980 569 1150 649 bonisque
1166 570 1324 633 moribus
1339 571 1420 633 huic

175 675 263 739 urbi
275 674 415 752 afferat,
430 677 530 739 cuius
542 678 723 755 exemplar
735 676 807 739 iam
818 677 862 738 ad
876 675 1128 739 Paternitatem
1140 686 1237 739 tuam
1250 678 1421 754 misimuS,

178 782 339 845 missuri
349 781 472 861 pos'tea
485 783 636 845 alterum
647 782 758 845 Ducis
770 783 946 862 totiusque
962 792 1119 861 senatus,
1134 784 1193 863 qui
1208 783 1301 847 idem
1316 785 1423 847 omni·

176 906 229 952 no
247 887 467 977 confirmant
483 886 504 951 ¹.
521 965 523 975 Ι

246 994 290 1058 In
307 994 439 1057 scholis
454 996 572 1058 omnia
588 1013 652 1075 pro
667 1013 765 1060 more
786 996 884 1072 fiunt,
900 996 1056 1075 nihilque
1071 1006 1125 1059 est
1141 976 1364 1060 immutatum
1380 1015 1425 1060 ex

174 1120 225 1166 eo
252 1103 352 1183 quod
372 1101 414 1164 R.
441 1101 546 1166 Pater
573 1103 676 1166 Natal
702 1104 863 1167 instituit:
890 1104 1021 1182 legitur
1041 1103 1203 1168 doctrina
1230 1102 1424 1168 christiana

173 1210 313 1290 pueris
328 1207 452 1272 diebus
467 1211 608 1273 ueneris
624 1229 644 1272 a
666 1209 703 1273 P.
724 1211 871 1293 Joanne,
890 1210 949 1290 qui
971 1210 1078 1273 etiam
1093 1210 1216 1273 diebus
1236 1211 1424 1274 dominicis

174 1316 426 1381 concionatur
442 1317 478 1379 in
494 1317 646 1396 quodam
659 1317 892 1385 xenodochio.
906 1317 943 1379 in
956 1333 1025 1397 quo
1038 1317 1144 1380 etiam
1156 1316 1244 1381 fiunt
1259 1335 1279 1380 a
1292 1319 1425 1381 nostris

176 1423 366 1487 fratribus
386 1423 588 1504 frequentes
609 1425 882 1503 cohortationes,
904 1425 1006 1488 uaria
1028 1424 1216 1504 colloquia,
1237 1433 1343 1505 atque
1364 1426 1424 1488 ad·
1446 1432 1448 1437 “

180 1530 418 1609 monitiones,
435 1548 526 1610 quae
543 1531 724 1611 sigillatim
732 1548 918 1594 recensere
933 1548 1237 1611 superuacaneum
1249 1544 1353 1610 essct;
1368 1551 1423 1594 ne-

176 1655 260 1718 que
287 1638 388 1700 eoin
410 1639 488 1700 loco
509 1648 658 1715 tantum,
680 1637 743 1701 sed
763 1638 901 1718 ubique,
924 1638 983 1701 ubi
1008 1638 1240 1702 commoditas
1266 1637 1425 1703 offertur.

180 1744 285 1808 Nam
299 1761 379 1806 cum
393 1744 568 1824 quidama
585 1745 716 1808 nostris
730 1744 785 1808 bis
801 1756 917 1808 essent
933 1744 1144 1825 deprehensi
1161 1744 1295 1808 chartis
1309 1746 1426 1809 ludeo·

182 1862 259 1929 tes,
273 1867 357 1913 cum
371 1851 407 1915 id
418 1852 550 1915 sactum
562 1871 583 1914 a
595 1849 927 1933 nostris[fratribus]
937 1869 1007 1915 non
1021 1851 1238 1928 laudaretur,
1249 1852 1309 1931 illi,
1324 1853 1425 1916 omis·

183 1961 347 2039 solado,
364 1960 508 2023 chartas
523 1959 765 2023 dilacerauere
780 1971 885 2038 atque
906 1959 940 2021 in
955 1975 1055 2021 mare
1077 1957 1270 2038 projecere,
1287 1960 1426 2039 promit·

185 2079 312 2134 tentes
327 2085 365 2131 se
380 2077 550 2130 uenturos
567 2066 602 2128 in
619 2066 806 2144 collegium
822 2076 984 2128 nostrum
997 2066 1041 2127 ad
1054 2063 1304 2129 confitendum.
1321 2065 1428 2129 Bene·

187 2177 314 2240 dictus
333 2176 378 2239 sit
399 2173 584 2247 Dominus,
606 2173 664 2235 cui
685 2172 773 2234 haec
797 2173 915 2234 omnia
931 2182 1078 2252 accepta
1094 2171 1227 2236 referre
1248 2172 1426 2251 debemus,

190 2284 257 2365 qui
272 2281 377 2345 efficit
392 2291 429 2343 ut
444 2297 523 2343 eam
537 2279 794 2359 praestantiam
807 2279 948 2342 uirtutis
959 2289 1065 2359 atque
1076 2279 1211 2358 ingenii
1223 2279 1265 2357 (si
1280 2297 1349 2359 qua
1362 2281 1427 2357 est)

189 2407 304 2471 quam
318 2388 518 2451 hominibus
533 2386 732 2466 impertitus
746 2394 811 2463 est,
825 2385 1028 2464 impertiant
1044 2386 1110 2466 ipsi
1125 2387 1217 2464 suis,
1234 2389 1425 2450 communi·

190 2505 348 2576 centque
363 2511 443 2557 cum
458 2493 641 2573 proximis3
656 2492 793 2556 fructus
809 2492 900 2555 enim
917 2491 1050 2571 ingenii
1065 2502 1100 2554 et
1114 2493 1255 2556 uirtutis
1268 2504 1342 2556 tum
1357 2511 1426 2557 ma-

193 2605 294 2667 xime
311 2602 460 2681 capitur,
477 2618 558 2663 cum
574 2602 610 2662 in
625 2601 826 2680 proximum
842 2616 1015 2679 quemque
1031 2598 1224 2663 confertur.

256 2707 294 2773 Si
319 2710 420 2785 hacc,
447 2706 554 2770 Pater
579 2706 720 2793 optime,
745 2723 857 2786 parua
877 2706 940 2769 tibi
955 2706 1130 2783 uidentur,
1151 2706 1320 2770 habemus
1343 2708 1426 2787 quid

193 2832 262 2879 nos
285 2832 423 2895 quoque
446 2814 586 2876 causari
607 2814 793 2893 possimus;
815 2813 928 2893 primo
948 2813 1087 2892 collegii
1110 2813 1220 2876 nostri
1242 2814 1350 2877 situm
1366 2815 1427 2877 im·

194 2931 399 3002 portunum;
416 2921 542 2984 deinde
558 2921 746 2983 aduersam
759 2918 998 2983 ualetudinem
1009 2918 1079 2981 R.‘¹¹
1094 2918 1133 2980 Ρ.
1148 2918 1338 2998 Baptistae,
1355 2922 1426 3000 qui,

191 3031 225 3093 si
240 3032 387 3100 ualeret,
405 3047 475 3090 non
491 3029 611 3091 dubito
634 3027 719 3107 quin
735 3026 844 3089 multo
861 3027 961 3106 plura
977 3025 1111 3103 fierent;
1129 3037 1206 3088 tum
1222 3042 1307 3088 uero
1322 3043 1427 3106 penu·

194 3138 288 3199 riam
313 3135 588 3210 concionatoris,
616 3133 884 3212 absentiumque
907 3130 949 3194 R.
974 3130 1090 3194 Patris
1113 3130 1267 3212 Laynez,
1298 3133 1357 3213 qui
1382 3134 1426 3193 ab

192 3242 360 3306 omnibus
380 3240 538 3320 quotidie
559 3249 780 3320 expectatur.
805 3237 918 3317 Spero
944 3238 1048 3301 modo
1073 3238 1228 3300 aduentu
1244 3236 1284 3300 R.
1303 3236 1340 3302 P.
1357 3236 1426 3300 Do·

191 3348 306 3411 ctoris
321 3345 461 3411 Olarti'
483 3347 607 3408 melius
623 3363 661 3408 se
676 3361 735 3408 res
750 3344 934 3406 habituras
950 3361 1054 3423 quam
1075 3345 1260 3406 hactenus.
1282 3343 1426 3407 Interim

192 3467 315 3518 tamen
332 3453 430 3527 haec,
457 3464 644 3533 utcumque
665 3462 758 3528 sunt,
779 3451 855 3514 R.de
875 3450 927 3528 P.,
944 3451 1118 3530 benignus
1135 3451 1269 3531 accipe,
1286 3452 1426 3531 quando

192 3564 298 3642 plura
315 3560 377 3623 tibi
393 3560 519 3623 offerre
534 3578 606 3622 non
621 3576 819 3639 possumus.

257 3665 353 3730 Nihil
370 3668 441 3729 iam
456 3678 616 3746 superest
632 3667 699 3728 nisi
715 3676 752 3727 ut
768 3665 869 3727 nobis
885 3665 1062 3741 ignoscas,
1080 3665 1289 3743 ueniamque
1313 3683 1333 3727 a
1349 3664 1425 3726 Deo

193 3793 262 3855 pro
278 3774 383 3836 nobis
399 3785 500 3853 petas
515 3774 544 3835 si
560 3773 644 3851 quid
659 3772 741 3834 boni
756 3770 891 3859 anobis
906 3770 1121 3848 negligentia
1135 3770 1424 3849 praetermissum

192 3892 262 3960 est,
279 3892 314 3944 et
330 3881 487 3943 diuinam
498 3880 665 3958 implores
681 3877 914 3953 clementiam,
932 3892 969 3937 ut
985 3876 1161 3955 possimus
1174 3879 1250 3938 eius
1267 3879 1423 3938 uolunta-

193 3999 268 4052 tem
284 4004 503 4066 cognoscere
519 3997 552 4048 et
568 3986 722 4065 perfecte
738 3984 874 4063 exequi.
895 3982 996 4046 Vale.

256 4093 416 4172 Genuae,
432 4104 533 4156 sexto
550 4091 628 4155 idus
644 4090 807 4154 Octobris
823 4106 916 4152 anno
936 4088 1023 4151 1555.

601 4197 692 4261 filius
707 4207 740 4259 et
756 4211 880 4258 seruus
896 4194 1027 4256 inutilis
1039 4193 1073 4254 in
1089 4191 1242 4270 Christo,

906 4352 1114 4415 Amnousus
1129 4351 1361 4414 Haanaunez.

239 4586 246 4615 ¹
278 4583 345 4627 Vide
357 4583 467 4625 Potauct
481 4579 634 4627 chronicon,
645 4585 663 4620 t.
676 4589 700 4629 v,
709 4577 750 4619 ubi
759 4577 790 4619 de
802 4574 917 4628 collegio
928 4572 1057 4616 Ganuenai
1069 4571 1164 4626 agitur.

237 4658 249 4688 ²
276 4654 326 4705 Βία
336 4661 375 4697 est
386 4661 473 4697 autem
483 4663 568 4696 sermo
579 4651 609 4693 de
621 4650 648 4692 P.
658 4649 774 4703 Gaspare
787 4648 894 4690 Loarte.
