3210 5392
187 424 242 483 tat
583 425 1033 492 inarenanouanaluasrass

248 570 514 650 Superscriptio
525 571 564 632 in
576 577 708 651 quarta
716 571 874 651 pagina:
886 569 964 634 R.‘¹⁰
973 572 1009 635 in
1018 570 1111 650 Xpo.
1122 571 1425 655 Patrinaolgna-

187 676 236 738 tio
252 677 295 739 de
315 675 451 757 Loyola
471 676 679 757 Praeposito
699 679 867 742 Generali
891 676 1079 741 Societatis
1100 680 1258 743 nominis
1278 679 1367 762 jesu
1389 684 1425 746 in

187 783 334 848 aedibus
348 784 479 848 Beatae
495 783 630 847 Mariae
648 786 740 848 della
755 783 1088 849 Strada.=Romae.

250 891 334 954 Alio
348 909 469 954 manu.
489 892 577 954 1555.
594 891 636 972 Q.
652 891 812 957 Parisiis,

256 999 454 1078 Vestigium
469 998 592 1078 sigilli
601 1005 635 1062 et
651 1016 762 1063 cerae.

697 1639 922 1723 COOXLV

240 1995 387 2068 Joannes
401 1993 559 2059 Gnatius‚
575 1992 653 2051 olim
668 1991 764 2065 Neto‚

294 2094 347 2153 Ex
359 2092 602 2152 commissione
617 2090 727 2150 Patris
742 2091 883 2165 Philippi
897 2091 1008 2164 Fabri,
1023 2092 1102 2151 olim
1114 2092 1250 2166 Leerni,

349 2194 440 2251 Patri
453 2191 581 2264 ignatio
594 2189 635 2247 de
649 2188 788 2262 Loyola.

366 2292 503 2362 Mutina,
521 2291 552 2347 11
568 2289 719 2362 Januarii
735 2290 804 2348 1555
818 2289 838 2344 ¹.

794 2517 845 2640 †o

247 2718 299 2782 La
320 2716 438 2796 gratia
460 2723 494 2777 et
515 2729 604 2794 pace
619 2713 663 2775 de
678 2711 820 2775 Christo
842 2711 873 2774 ci
888 2709 947 2773 dia
962 2728 1034 2774 vna
1056 2709 1209 2791 perfetta
1224 2722 1260 2775 et
1281 2730 1425 2776 summa

187 2826 325 2890 liberta.
342 2823 470 2888 Amen.

247 2931 334 2995 R.m⁰
349 2930 384 2993 in
399 2928 541 2994 Christo
558 2925 684 2989 Padre.

247 3038 315 3102 Per
329 3039 361 3100 le
376 3039 499 3099 lettere
515 3035 569 3097 del
586 3033 824 3112 quadrimeste
841 3040 985 3110 passato
1000 3028 1023 3105 ¹,
1040 3031 1229 3094 habbiamo
1245 3032 1334 3097 dato
1350 3035 1423 3097 aui-

186 3165 227 3210 so
244 3165 265 3209 a
281 3145 326 3209 V.
343 3144 413 3207 Pa
428 3143 483 3206 del
498 3141 599 3204 felice
618 3157 784 3203 successo
800 3139 834 3201 di
851 3147 977 3219 questo
993 3137 1154 3218 collegio,
1172 3146 1206 3200 et
1221 3139 1291 3202 del’
1309 3140 1424 3205 srutto

185 3255 252 3317 che
267 3255 295 3316 s'
308 3258 328 3315 e
342 3251 431 3315 fatto
444 3266 507 3329 per
522 3250 557 3310 la
571 3247 689 3326 gratia
705 3247 760 3308 del
773 3245 939 3325 Signore,
953 3245 1205 3324 aggiutandosi
1220 3248 1332 3310 molte
1347 3248 1425 3311 ani·

186 3377 258 3437 me,
276 3359 452 3421 mediante
467 3357 491 3419 il
508 3353 702 3416 ministerio
722 3353 765 3414 de
785 3353 862 3415 suoi
878 3352 1012 3414 minimi
1027 3352 1132 3414 serui.
1155 3351 1254 3415 Hora
1268 3370 1337 3433 per
1351 3372 1425 3419 non

186 3469 307 3530 hauer¹
326 3466 350 3527 11
363 3464 502 3527 fratello
518 3461 564 3524 M.
577 3459 707 3541 Joanni
719 3459 865 3522 Valerio
878 3458 924 3521 dil
940 3468 1030 3521 tutto
1046 3468 1258 3538 recuperato
1274 3461 1309 3524 le
1323 3461 1424 3526 forze

186 3591 289 3654 perse
304 3573 397 3634 nella
412 3587 477 3633 sua
493 3568 670 3643 infirmita,
687 3569 732 3628 m’
747 3566 792 3628 ha
808 3582 1005 3629 commesso
1017 3567 1041 3628 il
1056 3576 1178 3628 nostro
1193 3564 1313 3631 Padre
1327 3567 1340 3599 ⁸
1354 3571 1423 3633 che

185 3683 220 3744 io
236 3682 476 3760 (quantunque
498 3673 739 3750 insufficiente)
761 3673 941 3735 nonciassi
963 3689 1025 3752 per
1040 3681 1165 3752 questa
1186 3673 1219 3734 la
1243 3677 1422 3738 sostantia

184 3789 229 3852 de
245 3787 359 3868 quello
375 3786 440 3847 che
456 3784 491 3846 in
506 3781 620 3862 questi
635 3789 761 3859 quatro
777 3779 864 3841 mesi
884 3785 903 3842 e
917 3788 1010 3842 stato
1026 3788 1173 3858 operato
1192 3781 1289 3844 nella
1309 3783 1420 3863 uigna

185 3897 242 3960 del
259 3894 420 3973 signore.

183 4174 281 4226 ioguea
299 4175 379 4214 meme
397 4170 461 4212 dans
470 4179 530 4210 cens
541 4167 582 4220 qui
593 4170 652 4208 sont
667 4164 772 4217 rediges
787 4175 818 4206 en
834 4163 908 4213 latin.
924 4168 950 4206 et
970 4163 1034 4207 dans
1050 4163 1095 4206 dea
1112 4166 1353 4219 correspondancen
1367 4176 1413 4221 qne
1433 4180 1472 4213 e

183 4255 247 4287 nous
257 4243 405 4296 possedons.
416 4252 448 4283 on
460 4247 550 4281 trouve
562 4236 693 4291 Beliefille
710 4243 736 4278 et
747 4246 796 4278 non
807 4234 951 4290 Beaujiis.„
966 4235 995 4278 P.
1010 4233 1033 4287 J.
1045 4234 1077 4278 Μ.
1088 4235 1168 4287 Pana,
1185 4235 1333 4282 mmoires
1346 4243 1472 4292 pour-q

181 4315 273 4358 servir
283 4314 436 4356 nl'ttstoire
446 4312 481 4354 du
495 4310 560 4352 Pire
571 4308 652 4351 Broet
663 4310 689 4351 et
699 4308 746 4351 des
757 4308 875 4359 origines
886 4308 918 4351 de
928 4307 955 4350 la
968 4305 1130 4362 Compagnie
1140 4307 1173 4351 de
1183 4306 1268 4362 Iesus
1279 4320 1313 4353 en
1329 4308 1439 4353 Fran—
1451 4324 1472 4356 ς

182 4398 221 4438 ce,
231 4395 300 4441 part.
310 4396 347 4438 in,
357 4385 401 4428 lib.
413 4395 450 4437 111,
461 4394 521 4438 pag.
532 4382 579 4432 357,
592 4386 680 4424 annot.
691 4379 715 4423 2.

224 4462 231 4490 ¹
261 4455 449 4511 Autographae
461 4454 554 4508 duplici
567 4452 635 4502 folio,
646 4463 687 4495 nn.
700 4453 738 4494 162
748 4460 773 4494 et
786 4451 831 4494 163.

222 4532 234 4561 ⁸
261 4529 327 4572 Vide
338 4539 425 4582 supra.
436 4538 496 4581 pag.
507 4526 635 4579 o9etseq.
1063 4578 1064 4581 Ἰ

221 4601 232 4632 ³
259 4600 393 4654 Philippus
404 4599 528 4649 Leernus‚
540 4597 591 4650 qui,
604 4597 755 4648 cognomine
767 4601 877 4648 mutato,
889 4594 1037 4649 appellatus
1047 4599 1087 4636 est
1098 4593 1221 4648 deinceps
1231 4592 1326 4639 Faber.
1343 4592 1472 4653 th

183 4672 297 4717 Poiaaci
309 4671 463 4721 chronicon,
475 4680 490 4713 t.
503 4682 537 4719 lv,
549 4680 608 4723 pag·
618 4669 654 4721 85,
666 4681 690 4713 n.
703 4669 749 4712 151.
