3210 5392
589 405 762 465 Luranius
774 418 1044 473 Quanaurasrnas

693 1076 929 1166 ODXLIII

247 1421 416 1498 Josepbus
428 1421 470 1482 de
483 1420 611 1484 Acesta

283 1520 376 1579 Patri
387 1518 516 1595 ignatio
529 1520 571 1581 de
583 1521 723 1597 Loyola.

319 1617 513 1695 Methymna
526 1618 655 1695 Campi,
668 1618 705 1679 29
716 1618 913 1679 Decembris
927 1618 998 1678 1555
1010 1620 1030 1674 ¹.

768 1852 844 1971 nis

169 2234 171 2239 ⁴
252 2144 455 2210 Admodum
471 2144 547 2210 Ra·
568 2146 605 2211 in
619 2145 685 2211 X.⁰
697 2145 816 2210 Pater.

252 2249 379 2316 Gratia
394 2260 429 2316 et
443 2269 515 2333 pax
529 2252 661 2318 Christi
675 2252 767 2317 adsit
781 2251 884 2317 nobis
898 2269 1049 2333 semper.
1066 2251 1194 2316 Amen.

252 2357 372 2438 Hisce,
387 2358 494 2424 Pater
508 2376 679 2441 perquam
693 2359 926 2434 obseruande,
948 2374 1039 2440 quae
1061 2357 1226 2424 Christus
1245 2354 1390 2423 Domina

80 2518 87 2529 .
192 2481 257 2545 per
271 2465 337 2529 bos
351 2464 516 2547 indignos
530 2467 619 2531 adeo
633 2464 759 2529 filiolos
774 2465 868 2546 apud
881 2481 947 2528 nos
962 2464 1104 2546 operari
1119 2464 1296 2545 dignatur,
1308 2472 1342 2527 vt
1352 2458 1389 2522 iu·

192 2572 316 2635 stituto
331 2572 509 2653 obsequar
519 2580 652 2651 nostro,
665 2572 790 2652 paucis
801 2587 995 2653 exponam:
1007 2571 1161 2652 primum
1174 2572 1350 2653 auspicans
1357 2562 1391 2628 ab

192 2676 289 2742 obitu
302 2677 419 2743 Patris
434 2677 586 2744 Gometii
600 2677 612 2710 ¹
625 2678 697 2758 qui,
713 2675 1050 2748 decimo.Kalendas
1068 2676 1303 2743 Nouembreis
1319 2685 1392 2740 amo

190 2799 213 2846 a
227 2782 369 2849 Christo
384 2794 470 2849 nato
483 2784 668 2849 millesimo
684 2784 966 2864 quingentesimo
981 2784 1276 2865 quinquagesimo
1294 2785 1393 2866 quinto

190 2891 299 2954 euita
314 2892 455 2956 mortali
468 2891 655 2970 excedens,
678 2891 723 2955 ad
735 2891 935 2955 immortale
956 2908 1107 2972 regnum
1129 2892 1308 2973 migrauit.
1326 2889 1396 2955 Erat

189 2996 296 3060 homo
310 3014 330 3060 e
344 2999 527 3062 Lusitania
543 2997 724 3076 oriundus,
741 2998 937 3076 theologuS,
955 2998 1074 3061 latinis
1088 2998 1201 3062 literis
1216 2997 1356 3079 perinde
1365 3008 1397 3058 ac

189 3104 331 3183 graecis
346 3104 484 3169 abunde
499 3104 692 3185 praeditus,
709 3113 846 3167 statura
859 3121 1042 3184 procerus,
1059 3105 1179 3169 animo
1195 3106 1242 3170 ad
1261 3104 1396 3170 Societa-

190 3208 235 3272 tis
249 3210 443 3274 ministeria
459 3213 619 3292 apprime
633 3210 771 3286 idoneo,
788 3219 822 3274 et
837 3210 897 3290 qui
911 3210 1011 3273 breui
1023 3228 1045 3273 a
1056 3212 1242 3291 religionis
1253 3212 1400 3292 ingressu

188 3316 335 3381 mirifice
350 3319 488 3394 claruit,
505 3318 702 3382 obedientia
717 3316 938 3398 praesertim.
955 3315 1155 3381 Accidebat
1165 3318 1343 3383 interdum
1354 3314 1400 3398 qui

189 3424 310 3504 nimi0,
328 3425 584 3505 aegrotationis
599 3441 719 3502 causa,
744 3423 861 3487 taedio
883 3433 975 3487 esset
998 3421 1159 3501 affectuS,
1184 3443 1266 3489 cum
1289 3427 1402 3489 abore

187 3540 386 3594 eructasset
399 3531 606 3609 buccellam,
624 3529 844 3593 obedientiae
857 3545 1050 3592 memorem
1060 3530 1161 3594 vesci
1172 3529 1404 3613 compellentis

187 3653 267 3700 eam
293 3636 407 3716 ipsam
427 3653 606 3700 resumere
627 3637 782 3718 enitique
809 3635 854 3699 ad
880 3636 1102 3700 stomachum
1127 3638 1299 3719 perferre.
1326 3637 1402 3703 Cum

185 3760 274 3807 vero
290 3753 372 3807 ante
387 3744 519 3807 obitum
536 3744 625 3808 adeo
641 3744 800 3823 grauiter
820 3743 938 3807 animo
960 3744 1178 3824 linqueretur
1198 3755 1355 3827 repente,
1374 3751 1404 3806 ut

187 3850 247 3931 qui
261 3850 410 3914 aderant
424 3850 549 3914 Patres
563 3867 605 3914 ac
621 3850 752 3914 iratres
766 3850 836 3913 iam
850 3858 1029 3913 mortuum
1042 3860 1210 3930 putarent
1222 3852 1402 3928 bominem,

223 4125 231 4155 ¹
264 4123 451 4178 autographae
461 4123 487 4167 ln
497 4124 558 4168 lolio
568 4124 672 4177 duplici,
682 4135 706 4167 n.
716 4124 777 4166 olim
784 4122 832 4176 378,
843 4134 909 4166 uunc
919 4123 957 4165 l2l
970 4130 996 4166 et
1007 4124 1052 4168 122.

223 4194 234 4226 ¹
263 4193 346 4250 liujus
354 4205 446 4238 nomen
456 4205 502 4237 nec
513 4195 597 4249 aperit
609 4195 649 4238 bic
668 4193 712 4237 Fr.
722 4195 829 4247 Acosta,
840 4204 887 4237 nec
898 4192 1030 4238 Vinnium
1041 4196 1065 4239 in
1074 4194 1198 4239 Historia
1206 4196 1240 4240 de
1248 4197 1289 4241 los
1299 4197 1405 4252 Colegim

183 4265 217 4307 de
228 4264 349 4317 Casrilla,
359 4277 405 4309 nec
417 4265 550 4308 Focaneus
559 4265 584 4308 ln
596 4264 733 4317 Chronica·
743 4265 820 4308 immo
831 4265 897 4319 quod
908 4265 975 4309 inira
986 4274 1077 4309 narrat
1088 4266 1188 4311 Acorta
1198 4268 1230 4311 de
1241 4269 1320 4324 baina
1329 4267 1404 4314 Petri·

183 4336 340 4389 obedientia,
359 4335 492 4379 Vanorvm
507 4336 533 4380 ld
549 4336 670 4380 attribuit
687 4335 788 4379 cuidam
808 4334 895 4389 fratri,
913 4335 992 4378 etiem
1009 4335 1131 4383 lusitano,
1154 4337 1258 4382 nomine
1277 4339 1403 4385 Gonnler.

180 4418 257 4462 quem
267 4407 305 4450 ait
315 4407 480 4463 Methymno
489 4408 582 4451 obiisse
593 4418 660 4450 anno
671 4406 795 4460 sequenti,
807 4406 915 4459 scilicet,
928 4405 1116 4450 ibib-Verum
1133 4419 1185 4450 vox
1202 4407 1306 4463 Patris,
1322 4418 1402 4455 nomen

184 4479 300 4522 Gometii
310 4487 336 4522 et
348 4490 429 4523 annus
438 4479 507 4523 1555
521 4479 655 4534 perspicue
674 4478 811 4521 admodum
829 4477 854 4520 in
872 4477 913 4520 bis
929 4477 1025 4521 litteris
1041 4479 1300 4531 apparent-Eritne
1310 4482 1351 4527 bic
1366 4481 1400 4525 ille

180 4547 210 4591 P.
221 4547 401 4593 Ferdlnandus
412 4549 514 4602 Gomez,
527 4550 662 4602 lusitanus,
671 4549 714 4603 qul
725 4547 900 4592 salmanticae
911 4557 978 4590 enno
988 4549 1103 4601 proxime
1119 4551 1288 4602 praecedenti
1304 4559 1400 4596 eumen
1438 4593 1443 4596 .

179 4620 270 4663 sublit?
282 4619 320 4664 Ci.
329 4619 442 4666 Pouaacr
455 4621 608 4673 chronicon,
618 4627 635 4663 t.
647 4631 680 4671 lv,
693 4630 755 4674 pap.
767 4618 815 4672 87⁶,
827 4625 914 4661 annot.
927 4620 947 4661 l.
