3210 5392
715 439 780 498 Au.
802 439 872 498 1555
1354 439 1407 498 321

171 586 295 665 'tempo
317 587 383 649 lar'
406 585 431 650 11
450 585 563 650 simile
582 593 616 649 et
639 594 739 648 tanta
753 587 945 650 mutatione
964 586 1000 648 in
1021 603 1069 648 vn
1089 587 1230 666 populo,
1247 587 1338 648 com’
1355 586 1407 648 iui

176 684 295 755 'lanea
307 691 397 756 fatto
412 701 535 756 nostro
549 689 700 772 Signore
715 709 779 771 per
793 709 912 765 mezzo
928 692 963 755 di
978 692 1090 755 nostri
1104 692 1221 756 Padri.

244 795 348 863 Pochi
371 799 491 879 giorni
514 798 631 879 doppo
655 815 753 861 esser
773 799 936 862 ritornati
961 798 997 862 di
1020 798 1141 862 Monte
1160 799 1273 879 Fano,
1299 799 1405 863 furno

199 906 338 971 mandati
351 907 437 970 detti
453 906 536 970 duoi
551 905 658 970 Padri
672 906 718 969 ad
732 906 901 970 instantia
916 904 972 969 del
991 906 1149 971 Piouano
1171 915 1206 970 et
1227 908 1317 970 altre
1331 924 1412 988 per·

198 1027 275 1076 sone
287 1013 316 1076 d’
332 1014 500 1078 auttoritlt
514 1012 571 1076 del
585 1012 849 1093 Castelficardo,
866 1029 930 1093 per
941 1013 1177 1077 annuntiarue
1193 1015 1274 1094 quel
1295 1014 1409 1078 mede·

202 1117 281 1183 sino
292 1120 449 1200 giubileo;
465 1120 557 1184 doue
572 1130 702 1184 stetero
713 1104 804 1184 dieci
829 1120 946 1199 giorni
960 1137 1024 1200 per
1039 1121 1073 1183 la
1094 1120 1219 1200 grand’
1241 1122 1410 1185 instantia

206 1225 340 1291 cheiece
352 1229 435 1308 quel
449 1227 590 1309 popolo,
607 1226 860 1290 mandandomi
878 1243 994 1290 messo
1015 1244 1036 1289 a
1061 1236 1164 1305 posta
1188 1244 1252 1307 per
1270 1229 1412 1308 prolon-

132 1324 134 1329 ’
217 1335 275 1409 gar'
288 1334 307 1396 11
318 1334 467 1398 termino
481 1332 576 1397 dato.
593 1332 743 1397 Ilsrutto
755 1333 820 1397 che
831 1332 983 1413 prodose
993 1342 1116 1397 nostro
1130 1333 1281 1414 Signore
1300 1333 1339 1399 fu
1350 1335 1411 1416 piu

210 1440 323 1516 grande
336 1440 391 1505 ch'
408 1440 445 1504 in
458 1440 581 1504 Monte
595 1439 706 1530 Fano,¹
719 1457 782 1520 per
797 1441 863 1503 che
878 1441 911 1504 la
927 1446 1056 1504 terrae
1071 1442 1131 1522 piu
1141 1441 1288 1521 grande,
1304 1452 1338 1505 et
1349 1460 1412 1507 era

219 1543 493 1628 piutrauagliata;
510 1547 610 1611 molti
624 1546 866 1610 concubinarii
885 1547 1016 1629 publici
1029 1548 1191 1635 lassorno
1203 1565 1267 1611 sue
1286 1566 1412 1612 concu-

214 1648 280 1714 'bine
290 1653 435 1718 secondo
450 1652 471 1718 l’
486 1653 609 1717 ordine
620 1653 757 1733 datogli
771 1653 855 1717 dalli
870 1652 988 1734 Padri;
1005 1654 1035 1717 si
1048 1654 1168 1719 fecero
1192 1656 1299 1719 molte
1313 1657 1414 1720 resti·

212 1757 325 1839 ‘tutioni,
340 1769 375 1824 et
391 1761 484 1824 oltra
498 1777 569 1823 non
584 1760 698 1841 poche
718 1760 998 1824 reconciliationi
1016 1771 1072 1825 tra
1087 1762 1216 1842 moglie
1235 1771 1270 1826 et
1284 1763 1414 1844 mariti,

214 1873 248 1923 et
258 1868 387 1946 parenti,
404 1868 551 1930 insieme
567 1866 596 1929 si
610 1864 729 1930 secero
744 1867 871 1947 cinque
883 1868 963 1947 paci
982 1867 1017 1930 di
1036 1867 1163 1947 grand'
1180 1869 1413 1949 importanza,

223 1967 289 2033 delle
299 1975 387 2055 quali
403 1973 712 2054 particolarmente
728 1974 749 2035 l’
767 1990 836 2035 una
852 1978 871 2036 e
893 1971 1009 2052 degna
1024 1973 1057 2037 d’
1080 1991 1198 2037 essere
1213 1975 1415 2039 manifesta·

223 2075 348 2144 tlt-Bran
361 2081 447 2145 duoi
460 2080 742 2161 gentilhuomini,
775 2081 879 2161 primi
894 2080 985 2143 della
1000 2091 1107 2159 terra,
1128 2082 1257 2146 nemici
1277 2085 1419 2147 mortali

215 2178 342 2251 dadieei
355 2187 451 2266 anni,
466 2187 517 2268 gli
532 2187 628 2268 quali
643 2187 714 2250 mai
724 2204 796 2250 non
807 2188 837 2250 si
849 2195 1054 2267 puotessero
1066 2187 1256 2268 pacificare
1271 2189 1419 2269 (benche

227 2291 307 2354 nolte
319 2311 466 2376 persone
491 2293 524 2357 d’
547 2294 717 2357 auttorita
741 2310 779 2356 sc
804 2294 941 2357 sossero
967 2310 1030 2373 per
1044 2295 1095 2357 tal
1112 2293 1230 2358 effetto
1252 2292 1418 2377 sforzate')

219 2390 267 2456 fin'
278 2400 324 2463 all’
338 2401 428 2465 hora
442 2400 562 2463 elletta
573 2398 606 2461 d'
623 2399 720 2463 iddio
733 2400 971 2480 omnipotente
990 2416 1052 2480 per
1068 2401 1101 2463 la
1125 2418 1310 2466 commune
1335 2403 1416 2493 alle·

218 2511 323 2575 'grezza
335 2508 377 2571 de
391 2516 486 2572 tutta
499 2509 535 2570 la
549 2496 766 2570 communita
789 2518 823 2569 et
844 2507 1009 2586 maggior
1023 2507 1306 2574 manifestatione
1326 2510 1417 2575 della

222 2602 412 2696 Compagnia
423 2615 461 2678 in
473 2623 595 2695 queste
610 2612 736 2677 bande.
753 2612 912 2677 Essendo
929 2614 1089 2679 adunche
1103 2617 1180 2680 loro
1192 2598 1347 2698 disposti⁴
1355 2635 1419 2698 per

219 2707 464 2786 laconsessione
477 2721 566 2785 satta
581 2738 603 2783 a
617 2720 703 2783 detti
718 2720 819 2801 padri
844 2731 878 2783 et
900 2721 1170 2801 predichationi,
1197 2741 1235 2787 se
1257 2725 1420 2788 lassorno

222 2830 338 2892 merare
349 2829 395 2893 da
410 2830 488 2892 loro
502 2829 572 2890 alla
591 2828 723 2905 chiesa,
745 2827 981 2906 seguitandoli
1000 2830 1035 2891 la
1061 2829 1225 2918 maggior
1248 2838 1350 2909 parte
1364 2831 1421 2894 del

221 2932 340 3015 l0polo;
355 2935 449 2999 doue
461 2934 551 2998 satta
566 2935 726 2997 oratione
746 2944 779 2996 et
800 2934 967 2997 inuocato
987 2935 1010 2997 il
1030 2934 1148 3025 Spirto
1169 2935 1291 3012 Santo,
1317 2954 1419 3001 come

213 3030 290 3097 nelle
302 3043 388 3106 altre
402 3041 484 3123 paci
497 3043 526 3104 s’
544 3056 606 3104 era
619 3039 720 3117 fatto,
737 3040 998 3120 essortandogli
1012 3042 1033 3103 l’
1047 3059 1117 3105 uno
1132 3041 1168 3105 di
1184 3042 1286 3122 padri
1300 3043 1337 3107 di
1350 3062 1421 3108 me·

214 3133 264 3194 ‘es’
274 3142 340 3214 fine
358 3168 378 3213 a
397 3156 497 3213 tanto
515 3148 705 3229 pernitiose
725 3165 819 3211 nem·
810 3148 902 3211 citie
918 3166 990 3227 sue,
1009 3149 1252 3214 domandorno
1267 3151 1423 3233 publica·

208 3246 358 3321 menlel'
383 3273 454 3320 uno
479 3256 536 3320 all'
564 3257 654 3319 altro
682 3255 927 3335 perdonanza,
957 3257 1322 3336 ingenochiandosil’
1351 3277 1424 3350 uno

197 3349 351 3426 ὃ11111111
368 3364 472 3441 altro,
488 3371 524 3426 et
538 3361 881 3426 abbracchiandosi
872 3363 1018 3451 insieme
1034 3381 1103 3426 con
1118 3345 1422 3454 amoreuolissime

194 3454 318 3534 parOle
332 3478 368 3534 et
380 3469 564 3534 lietrssrme
587 3468 748 3548 lagrime,
775 3469 980 3548 giubilando
1006 3481 1041 3533 et
1066 3471 1317 3551 piangendod’
1341 3475 1422 3538 alle·

187 3557 324 3640 grezza
337 3579 417 3642 tntt'
433 3576 459 3639 il
473 3592 659 3654 concorso,
677 3577 756 3639 anzi
771 3584 861 3639 tutta
882 3578 915 3639 la
935 3586 1042 3656 terra,
1061 3578 1183 3641 auanti
1202 3597 1265 3659 per
1280 3582 1424 3662 caggio-

189 3666 290 3743 ”edi
306 3693 450 3748 costoro
472 3681 620 3746 diuisa
611 3700 648 3746 m
662 3682 753 3745 duoe
778 3693 890 3762 parte.
918 3681 1057 3746 Adesso
1082 3693 1183 3748 tanto
1208 3687 1324 3765 questi
1338 3687 1423 3776 (1υοί

185 3757 366 3854 sarnano
380 3768 528 3854 insieme
543 3787 610 3851 che
628 3789 729 3868 quasi
750 3805 823 3851 non
846 3805 989 3869 puonno
1006 3790 1186 3869 separarsi
1210 3791 1231 3854 l’
1255 3809 1326 3856 vno
1347 3794 1416 3858 dell

185 3870 303 3956 ‘¹¹ts0.
318 3895 385 3961 Del
399 3904 491 3959 tutto
503 3894 557 3958 sia
570 3894 784 3987 ringratiato
799 3902 922 3957 nostro
938 3893 1102 3985 Signore

234 3986 318 4066 Gn
336 3993 389 4067 tre
412 4001 527 4066 vltimi
550 4001 669 4081 giorni
690 4001 929 4065 mandassimo
952 4001 998 4066 M
1025 4001 1167 4068 Giouan
1191 4004 1425 4087 Mortaignes,

184 4100 321 4173 Peth'
335 4107 527 4174 intendeua
541 4109 622 4188 quel
634 4110 774 4190 popolo,
791 4108 816 4172 il
830 4109 922 4189 qual’
941 4115 960 4172 e
981 4127 1047 4190 pur
1068 4111 1216 4191 grande,
1240 4130 1313 4177 non
1326 4117 1428 4179 voler

177 4208 415 4287 ‘001¹fessarsi
428 4215 495 4279 che
509 4214 594 4279 dalli
609 4215 733 4306 nostri;
750 4214 840 4279 onde
854 4216 891 4278 fu
906 4218 1015 4310 molto
1031 4234 1052 4279 a
1068 4219 1250 4299 proposito
1262 4220 1298 4284 di
1312 4223 1430 4311 quella

193 4316 311 4402 terra;
325 4323 355 4387 si
369 4321 621 4415 comunicorno
646 4321 742 4385 circa
766 4319 827 4384 900
847 4323 963 4385 anime
983 4323 1064 4387 delli
1084 4325 1195 4413 nostri
1214 4324 1333 4416 Padri,
1351 4331 1432 4394 etsi

192 4418 300 4491 lasso
312 4431 372 4511 piu
384 4409 490 4511 parte
508 4427 577 4492 dell
591 4430 722 4509 populo
737 4428 896 4508 disposto
912 4446 933 4491 a
954 4428 1191 4495 comunicarsi
1215 4433 1301 4515 ogni
1315 4430 1432 4516 prima

204 4533 413 4600 domenicha
428 4536 484 4599 del
498 4553 605 4599 mese
622 4534 679 4611 Gli
694 4535 752 4598 dia
767 4533 897 4598 Nostro
913 4534 1064 4615 Signore
1079 4555 1222 4619 persua
1231 4542 1433 4622 misericor·

211 4639 273 4712 dia
285 4641 554 4722 perseuerantia.
570 4640 599 4704 Il
619 4642 760 4722 elegia
775 4659 861 4722 pare
879 4643 908 4704 si
924 4642 1030 4722 degni
1046 4644 1132 4723 sare,
1148 4646 1278 4725 perche
1293 4631 1327 4710 al
1343 4650 1436 4730 prin-

316 4758 351 4814 Τ.
373 4775 418 4815 ιιι.
1311 4779 1341 4818 ar
