3210 5392
654 458 718 514 An.
742 454 811 512 1555
1291 452 1341 510 261

116 588 210 660 iussi
221 601 386 680 habitata,
403 601 438 664 di
454 602 582 681 giorno
598 603 633 664 in
649 602 776 680 giorno
792 607 811 664 e
826 601 885 680 pili
900 599 1135 681 frequentata,
1153 600 1228 661 etsi
1243 616 1342 661 raco-

99 711 215 772 gono
228 708 313 770 uarii
328 707 428 771 irutti
442 709 627 788 spirituali,
645 709 886 771 concorrendo
899 708 1006 770 molta
1019 717 1124 785 gente
1136 710 1166 769 si
1182 705 1248 768 alle
1261 724 1340 767 con-

89 801 262 877 fessioni
276 824 310 877 et
330 817 581 894 communioni,
602 819 633 879 sl
651 817 719 878 alle
739 815 906 895 predichc
922 815 986 877 che
1002 815 1033 877 si
1048 814 1155 876 fanno
1174 814 1211 875 in
1225 815 1343 892 quella

78 908 128 970 Ie
155 916 371 984 domenichc
386 933 421 984 et
436 921 537 987 feste.
559 921 638 985 Non
658 923 794 1002 pocche
814 922 1043 1000 gentildonne
1059 922 1089 984 si
1104 938 1192 983 sono
1208 919 1342 983 conses-

68 1028 191 1086 Sate
209 1030 484 1107 generalmente,
502 1039 598 1092 etun
612 1029 778 1109 giouane,
793 1030 817 1091 11
832 1030 946 1110 quale,
960 1029 1019 1108 gio
1036 1028 1143 1090 molto
1158 1038 1276 1106 tempo
1289 1043 1345 1088 us-

62 1123 180 1191 Cito
204 1135 294 1197 della
309 1136 493 1214 religione,
511 1153 611 1199 come
626 1138 803 1225 pecorella
824 1137 991 1199 smarrita
1007 1135 1147 1197 andana
1162 1133 1345 1211 uagabun-

55 1226 161 1311 (¹0,
188 1242 429 1305 confessatosi
444 1252 478 1305 et
493 1245 601 1306 molto
614 1244 800 1322 aggiutato
815 1243 860 1305 da
876 1243 913 1306 P.
932 1243 978 1306 Μ.
995 1242 1188 1318 Ludoui00‚
1208 1240 1342 1302 eritor-

50 1349 199 1410 ssato
214 1350 248 1411 al
263 1366 329 1413 suo
350 1359 566 1427 monastero,
589 1351 681 1413 ouile
701 1349 928 1413 securissimo
944 1361 1068 1413 contro
1090 1350 1123 1410 al
1137 1349 1219 1428 lupo
1241 1346 1345 1408 infer·

47 1451 206 1516 nale.

164 1559 274 1627 Nelle
294 1565 484 1645 preggioni
510 1565 668 1628 anchora
692 1565 723 1628 si
748 1581 835 1628 sono
859 1565 946 1628 fatte
972 1566 1097 1628 alcune
1120 1565 1347 1628 cssortntioni

45 1667 292 1741 spirituali
308 1691 329 1735 a
345 1675 590 1738 consolatione
604 1674 686 1737 delli
701 1675 825 1754 poueri
841 1674 1064 1750 incarcerati,
1082 1683 1116 1736 et
1131 1673 1266 1735 benche
1281 1689 1346 1754 per

53 1766 127 1831 la
160 1777 281 1844 bonta
305 1781 338 1843 d'
360 1779 461 1844 iddio
481 1782 580 1844 molti
599 1783 631 1845 si
649 1783 751 1844 siano
771 1780 935 1844 raueduti
955 1791 990 1844 et
1011 1781 1134 1861 pentiti
1159 1779 1251 1842 della
1270 1779 1345 1841 uita

56 1890 275 1966 passam,
298 1888 514 1951 nondimeno
530 1894 740 1953 raccontero
760 1891 886 1951 alcune
905 1888 1149 1968 particolarita
1171 1887 1236 1949 che
1257 1903 1345 1948 sono

58 1995 302 2058 accadute.

171 2093 340 2157 Essendo
360 2095 384 2157 li
405 2095 576 2159 rinchiusi
595 2097 711 2159 alcuni
731 2097 781 2175 gli
801 2097 896 2177 quali
920 2097 980 2174 gia
1001 2095 1032 2174 7,
1057 2094 1105 2173 10,
1125 2094 1173 2171 15,
1193 2093 1228 2155 17
1248 2104 1282 2155 et
1310 2089 1348 2154 18

69 2202 201 2263 anni
216 2219 289 2264 non
300 2203 327 2264 s’
344 2220 455 2265 erano
469 2203 672 2282 confessati,
690 2204 748 2266 dal
769 2204 908 2267 coltello
928 2202 984 2266 del
1004 2203 1114 2264 uerbo
1135 2201 1253 2263 diuino
1269 2217 1345 2279 per·

71 2308 194 2370 cosi
207 2309 238 2371 si
252 2308 509 2373 confessorono
525 2320 559 2373 et
574 2311 898 2373 communicorono.
915 2309 984 2372 Vn’
1002 2312 1092 2373 altro
1101 2309 1136 2370 di
1151 2308 1347 2371 malissima

79 2407 206 2493 uita,
223 2418 279 2479 coi
295 2416 397 2479 udire
412 2418 446 2479 la
461 2420 585 2495 parola
600 2418 655 2480 del
671 2416 833 2496 Signore‚
858 2436 879 2480 a
894 2418 942 2480 lui
958 2418 987 2479 si
1004 2424 1023 2479 e
1038 2416 1248 2490 conuertito,
1266 2431 1347 2476 con-

81 2507 318 2586 fessandosi
334 2541 403 2586 con
417 2523 530 2587 sermo
545 2525 726 2604 proposito
742 2525 776 2587 di
788 2542 859 2586 non
870 2525 930 2604 pili
942 2541 1103 2604 peccare.
1120 2522 1189 2585 Tre
1204 2520 1348 2599 giouani

82 2614 312 2707 florentini,
340 2631 392 2708 gli
411 2631 507 2710 quali
526 2631 673 2694 insieme
694 2635 721 2694 s‘
745 2648 854 2694 erano
877 2630 983 2709 ieriti,
1005 2629 1123 2709 doppo
1144 2631 1177 2691 la
1202 2629 1347 2709 predica

87 2722 239 2799 fecero
255 2754 344 2816 pace
360 2738 540 2801 lassiando
560 2739 584 2800 il
604 2738 753 2818 pristino
774 2738 865 2801 odi0.
883 2737 951 2816 Qui
967 2737 1149 2816 aggiungo
1172 2754 1272 2803 come
1287 2737 1348 2816 pii1

88 2830 160 2897 de
183 2860 230 2905 xx
244 2842 375 2906 soldati
389 2860 479 2906 sono
494 2845 579 2907 stati
593 2845 733 2907 liberati
752 2845 844 2908 dalle
865 2845 1053 2924 preggioni
1075 2844 1130 2906 col
1152 2843 1275 2905 fauore
1291 2842 1346 2904 del

94 2934 202 3001 R·‘¹⁰
215 2950 251 3013 P.
268 2949 492 3014 Prouinciale
512 2950 532 3029 ¹,
561 2961 596 3014 et
615 2953 734 3015 alcuni
754 2951 834 3014 altri
854 2952 1021 3014 destinati
1041 2951 1109 3013 alla
1135 2951 1257 3029 galera
1283 2966 1348 3029 per

97 3060 241 3120 mezzo
256 3058 289 3122 d’
303 3075 386 3121 esso
400 3057 527 3137 Padre,
545 3069 579 3122 et
592 3077 656 3140 per
670 3060 705 3121 la
724 3058 907 3138 diligentia
928 3067 961 3120 et
980 3074 1067 3120 cura
1082 3058 1139 3120 del
1158 3056 1196 3119 P.
1213 3056 1260 3119 M.
1280 3056 1348 3119 Lu·

96 3152 263 3241 donico,
288 3166 408 3229 hanno
433 3166 565 3229 hauuto
590 3166 708 3245 gratia
733 3176 768 3229 et
792 3164 1036 3228 misericordia
1064 3164 1110 3227 da
1134 3181 1199 3226 sun
1223 3162 1349 3225 Eccel-

103 3259 225 3333 lenza
242 3269 265 3335 '.
993 3339 997 3345 ,

193 3375 325 3455 Quanto
348 3381 476 3460 aquei
501 3381 567 3443 che
590 3380 651 3461 pin
675 3390 777 3443 tocca
804 3381 838 3443 al
863 3380 1030 3458 collegio,
1057 3395 1125 3441 con
1150 3377 1291 3440 licentia
1313 3376 1349 3439 di

120 3473 180 3542 V.
199 3483 234 3548 R.
255 3486 306 3565 Ρ.,
323 3497 378 3550 tre
396 3488 541 3567 giouani
561 3505 649 3551 sono
666 3488 749 3550 stati
763 3488 914 3551 riceuuti
929 3488 964 3550 in
980 3504 1076 3564 casa,
1094 3487 1161 3548 due
1183 3486 1237 3548 de’
1253 3484 1350 3564 quali

125 3600 218 3652 sono
230 3595 428 3674 spagnuoli‚
444 3595 468 3656 il
478 3594 527 3658 39
540 3595 686 3658 italiano
698 3594 937 3658 etfiorentino:
952 3594 1032 3656 tutti
1047 3593 1168 3656 nobili:
1183 3610 1254 3655 uno
1268 3591 1349 3653 delli

133 3703 313 3776 Svaenuoli
327 3719 390 3764 era
402 3703 606 3781 cauagliere
621 3703 729 3765 molto
744 3702 919 3764 honorato
934 3699 956 3775 ³,
974 3703 996 3763 l’
1013 3702 1104 3763 altro
1127 3706 1145 3762 c
1161 3700 1279 3779 nipote
1294 3697 1351 3760 del

139 3795 521 3886 R-i0P.Prouincia1e⁴,
536 3808 698 3872 ambidue
710 3809 789 3872 ben’
803 3808 963 3871 inclinati
975 3819 1010 3870 et
1022 3808 1057 3870 di
1071 3809 1187 3870 buona
1200 3815 1349 3884 espetta·

145 3902 239 3976 tione.
252 3913 289 3977 L’
303 3916 453 3979 italiano
468 3922 487 3978 e
501 3916 689 3996 Arciprete
703 3917 738 3979 di
752 3915 870 3994 Prato,
886 3916 1040 3994 giouanc
1056 3914 1091 3976 di
1106 3913 1263 3992 religiosi
1275 3928 1350 3974 cos-

148 4016 230 4094 lumi,
245 4030 276 4082 et
296 4022 331 4085 di
351 4022 425 4085 uita
445 4023 514 4085 alla
541 4023 677 4101 dignita
700 4024 931 4085 conueniente
950 4019 973 4080 ³.
995 4020 1065 4085 Vn'
1083 4022 1174 4082 altro
1198 4019 1351 4098 giouanc

150 4109 310 4191 florentino
325 4130 436 4192 molto
450 4129 579 4208 nobile,
596 4130 640 4192 de
657 4130 694 4191 15
708 4129 803 4205 anni,
820 4129 939 4208 nipote
955 4127 1011 4189 del
1026 4126 1191 4189 Vescouo
1211 4124 1246 4187 di
1267 4124 1353 4187 Cor·

150 4280 341 4315 &-

173 4387 180 4418 ‘
210 4394 241 4440 Ρ-
250 4399 356 4451 lacobus
366 4403 481 4461 Laynez.

169 4460 178 4535 f
207 4463 418 4525 Solemnis.
456 4469 462 4481 '

171 4540 177 4556 ’
207 4534 235 4578 F
236 4542 354 4591 riderreus
364 4546 506 4603 Maurique.
519 4547 585 4592 Vide
598 4548 712 4592 Poonncr
723 4549 825 4601 Chron„
836 4556 854 4593 t.
864 4560 900 4602 ιν,
912 4559 970 4603 pag.
978 4547 1013 4597 ³6.
1025 4559 1048 4590 n.
1060 4547 1095 4589 52.

160 4600 174 4695 ἰ
205 4607 329 4671 moysius
338 4619 370 4663 de
381 4619 512 4663 Mendoza.
524 4619 596 4665 ibid.

203 4675 338 4744 Philippus
349 4690 511 4736 Guazalotri.
523 4692 591 4736 Vide
603 4691 715 4736 Poena-cr
727 4693 828 4745 Cliton„
839 4700 849 4735 t
871 4704 905 4742 iv,
916 4703 975 4747 pag.
987 4692 1032 4743 170,
1043 4704 1066 4735 n.
1076 4692 1124 4734 357.
