3210 5392
677 450 742 511 Att-
766 452 835 511 1554
1317 449 1375 508 1⁴23

125 608 269 678 tempus
293 597 340 661 ab
367 597 447 678 ipso
472 597 693 661 confessario
718 597 785 661 sibi
805 595 1002 676 praefixum
1020 603 1125 672 esset,
1146 594 1241 658 haud
1261 595 1369 657 oblita

122 703 254 767 salutis
275 719 379 781 suae,
396 720 519 767 morae
545 703 746 784 impatiens,
773 720 846 766 non
864 704 990 766 valens
1009 700 1206 781 praefixum
1230 711 1375 781 tempus

127 819 305 890 spectate,
323 820 517 891 antequam
532 811 649 891 ipsum
664 811 867 874 elaberetur
882 818 1032 890 tempus,
1057 808 1101 871 ad
1116 824 1182 871 nos
1196 808 1301 871 rediit
1322 807 1368 869 in·

129 916 284 981 stantius
298 917 369 980 hoc
386 918 502 997 ipsum
517 926 654 998 petenS,
674 917 768 998 quod
784 916 926 997 quidem
942 934 1013 980 non
1027 915 1204 979 modicam
1219 915 1371 978 admira·

127 1023 262 1088 tionem
277 1040 432 1088 causare
447 1024 559 1104 possit
572 1024 770 1088 scientibus
784 1041 875 1103 quae
891 1024 969 1104 ipsa
991 1034 1096 1087 antea
1118 1022 1235 1101 suerit,
1251 1038 1374 1102 quam·

129 1146 202 1211 que
216 1130 425 1194 vanissimis
441 1130 563 1195 mundi
578 1131 874 1211 occupationibus
891 1132 1038 1194 intenta.

191 1237 232 1301 In
245 1237 339 1301 festo
353 1237 560 1302 Natiuitatis
579 1239 678 1302 Beati
691 1238 842 1321 Joannis
858 1239 1039 1318 Baptistae
1059 1247 1093 1300 et
1109 1236 1379 1316 Assumptionis

131 1344 265 1409 Beatae
279 1342 444 1424 Virginis
458 1343 524 1407 fuit
544 1353 665 1408 tantus
687 1361 884 1408 concursus
898 1344 1117 1407 venientium
1137 1343 1183 1407 ad
1203 1342 1374 1406 confiten-

132 1451 218 1515 dum
243 1460 394 1532 peccata
423 1467 488 1514 sua
508 1460 544 1515 et
566 1451 910 1525 communicandum,
934 1451 1028 1531 quod
1050 1468 1117 1531 ego
1142 1460 1238 1514 certe
1259 1449 1373 1512 nesci·

129 1575 211 1621 rem
236 1558 425 1637 assignare
450 1574 638 1621 numerum
663 1574 802 1636 eorum;
818 1558 887 1621 illis
902 1560 996 1622 enim
1019 1558 1210 1639 praecipue
1235 1556 1373 1630 diebus

132 1665 302 1746 quamvis
324 1680 462 1727 summo
485 1681 589 1745 mane
610 1665 834 1746 incipiamus,
851 1666 915 1728 vix
936 1675 1097 1743 superest
1120 1664 1222 1727 nobis
1237 1672 1380 1742 tempus

132 1771 182 1835 ad
194 1769 455 1835 conficiendum
466 1788 621 1835 sacrum.
632 1770 846 1834 Consolatur
857 1781 975 1835 autem
987 1789 1051 1834 nos
1060 1771 1249 1851 praecipue
1259 1771 1294 1832 in
1307 1771 1375 1832 hac

132 1888 249 1958 parte,
265 1876 362 1957 quod
376 1876 562 1940 videamus
576 1878 696 1957 plures
711 1877 949 1942 damnationis
963 1878 1060 1941 viam
1072 1878 1281 1957 relinquere,
1295 1877 1378 1939 etin

135 1984 323 2047 meliorem
336 1982 477 2063 frugem
491 2000 530 2046 se
546 1985 718 2065 recipcre,
735 1984 1020 2066 quandoquidem
1041 1984 1284 2047 concubinarii
1306 2000 1377 2046 non

141 2091 249 2172 pauci
264 2091 485 2154 concubinas
500 2108 585 2154 suas
604 2091 832 2171 reliquerunt,
854 2092 1055 2155 huiusmodi
1074 2091 1245 2171 peccandi
1267 2106 1386 2169 genus.

137 2197 371 2261 detestantes

202 2302 458 2368 Restitutiones
484 2304 604 2384 etiam,
625 2306 743 2385 gratia
766 2303 922 2384 Domini,
944 2306 1082 2385 aliquae
1104 2304 1220 2367 sactae
1238 2311 1329 2381 sunt,
1348 2312 1382 2366 et

138 2411 347 2492 specialiter
354 2427 426 2473 una
436 2413 623 2491 plusquam
631 2413 1008 2475 milleetducentorum
1021 2428 1222 2488 aureorum,
1237 2420 1271 2473 et
1283 2409 1376 2489 quotl

138 2519 259 2597 magis
273 2518 415 2595 mirere,
435 2517 540 2595 idem,
555 2519 616 2598 qui
630 2519 676 2583 ad
692 2519 824 2583 dictam
836 2520 1092 2583 restitutionem
1106 2519 1304 2595 tenebatur,
1317 2534 1377 2579 no·

138 2627 219 2689 lens
239 2642 317 2689 rem
339 2625 444 2688 istam
461 2626 496 2688 in
512 2625 608 2689 aliud
622 2635 760 2707 tempus
782 2625 935 2705 differre,
952 2644 1028 2690 rem
1043 2627 1156 2708 ipsam
1171 2626 1276 2689 uxori
1291 2642 1376 2687 suae

142 2732 333 2809 indicauit,
349 2742 387 2794 ut
403 2732 507 2796 citius
526 2733 754 2815 exequutioni
779 2734 1064 2805 demandaretur,
1086 2751 1177 2814 quae
1191 2744 1265 2796 tam
1287 2732 1379 2795 chri·

143 2839 264 2902 stiano
286 2838 373 2901 illud
389 2839 545 2920 suscepit
561 2840 691 2915 anim0,
704 2849 739 2904 et
753 2850 890 2904 tantum
901 2841 1000 2904 abest
1016 2851 1054 2903 ut
1067 2840 1236 2903 illudviro
1247 2855 1313 2902 suo
1326 2839 1387 2899 im.

143 2946 308 3027 pedierit,
331 2946 417 3027 quin
440 2946 558 3026 potius
583 2964 664 3010 eum
689 2948 877 3012 exhortata
904 2957 968 3026 est,
993 2958 1029 3010 ut
1051 2965 1158 3028 quam
1178 2946 1283 3009 citius
1301 2945 1385 3008 illud

140 3061 394 3134 exequeretur,
421 3061 466 3131 et,
484 3052 579 3116 haud
593 3054 648 3117 his
668 3063 845 3132 contenta,
867 3055 1125 3117 confessarium
1145 3055 1259 3134 ipsum
1281 3052 1379 3123 adiit,

141 3177 297 3241 eumque
311 3160 462 3238 monuit,
481 3168 518 3222 ut
533 3159 650 3223 virum
666 3178 768 3224 suum
783 3161 829 3224 ad
843 3160 976 3225 dictam
990 3161 1248 3225 restitutionem
1265 3159 1383 3239 impel-

140 3270 243 3344 leret,
260 3283 377 3346 neque
392 3266 470 3328 eius
486 3264 747 3330 confessionem
772 3267 921 3346 audiret,
938 3268 1051 3331 donec
1066 3267 1200 3331 dictam
1215 3266 1390 3346 pecuniae

142 3374 385 3455 quantitatem
407 3373 635 3450 restituisset,
659 3373 884 3454 auferretque
899 3374 931 3438 ei
947 3392 1089 3438 omnem
1104 3374 1331 3438 occasionem
1346 3374 1390 3435 si·

144 3481 266 3545 milem
294 3479 561 3542 damnationem
584 3480 732 3543 ulterius
757 3480 823 3543 sibi
848 3481 1130 3559 thesaurizandi;
1157 3480 1388 3561 profitebatur

145 3588 298 3651 enimse
314 3585 463 3648 libenter
485 3586 551 3648 sibi
574 3584 721 3667 filiisque
740 3587 814 3650 suis
834 3598 1080 3668 paupertatem
1107 3587 1224 3666 potius
1241 3588 1274 3649 in
1292 3603 1395 3666 prae·

146 3694 241 3758 senti
255 3693 402 3756 saeculo
419 3693 563 3773 eligere,
581 3710 687 3772 quam
703 3693 967 3757 damnationem
982 3694 1018 3756 in
1034 3693 1163 3757 futuro,

210 3799 286 3864 Iam
303 3799 393 3862 alias
409 3798 516 3862 credo
531 3800 624 3880 quod
636 3798 715 3862 ΙΝ*
731 3798 930 3864 Paternitas
945 3811 1005 3863 tua
1020 3801 1151 3864 certior
1163 3801 1258 3864 facta
1274 3799 1318 3862 sit
1333 3817 1389 3861 eo·

148 3924 243 3983 rum,
259 3922 354 3986 quae
369 3922 432 3986 per
454 3904 597 3969 Patrem
621 3916 782 3969 nostrum
801 3906 1033 3970 Franciscum
1055 3905 1227 3970 Dominus
1247 3906 1391 3986 operari

149 4014 334 4093 dignatur,
352 4021 387 4075 et
401 4013 612 4092 praesertim
637 4014 673 4075 in
694 4013 827 4092 palatio
847 4011 1038 4093 Principis:
1056 4013 1150 4092 quod
1171 4011 1216 4074 ad
1231 4030 1297 4075 nos
1312 4012 1390 4075 atti·

151 4130 214 4184 net
226 4120 357 4196 dicam,
370 4128 406 4182 et
420 4127 485 4197 est,
502 4119 596 4200 quod
611 4136 732 4182 omnes
746 4118 820 4182 fere
831 4119 1043 4183 confitentur
1057 4119 1171 4197 nobis,
1185 4130 1219 4182 et
1234 4127 1308 4182 tam
1323 4118 1389 4181 fre-

153 4236 317 4307 quenter,
335 4234 373 4289 ut
387 4225 504 4305 potius
519 4224 707 4305 religiosae
722 4225 920 4304 videantur,
935 4243 1039 4305 quam
1056 4228 1248 4301 seculares,
1265 4234 1299 4288 et
1315 4234 1391 4287 tan-

156 4343 193 4395 to
216 4349 340 4396 amore
371 4341 634 4413 prosequuntur
659 4348 781 4394 omnes
803 4332 967 4397 dominae
992 4335 1094 4396 aulae
1114 4331 1288 4411 Principis
1312 4349 1390 4393 nos-

160 4448 252 4502 tram
267 4437 493 4518 Societatem,
510 4449 548 4502 ut
561 4456 643 4503 cum
658 4439 749 4502 alias
763 4439 898 4520 rigidos
913 4458 978 4504 nos
997 4440 1230 4503 exhibeamus
1245 4438 1281 4500 in
1297 4455 1391 4500 amo·

160 4546 284 4609 uendis
309 4546 355 4609 ab
371 4545 423 4608 eis
437 4547 599 4610 omnibus
613 4548 832 4610 vanitatibus
851 4546 1091 4625 muliebribus
1108 4546 1310 4626 frequenter
1326 4560 1396 4606 nos

164 4661 359 4731 accersunt,
375 4668 443 4716 nec
457 4653 581 4716 volunt
596 4655 685 4716 alios
697 4653 936 4717 confessarios
950 4653 1018 4717 nisi
1032 4670 1109 4733 noS,
1123 4663 1157 4716 et
1169 4670 1240 4716 non
1254 4668 1393 4732 paucae
