3210 5392
703 440 766 497 An.
790 439 859 499 1555
1144 454 1146 463 ’
1338 441 1394 500 619

164 581 341 648 Dominus
355 584 460 666 Jesus
474 603 538 666 pro
554 604 616 648 sua
633 587 752 648 diuina
768 588 954 649 clementia
970 587 1164 649 christiano
1180 588 1321 650 nomine
1338 590 1390 650 in·

165 690 327 771 signit0S,
344 702 382 755 vt
394 710 579 755 curramus
591 710 713 756 omnes
725 694 760 756 in
776 694 920 756 odorem
934 705 1192 773 vnguentorum
1204 695 1306 773 illius,
1321 713 1392 758 vno

164 814 236 877 ore,
255 800 425 863 concordi
436 799 642 879 jubilatione
657 811 692 863 et
707 811 823 863 mente
838 817 989 880 syncera
1006 811 1174 880 perpetuo
1199 801 1248 864 illi
1268 802 1390 881 depro-

163 917 302 969 mentes
317 907 468 969 laudem.

222 1012 292 1075 Hic
308 1012 413 1075 finem
428 1013 547 1075 verbis
562 1014 752 1092 imponam,
769 1013 810 1076 R.
834 1013 885 1090 P.,
913 1013 988 1076 Tua
1012 1014 1151 1076 interim
1178 1014 1390 1078 Reuerentia

162 1134 227 1181 nos
242 1118 323 1182 Deo
338 1131 408 1200 opt.
427 1137 520 1182 max.
539 1120 580 1197 (si
595 1120 723 1198 piacet)
738 1120 1009 1197 commendabit,
1029 1129 1203 1200 quatenus
1223 1120 1388 1200 dignetur

164 1239 228 1287 sua
244 1228 474 1289 inenarrabili
489 1229 645 1290 bonitate
662 1228 765 1289 nobis
779 1228 813 1289 in
828 1226 884 1289 his
905 1227 1069 1307 procellis
1090 1226 1315 1306 suppeditare
1337 1229 1386 1290 vi-

163 1347 232 1408 res,
248 1351 294 1395 ne
311 1335 354 1394 ab
370 1335 487 1413 aliquo
504 1344 663 1398 nostrum
678 1351 834 1412 vnquam
849 1333 1036 1397 victoriam
1052 1343 1208 1413 reportet
1223 1333 1390 1414 antiquus

165 1434 286 1516 hostis,
304 1441 437 1517 dicens,
450 1440 649 1519 praeualui
659 1442 838 1503 aduersus
850 1458 939 1502 enm.
953 1440 1026 1503 Nec
1039 1441 1205 1518 exiguam
1217 1457 1315 1520 spem
1326 1442 1386 1504 ha-

168 1540 285 1609 bemus
314 1548 348 1609 in
379 1547 598 1610 orationibus
626 1546 762 1610 R.‘¹⁰¹¹¹¹¹¹
790 1547 933 1609 Patrum
958 1564 1001 1609 ac
1028 1545 1194 1623 fratrum,
1224 1547 1282 1625 qui
1311 1546 1390 1610 istic

175 1663 287 1732 agunt,
305 1654 432 1733 quibus
447 1670 632 1733 speramus
647 1670 713 1715 nos
730 1654 888 1716 adiutum
906 1653 961 1714 iri.

228 1757 316 1821 Vale
330 1760 490 1838 feliciter,
507 1759 549 1823 R.
566 1760 603 1822 Ρ.
620 1761 656 1822 in
671 1759 813 1823 Christo
826 1759 920 1841 Jesu,
942 1760 1000 1821 cui
1023 1761 1134 1822 honor
1156 1770 1189 1820 et
1215 1761 1329 1837 gloria
1350 1761 1386 1821 in

181 1865 261 1926 omni
276 1884 376 1929 aeuo.

229 1967 384 2035 Lutetiae
399 1971 626 2052 Parisiorum,
643 1973 698 2035 die
713 1972 869 2035 secunda
884 1973 1015 2034 mensis
1030 1970 1244 2051 Septembris
1260 1972 1347 2036 1555.

231 2072 278 2140 De
293 2079 540 2142 commissione
555 2077 625 2143 R.di
640 2078 714 2141 D.ni
728 2079 844 2142 Patris
859 2077 1055 2155 Paschasii,

659 2185 699 2248 R.
724 2185 760 2248 P.
785 2186 827 2248 T.

704 2293 836 2355 Seruus
852 2292 1127 2371 indignissimus,

752 2507 930 2570 Nrcocnus
952 2509 1185 2571 Bsucnrnun.

192 2820 488 2910 Superscrzptio
513 2832 551 2892 in
571 2835 702 2911 quarta
717 2833 875 2910 pagina:
896 2831 973 2896 R.‘¹⁰
998 2835 1033 2897 in
1058 2835 1148 2913 Xpo.
1177 2835 1273 2897 Patri
1300 2833 1381 2897 D.¹¹⁰

162 2933 298 3000 Jatio
313 2939 357 3001 de
372 2937 521 3016 Loyola,
539 2937 745 3018 Praeposito
758 2940 923 3003 Generali
937 2939 1125 3005 societatis
1136 2942 1289 3004 nominis
1299 2940 1384 3022 Jesu

162 3040 357 3108 aedibus
370 3044 500 3107 Beatae
516 3046 651 3109 Mariae
665 3048 756 3109 della
771 3045 912 3110 Strada.
928 3047 1073 3111 Romae.

173 3149 304 3212 Alia
315 3169 439 3215 manu:
457 3152 543 3215 1555.
560 3152 716 3215 Parisiis.
734 3153 1054 3232 Quadrimestres2
1075 3153 1303 3235 Septembris

194 3244 425 3337 Vestigium
442 3275 542 3321 cerae
554 3259 685 3337 sigilli.
