3210 5392
656 1174 922 1258 CCCXXIII

243 1564 275 1621 Ρ.
293 1566 479 1626 Bernartius
498 1567 668 1628 Oliverius

275 1664 357 1724 Patri
370 1664 501 1740 lgnatio
515 1665 556 1725 de
567 1666 706 1741 Loyola.

300 1761 460 1836 Tornaco,
478 1763 512 1823 to
524 1763 730 1838 Septembris
746 1766 816 1823 1554
829 1767 848 1821 ¹.

759 2052 832 2168 nis

249 2393 362 2462 Gratia
386 2409 421 2461 et
447 2416 518 2479 pax
543 2399 686 2463 Domini
711 2402 823 2464 nostri
837 2401 920 2482 Jesu
943 2398 1075 2463 Christi
1100 2399 1145 2461 sit
1167 2415 1306 2478 semper
1327 2416 1411 2462 cum

178 2503 339 2568 omnibus
354 2506 467 2569 nobis.
483 2505 610 2570 Arnen.

247 2607 437 2675 Admodum
452 2611 528 2675 Rfl‘
546 2614 581 2676 in
603 2612 745 2677 Christo
768 2614 884 2677 Pater.
904 2612 1053 2692 Quando
1077 2611 1126 2675 ita
1139 2612 1234 2675 iubet
1250 2611 1292 2674 T.
1311 2610 1352 2674 R.
1367 2610 1408 2673 P.

183 2715 223 2769 vt
242 2718 400 2782 rationem
415 2720 566 2783 reddant
580 2719 641 2784 filii
656 2721 712 2784 sui
726 2729 854 2800 quarto
869 2737 1009 2800 quoque
1021 2736 1144 2782 mense
1160 2718 1203 2782 de
1218 2718 1408 2795 fructibus,

188 2832 277 2892 quos
288 2825 419 2890 bonitas
435 2826 502 2890 Dei
517 2826 664 2907 dignata
679 2837 733 2891 est
759 2845 822 2907 per
845 2845 907 2891 eos
932 2827 1088 2908 operari,
1116 2827 1198 2890 licet
1222 2824 1408 2888 nobishoc

193 2929 427 2997 quadrimestri
443 2952 568 3013 parum
582 2935 704 2998 datum
720 2936 765 2998 sit
780 2943 923 3012 metere,
941 2951 1021 2997 cum
1033 2943 1068 2995 et
1079 2933 1196 3013 ipsum
1211 2950 1329 2996 serere
1344 2951 1408 2995 no·

197 3027 248 3090 bis
261 3034 348 3103 suerit
358 3041 554 3120 inhibitum,
565 3051 604 3104 vt
619 3051 738 3105 tamen
755 3042 975 3105 obedientiae
986 3040 1161 3124 faciamus
1173 3040 1271 3118 satis,
1284 3040 1410 3120 paucis

202 3146 457 3226 perstringemus
472 3165 562 3227 quae
578 3158 780 3212 occurrunt.

256 3244 285 3310 ln
302 3254 431 3332 primis,
448 3255 551 3317 nohis
571 3264 760 3335 utcumque
784 3256 922 3319 reddita
947 3254 1100 3318 sanitate
1123 3255 1282 3334 (propter
1302 3270 1409 3334 quam

208 3358 459 3435 recuperandam
485 3363 554 3424 huc
576 3363 715 3425 remissi
740 3362 870 3424 suimus
892 3361 928 3441 ¹),
946 3362 1126 3441 coepimus
1152 3359 1359 3441 praedicare
1375 3360 1409 3421 in

210 3447 329 3530 diuersis
341 3469 445 3548 pagis
456 3479 489 3530 et
503 3468 600 3546 locis,
614 3486 683 3548 quo
696 3477 951 3531 concurrerunt
963 3486 1035 3530 non
1045 3467 1151 3548 pauci
1163 3467 1271 3530 etiam
1279 3466 1411 3530 distan-

209 3564 250 3620 10⁵
259 3581 312 3635 sex
325 3577 380 3637 vel
394 3584 530 3654 septem
545 3575 754 3639 milliaribus
774 3594 794 3638 a
814 3576 892 3638 loco
907 3575 968 3638 vbi
986 3573 1298 3638 concionabamur.
1319 3572 1412 3635 Hinc

210 3660 382 3744 factumest
410 3695 446 3744 vt
471 3683 611 3761 plurimi
632 3684 666 3745 in
687 3682 860 3763 proximis
879 3682 979 3745 iestis
1001 3680 1264 3757 penthecostes,
1286 3679 1412 3742 Sacra·

211 3785 323 3865 me11ti³,
337 3802 370 3852 et
384 3789 649 3869 Assumptionis
665 3789 778 3853 Diuae
791 3789 939 3865 Mariae,
950 3772 1301 3864 communicauerint,
1312 3804 1412 3867 prae-

210 3885 250 3942 ter
261 3886 317 3957 loci
330 3906 364 3960 et
381 3897 578 3959 incolarum
593 3914 737 3975 morem,
755 3907 789 3959 et
801 3897 911 3958 multo
927 3897 1045 3976 plures
1061 3894 1320 3958 confitebantur
1340 3911 1412 3955 nou

212 3989 348 4065 studentes
364 4002 480 4065 adhuc
492 4004 766 4079 communicare,
784 4013 972 4084 propterea
987 4002 1081 4083 quod
1101 4011 1178 4064 erat
1197 4001 1301 4063 nimis
1319 4000 1411 4061 inso-

212 4092 296 4184 litum,
311 4119 342 4172 et
357 4109 403 4171 ab
420 4108 498 4171 aliis
513 4109 728 4173 haberentur
742 4109 840 4172 risui.
857 4107 896 4172 In
912 4109 954 4171 iis
969 4125 1108 4189 quoque
1123 4107 1211 4170 locis
1230 4106 1336 4169 finem
1352 4106 1414 4167 im·

210 4211 360 4281 ustinus
386 4214 555 4292 (Domino
574 4215 803 4310 cooperante)
828 4216 1018 4278 multorum
1045 4215 1133 4277 rixis
1158 4225 1192 4276 et
1213 4212 1415 4288 discordiis,

208 4401 393 4419 x—

238 4523 244 4554 ¹
268 4526 450 4583 autographae
460 4527 486 4571 in
495 4528 592 4582 duplici
603 4528 671 4576 lolio.
683 4539 723 4571 un.
733 4527 773 4570 2ae
783 4534 808 4570 et
818 4527 866 4570 att.

235 4593 245 4624 ¹
271 4597 328 4644 Vide
337 4600 452 4644 Potnucr
463 4599 619 4651 caroniam,
631 4607 648 4643 t.
660 4610 698 4651 ur,
710 4610 769 4654 pag.
780 4599 827 4649 215,
838 4610 861 4642 n.
872 4598 919 4641 ⁴66.

234 4665 244 4697 ⁸
265 4667 311 4714 Seu
321 4670 445 4726 Corporis
457 4670 565 4715 Christi.
