3210 5392
705 474 770 533 Aa.
792 475 862 534 1555
1346 475 1398 534 711

170 627 388 698 peruagatus
402 620 590 683 multorum
605 620 757 700 animos,
774 638 816 684 eo
838 620 932 702 quod
948 639 1019 684 non
1034 619 1274 684 interfuissent
1291 622 1399 684 actio-

169 725 216 801 ni,
232 723 355 788 dolore
367 724 522 789 afficeret
537 745 580 790 ac
594 727 768 791 desiderio
788 729 971 809 spectandi
993 727 1209 792 incenderet.
1226 727 1331 791 Vnde
1353 729 1399 791 ob

167 832 404 911 quorumdam
417 851 552 915 preces,
565 835 715 898 utilitate
730 835 781 898 rei
792 852 979 916 perpensa,
994 853 1064 898 non
1076 836 1181 915 paulo
1194 836 1399 898 accuratius

170 937 238 1001 alio
255 939 409 1019 quodam
423 939 513 1003 sesto
523 941 585 1004 ¹die
600 939 725 1004 eadem
739 942 924 1020 tragoedia
941 942 1067 1004 iterum
1080 951 1132 1003 est
1145 940 1313 1003 exhibita.
1326 940 1398 1005 Ad·

165 1042 309 1108 fuerunt
323 1054 397 1110 tum
411 1048 600 1128 praecipue
615 1048 683 1111 viri
698 1048 880 1111 nobilitate
895 1065 937 1111 ac
953 1047 1124 1127 dignitate
1141 1047 1307 1122 illustres,
1322 1056 1398 1111 tum

167 1168 213 1213 ex
226 1153 319 1215 aulis
334 1153 454 1232 regiis,
471 1163 545 1217 tum
556 1173 601 1218 ex
612 1155 755 1218 ciuitate
773 1166 807 1217 et
818 1154 1002 1218 academia
1016 1154 1212 1217 viennensi.
1227 1152 1350 1217 Adfuit
1363 1163 1398 1217 et

168 1256 214 1321 ad
227 1256 297 1322 hoc
312 1261 552 1339 spectaculum
575 1262 731 1324 maxima
751 1261 933 1325 hominum
948 1260 1133 1341 utriusque
1154 1276 1262 1324 sexus
1282 1262 1396 1324 multi·

167 1362 263 1441 tud0,
280 1383 370 1445 quos
384 1366 605 1431 miserandae
620 1367 897 1431 vociferationes
913 1366 1052 1431 animae
1068 1365 1258 1430 damnatae
1281 1368 1395 1431 cuius·

166 1468 248 1533 dam
263 1471 397 1552 Euripi,
414 1482 448 1535 et
462 1472 639 1536 horrenda
655 1491 697 1537 ac
712 1473 868 1537 terrifica
880 1474 999 1552 imago
1011 1472 1139 1537 inferni
1150 1472 1272 1537 ficticii
1283 1490 1397 1554 vsque

168 1577 256 1642 adeo
271 1579 473 1658 commouit,
486 1589 525 1642 vt
540 1581 621 1643 hinc
634 1578 854 1661 propositum
867 1580 1024 1644 melioris
1035 1581 1131 1642 vitae
1142 1581 1302 1644 nonnulli
1314 1597 1395 1644 con·

167 1686 337 1766 ceperint.
355 1685 393 1748 ld
408 1687 527 1749 testati
542 1697 623 1750 sunt
638 1697 672 1750 et
687 1687 766 1767 ipsi,
783 1688 867 1768 quin
890 1697 925 1751 et
944 1687 1151 1767 lachrymae
1171 1695 1397 1766 erumpentes

167 1802 200 1856 et
214 1793 370 1872 gemitus
383 1792 488 1856 huius
502 1794 553 1856 rei
568 1794 662 1856 haud
677 1793 866 1857 obscuram
882 1792 1042 1856 fecerunt
1061 1791 1177 1856 fidem.
1194 1790 1316 1872 Neque
1338 1793 1396 1856 de·

167 1897 308 1962 fuerunt
332 1916 378 1962 ex
402 1899 446 1962 iis
470 1901 729 1979 spectatoribus
755 1900 863 1964 etiam
887 1899 1101 1979 praecipuae
1123 1907 1240 1977 notae,
1269 1899 1396 1979 quiex

166 2005 475 2069 commiseratione
495 2006 709 2085 animarum,
731 2024 821 2087 quae
840 2007 923 2086 igne
944 2005 1152 2086 purgatorio
1175 2007 1392 2084 cruciantur,

165 2111 294 2175 Missas
313 2110 390 2175 fieri
409 2123 634 2176 curauerunt.
655 2112 755 2177 Haec
778 2113 857 2176 ideo
880 2129 1028 2175 narrare
1050 2111 1206 2175 collibuit
1226 2112 1395 2191 quoniam

164 2228 304 2299 praeter
319 2236 465 2281 causam
480 2218 585 2282 modo
600 2218 732 2283 dictam
747 2236 818 2282 non
830 2236 956 2299 parum
968 2218 1084 2281 laudis
1095 2228 1200 2297 atque
1213 2216 1393 2281 commodi

164 2326 281 2390 attulit
295 2326 427 2389 nostris
441 2326 572 2389 scholis
587 2344 630 2389 ea
644 2326 788 2406 puerilis
802 2326 908 2390 actio.

222 2415 277 2495 De
293 2433 523 2496 concionibus
537 2443 739 2496 nostrorum
753 2450 825 2496 non
840 2433 953 2496 habeo
969 2431 1063 2513 quod
1078 2432 1123 2495 ad
1138 2450 1199 2510 ea,
1215 2448 1308 2511 quae
1330 2446 1391 2493 nu·

162 2555 226 2619 per
241 2540 375 2626 scripta
390 2551 483 2616 sunt,
501 2539 640 2618 addam,
654 2539 722 2602 nisi
738 2539 831 2620 quod
847 2557 892 2602 ex
904 2539 1036 2602 nostris
1047 2536 1117 2601 duo
1130 2537 1312 2618 coeperint
1323 2537 1392 2600 hoc

163 2661 267 2709 sacro
282 2645 449 2710 Aduentu
465 2646 602 2726 publice
617 2646 842 2724 concionari,
863 2663 951 2726 quos
966 2644 1297 2708 Reuerendissimus
1312 2643 1392 2722 Epi-

164 2767 295 2833 scopus
309 2752 509 2815 labacensis
525 2751 552 2831 ¹,
568 2762 608 2816 vt
623 2752 767 2816 maioris
780 2762 898 2816 essent
914 2752 1007 2832 apud
1019 2753 1189 2832 populum
1201 2750 1409 2813 authorita-'

162 2857 219 2936 tis,
247 2858 360 2921 suasit
386 2858 431 2921 ad
459 2858 668 2923 diaconatus
695 2859 905 2938 dignitatem
935 2857 1147 2938 promoueri.
1177 2855 1224 2919 Hi
1248 2856 1390 2937 fratres,

162 2963 458 3044 quemadmodum
474 2966 601 3045 etalii,
617 2966 743 3047 quibus
765 2967 937 3029 talentum
957 2963 1193 3027 concionandi
1217 2960 1391 3026 Dominus

162 3068 261 3134 Deus
282 3072 416 3151 tribuit,
442 3072 566 3136 diebus
590 3072 776 3137 dominicis
802 3091 844 3136 ac
871 3072 971 3136 iestis
996 3071 1143 3134 verbum
1168 3068 1236 3133 Dei
1259 3071 1390 3150 populo

162 3178 423 3241 communicant
438 3197 560 3243 omnes
574 3180 610 3243 in
625 3180 775 3243 diuersis
791 3179 950 3242 ecclesiis
965 3178 1068 3241 huius
1084 3176 1252 3256 ciuitatis;
1265 3186 1299 3239 et
1314 3177 1390 3256 qui·

162 3283 243 3347 dam
257 3283 383 3347 horum
398 3285 507 3348 etiam
518 3303 640 3349 coram
654 3284 752 3366 Rege
767 3285 778 3316 ¹
795 3296 829 3349 et
844 3286 920 3349 eius
933 3285 1012 3348 iiliis
1027 3285 1063 3347 in
1075 3283 1204 3364 templo
1216 3281 1385 3362 Augusti·

162 3390 321 3454 nensium
335 3391 521 3472 aliquoties
536 3393 740 3456 concionati
754 3401 847 3469 sunt,
869 3409 939 3454 non
961 3391 1037 3454 siue
1058 3391 1216 3471 ipsorum
1237 3389 1388 3453 admira·

162 3497 254 3559 tione
269 3514 312 3559 ac
328 3495 570 3561 satisfactione
584 3508 624 3563 vt
638 3508 672 3562 et
688 3499 839 3562 aliorum
858 3499 1031 3576 omnium,
1052 3496 1120 3560 nisi
1139 3495 1290 3560 fortasse
1313 3495 1386 3577 qui·

162 3601 225 3665 bus
240 3602 404 3666 doctrina
419 3605 596 3668 catholica
614 3604 716 3669 desiit
737 3606 853 3673 minus
873 3604 957 3682 (sic)
978 3605 1067 3667 bene
1087 3619 1224 3682 sapere.
1249 3602 1388 3666 Primus

162 3707 254 3789 apud
265 3707 400 3789 Regem
412 3710 498 3774 obiit
508 3711 601 3775 istud
613 3728 739 3775 munus
751 3711 794 3775 D.
808 3709 1239 3775 MartinusStiuordianus
1250 3708 1273 3786 ³,
1287 3709 1388 3773 cuius

162 3816 297 3894 concio,
313 3825 354 3879 vt
368 3826 445 3880 erat
459 3817 601 3881 feruens
616 3827 650 3881 et
664 3819 734 3899 pia,
751 3817 842 3898 Regi
854 3819 943 3881 adeo
959 3816 1154 3898 perplacuit
1167 3826 1206 3879 vt
1219 3833 1301 3880 eum
1311 3833 1387 3881 sae-

162 3922 238 4001 pius
253 3921 377 3985 audire
391 3923 576 4003 cupiuerit.
593 3922 895 4005 Quemadmodum
914 3932 949 3987 et
963 3923 1095 3986 factum
1118 3930 1181 3986 est.
1204 3920 1385 3986 Successit

162 4027 209 4092 illi
223 4029 260 4092 in
280 4029 370 4091 festo
386 4028 470 4092 Diui
490 4028 660 4110 Stephani
679 4030 716 4094 P.
743 4029 914 4094 Codanus
936 4027 958 4093 ⁴.
979 4029 1128 4109 Reliqui,
1150 4039 1189 4091 vt
1207 4039 1384 4108 putamuS,

162 4136 429 4215 subsequentur.

215 4239 370 4330 Fructus
395 4243 522 4306 harum
542 4244 754 4308 concionum
773 4253 826 4307 est
846 4245 985 4307 auctior
1007 4242 1248 4306 confitentium
1267 4257 1385 4304 nume-

196 4482 206 4515 ¹
234 4480 358 4525 Urbanus
367 4481 476 4527 Weber.

194 4553 207 4585 ²
235 4551 399 4596 Ferdlnando
409 4552 429 4596 1.

195 4625 207 4657 ³
236 4623 401 4678 vldesuprn,
412 4630 430 4667 t.
440 4635 457 4676 1,
468 4636 526 4680 pag.
538 4626 583 4669 lio.

196 4696 208 4729 ⁴
237 4696 263 4739 P.
274 4695 395 4740 Nicotaus
406 4695 552 4741 Goudanus.
