3240 5386
190 405 244 465 498
589 406 1047 471 Lmsaaaouanatuasraas

188 571 258 634 quo
273 554 451 632 legeretur
466 553 691 630 euangelium
708 552 750 614 de
767 551 1001 615 conuersione
1017 551 1149 614 Beatae
1174 548 1402 630 Magdalenffl

189 651 289 715 cuius
304 651 563 730 expositionem
578 650 607 713 si
623 648 785 713 audirent
802 651 944 728 multae,
960 648 1083 712 forsan
1108 648 1207 712 Deus
1233 650 1285 712 sic
1298 651 1402 713 ean:

187 760 400 822 illuminaret
414 757 535 833 corda,
552 767 592 820 vt
606 758 717 821 vitam
728 757 953 821 libidinosam
964 773 1111 837 prorsus
1122 756 1328 820 abiicerent.
1341 752 1402 821 Η(

188 866 255 928 sibi
270 866 402 928 dictum
418 865 625 928 existimans
639 864 815 945 quaedam
831 872 994 927 matrona
1011 864 1149 926 curauit
1165 873 1337 944 quotquot
1351 874 1402 926 n:

187 973 335 1035 retrices
348 972 506 1034 inuenire
515 971 641 1051 potuit,
652 971 759 1034 etiam
769 988 878 1052 supra
888 988 1073 1034 numerum
1082 970 1402 1052 quadragenaria:

190 1079 234 1141 ad
251 1079 460 1141 concionem
473 1078 660 1155 adducere,
676 1088 862 1140 numerato
874 1077 1024 1157 singulis
1036 1077 1154 1157 aliquo
1169 1095 1328 1156 nummo,
1340 1095 1402 1158 qt·

187 1203 265 1248 rum
282 1185 420 1265 aliquae
436 1184 602 1264 deinceps
613 1184 652 1246 in
666 1189 809 1247 tantum
824 1184 1010 1264 pristinam
1023 1184 1133 1247 vitam
1147 1183 1154 1215 ¹
1168 1184 1402 1247 abhorrebat

189 1304 227 1355 vt
242 1309 325 1354 mox
340 1293 457 1355 locum
472 1304 506 1353 et
521 1291 729 1354 occasiones
742 1291 914 1370 peccandi
934 1290 1150 1365 deserentes,
1167 1292 1402 1354 monasterii:

187 1400 296 1474 vulgo
312 1415 566 1461 conuersarum
581 1397 714 1460 dictum
737 1397 921 1476 ingressae
946 1398 1028 1460 sint:
1051 1397 1226 1478 plurimae
1253 1415 1274 1459 a
1296 1414 1402 1460 cont:

189 1505 368 1568 binariis’
396 1515 477 1567 sunt
502 1513 702 1583 separatae:
727 1521 797 1566 una
822 1521 945 1567 earum
967 1505 1113 1567 honeste
1135 1488 1262 1584 nuptui
1288 1504 1394 1567 tradi

188 1623 252 1690 est,
266 1623 299 1674 et
314 1622 455 1691 praeter
470 1611 535 1673 has
550 1610 665 1673 adhuc
680 1609 784 1673 hodie
809 1620 1039 1690 perseuerant
1064 1610 1100 1673 in
1123 1610 1216 1673 bono
1233 1611 1402 1691 proposia

187 1720 301 1782 utiam
315 1717 631 1797 emendandiapud
643 1718 812 1779 honestas
826 1717 951 1780 viduas
967 1728 1047 1780 octo
1059 1725 1121 1780 aut
1133 1718 1269 1793 decem,
1281 1728 1380 1781 casta

188 1827 300 1889 vitam
315 1835 455 1889 extunc
468 1825 648 1904 degentes,
662 1834 697 1886 et
708 1824 809 1887 nobis
822 1824 1024 1905 frequenter
1037 1823 1257 1888 confitentes.
1272 1824 1402 1888 Reduc

187 1943 268 1996 sunt
284 1932 494 1995 dissidentes
509 1933 545 1993 in
557 1931 799 2007 concordiam,
826 1931 970 1994 Patrum
993 1949 1112 2011 opera,
1135 1933 1290 2013 plurimi,
1316 1933 1402 1996 etia

187 2057 259 2102 non
272 2039 375 2119 parui
391 2039 554 2114 nominis;
570 2037 632 2100 sed
648 2037 737 2100 haec
753 2039 872 2101 omnia
888 2056 949 2117 per
962 2038 1102 2118 singula
1115 2056 1305 2102 recensere
1317 2040 1402 2102 nin]

187 2149 332 2226 longum
348 2156 451 2222 esset,
468 2163 532 2207 nec
547 2160 689 2224 possem
710 2144 849 2207 etiamsi
874 2145 1029 2208 maxime
1054 2148 1194 2209 vellem.
1224 2144 1317 2209 Tam
1328 2145 1402 2209 eni

187 2252 317 2315 fuimus
330 2269 451 2314 omnes
464 2251 637 2332 occupati,
651 2261 690 2314 vt
705 2251 767 2314 vix
783 2261 930 2314 vacaret
941 2251 1119 2315 interdum
1130 2253 1250 2315 cibum
1264 2267 1402 2315 sumer

187 2370 221 2422 et
237 2360 353 2423 minus
367 2375 458 2438 quae
473 2358 697 2437 contigerunt
722 2358 814 2421 inter
838 2376 902 2422 nos
926 2375 1085 2422 narrare.
1112 2357 1184 2423 Sub
1210 2357 1319 2423 finem
1335 2377 1402 2438 qu.

187 2467 410 2545 dragesimae
426 2465 523 2527 venit
536 2464 580 2526 ad
595 2482 660 2528 nos
675 2465 818 2546 quidam
834 2466 955 2544 magni
966 2466 1118 2529 nominis
1136 2476 1170 2528 et
1190 2468 1402 2530 auctorita!

186 2574 253 2652 vir,
270 2573 331 2653 qui
346 2573 628 2650 congratulando
642 2572 743 2635 nobis
758 2573 877 2635 retulit
891 2590 929 2635 se
941 2573 1033 2635 mira
1049 2573 1226 2636 audiuisse
1239 2575 1402 2654 spargi·

186 2680 299 2756 nobiS,
313 2690 387 2742 tam
399 2679 443 2742 ab
455 2680 635 2742 extraneis
646 2679 682 2742 in
694 2679 831 2758 oppidis
844 2679 1118 2757 circumuicinis,
1132 2697 1240 2760 quam
1252 2699 1273 2742 a
1287 2699 1402 2761 prae·

186 2788 267 2867 puis
280 2787 384 2848 huius
400 2786 565 2862 ciuitatiS,
589 2785 787 2849 dicentibus
811 2804 849 2848 se
875 2786 976 2866 quasi
991 2804 1121 2849 nouam
1141 2786 1272 2851 faciem
1298 2789 1402 2851 vide:

187 2895 292 2956 huius
307 2893 472 2970 ciuitatis,
487 2905 520 2954 et
531 2892 670 2955 felicem
686 2910 765 2955 eam
777 2911 866 2970 esse,
881 2910 971 2972 quae
987 2895 1077 2956 tales
1088 2894 1218 2956 habeat
1234 2896 1402 2958 concior:

187 3012 283 3063 tores
299 3010 332 3062 et
358 3000 551 3079 operarios.
580 2999 624 3062 Et
648 2999 806 3078 profecto
832 3018 876 3062 ex
902 3000 1184 3063 confessionibus
1203 3003 1377 3082 percipim

189 3124 356 3187 magnam
371 3107 611 3168 mutationem.
629 3104 719 3168 Nam
731 3124 865 3186 paucos
880 3107 1079 3185 habuimus,
1096 3108 1240 3188 quinon
1255 3110 1288 3171 in
1302 3112 1402 3190 aliq·

189 3214 337 3277 articulo
352 3213 432 3276 fidei
448 3222 620 3289 errarent,
642 3213 830 3292 pauciores
854 3214 912 3293 qui
939 3231 1010 3276 non
1037 3214 1267 3287 haesitarent,
1291 3218 1379 3278 mult

190 3322 250 3402 qui
274 3321 413 3401 penitus
434 3320 637 3382 abiecerant
664 3321 851 3382 ecclesiam
878 3319 1075 3383 Romanam
1101 3320 1248 3401 eiusque
1275 3332 1378 3385 sanct

189 3429 469 3491 constitutiones.
488 3425 614 3489 Pastor
633 3427 746 3489 Diuae
772 3427 1005 3506 Magdalenae
1026 3428 1143 3490 retulit
1164 3445 1201 3490 se
1225 3429 1357 3493 mirum
1371 3444 1402 3491 ῑ

189 3536 282 3597 disse
297 3525 450 3597 fructum
465 3534 500 3596 in
516 3551 578 3596 sua
595 3535 776 3614 parochia,
793 3535 854 3596 vbi
868 3535 936 3596 hac
948 3533 1225 3614 quadragesima
1241 3554 1323 3599 sum
1341 3554 1402 3600 co·

190 3642 362 3704 cionatus
384 3641 478 3702 Inter
505 3651 649 3703 caetera
672 3641 760 3703 dixit
786 3658 823 3703 se
839 3642 1012 3703 hactenus
1034 3641 1078 3702 ab
1099 3652 1180 3704 octo
1205 3653 1269 3705 aut
1297 3644 1384 3707 dece

190 3748 292 3811 annis
307 3764 377 3809 non
393 3746 558 3809 habuisse
574 3747 641 3810 nisi
657 3747 869 3827 quingentos
890 3747 935 3810 ad
955 3765 1130 3810 summum
1151 3753 1402 3814 communica:

188 3868 241 3918 tes
256 3855 292 3916 in
307 3853 489 3933 paschate,
505 3855 573 3915 hoc
588 3865 707 3918 autem
722 3871 815 3915 anno
832 3854 955 3916 habuit
969 3871 1077 3933 supra
1094 3867 1311 3934 nongentos,

248 3961 346 4024 Haec
362 3961 502 4041 quidem
515 3962 813 4039 sunt,admodum
829 3959 905 4022 Rae
928 3963 963 4023 in
979 3961 1123 4025 Christo
1145 3962 1265 4042 Pater,
1288 3983 1402 4044 praec

188 4087 269 4148 pua,
287 4085 376 4149 quae
392 4086 484 4130 nunc
500 4078 700 4131 occurrunt.
719 4068 761 4129 Et
778 4068 903 4130 merito
916 4070 1017 4147 plura
1030 4069 1065 4130 in
1078 4071 1157 4132 loco
1170 4079 1246 4133 tam
1263 4071 1374 4136 fertili
1390 4089 1402 4131 ε

188 4176 307 4254 egenti
326 4176 421 4237 sacta
438 4184 506 4254 per
526 4193 592 4236 nos
612 4176 777 4255 oportuit,
800 4176 868 4237 nisi
897 4192 973 4237 mea
999 4177 1174 4255 imprimis
1197 4181 1400 4258 negligenti

188 4283 369 4344 obfuisset.
390 4280 460 4344 Sed
480 4283 577 4359 haec,
601 4284 923 4361 quantulacumque
947 4294 1039 4359 sunt,
1064 4289 1281 4348 nontamen
1308 4288 1402 4349 aditu

231 4561 237 4591 ¹
268 4558 333 4600 adeo
345 4570 360 4599 a
373 4558 482 4610 pristina
494 4560 558 4600 vita.
570 4558 705 4600 solancus.

228 4632 238 4660 ²
266 4630 447 4672 concubinatu.
460 4628 495 4671 ll.
