<?xml version="1.0" encoding="UTF-8"?>
<!DOCTYPE html PUBLIC "-//W3C//DTD XHTML 1.0 Transitional//EN"
    "http://www.w3.org/TR/xhtml1/DTD/xhtml1-transitional.dtd">
<html xmlns="http://www.w3.org/1999/xhtml" xml:lang="en" lang="en">
 <head>
  <title>
</title>
<meta http-equiv="Content-Type" content="text/html;charset=utf-8" />
  <meta name='ocr-system' content='tesseract 3.04.00' />
  <meta name='ocr-capabilities' content='ocr_page ocr_carea ocr_par ocr_line ocrx_word'/>
</head>
<body>
  <div class='ocr_page' id='page_1' title='image "./litteraequadrim02jesugoog_0275.png"; bbox 0 0 3210 5392; ppageno 0'>
   <div class='ocr_carea' id='block_1_1' title="bbox 179 406 1078 477">
    <p class='ocr_par' dir='ltr' id='par_1_1' title="bbox 179 406 1078 477">
     <span class='ocr_line' id='line_1_1' title="bbox 179 406 1078 477; baseline 0.001 -14"><span class='ocrx_word' id='word_1_1' title='bbox 179 406 234 464; x_wconf 68' lang='lat'>‘264</span> <span class='ocrx_word' id='word_1_2' title='bbox 570 407 741 467; x_wconf 74' lang='lat' dir='ltr'>errunau</span> <span class='ocrx_word' id='word_1_3' title='bbox 754 425 1026 477; x_wconf 73' lang='lat' dir='ltr'>Qunnnruusrnss</span> <span class='ocrx_word' id='word_1_4' title='bbox 1075 460 1078 464; x_wconf 85' lang='grc'><em>,</em></span> 
     </span>
    </p>
   </div>
   <div class='ocr_carea' id='block_1_2' title="bbox 180 551 1406 4467">
    <p class='ocr_par' dir='ltr' id='par_1_2' title="bbox 180 551 1405 936">
     <span class='ocr_line' id='line_1_2' title="bbox 180 551 1405 632; baseline 0.004 -20"><span class='ocrx_word' id='word_1_5' title='bbox 180 552 371 628; x_wconf 78' lang='lat' dir='ltr'>cularibuS,</span> <span class='ocrx_word' id='word_1_6' title='bbox 388 554 448 632; x_wconf 91' lang='lat' dir='ltr'>qui</span> <span class='ocrx_word' id='word_1_7' title='bbox 460 552 585 617; x_wconf 90' lang='lat' dir='ltr'>deinde</span> <span class='ocrx_word' id='word_1_8' title='bbox 597 570 635 616; x_wconf 89' lang='lat' dir='ltr'>se</span> <span class='ocrx_word' id='word_1_9' title='bbox 647 551 725 616; x_wconf 92' lang='lat' dir='ltr'>Deo</span> <span class='ocrx_word' id='word_1_10' title='bbox 737 556 805 617; x_wconf 88' lang='lat' dir='ltr'>hac</span> <span class='ocrx_word' id='word_1_11' title='bbox 820 554 855 617; x_wconf 93' lang='lat' dir='ltr'>in</span> <span class='ocrx_word' id='word_1_12' title='bbox 871 553 1048 618; x_wconf 84' lang='lat' dir='ltr'>Societate</span> <span class='ocrx_word' id='word_1_13' title='bbox 1060 564 1329 628; x_wconf 88' lang='lat' dir='ltr'>consecrarunt;</span> <span class='ocrx_word' id='word_1_14' title='bbox 1344 554 1405 617; x_wconf 90' lang='lat' dir='ltr'>cui·</span> 
     </span>
     <span class='ocr_line' id='line_1_3' title="bbox 182 658 1405 743; baseline 0.003 -24"><span class='ocrx_word' id='word_1_15' title='bbox 182 658 264 722; x_wconf 87' lang='lat' dir='ltr'>dam</span> <span class='ocrx_word' id='word_1_16' title='bbox 286 659 391 723; x_wconf 89' lang='lat' dir='ltr'>etiam</span> <span class='ocrx_word' id='word_1_17' title='bbox 418 660 468 738; x_wconf 90' lang='lat' dir='ltr'>(nt</span> <span class='ocrx_word' id='word_1_18' title='bbox 485 662 592 740; x_wconf 83' lang='lat' dir='ltr'>uulgo</span> <span class='ocrx_word' id='word_1_19' title='bbox 619 662 759 736; x_wconf 88' lang='lat' dir='ltr'>dicitur)</span> <span class='ocrx_word' id='word_1_20' title='bbox 777 663 968 741; x_wconf 89' lang='lat' dir='ltr'>licentiato,</span> <span class='ocrx_word' id='word_1_21' title='bbox 992 663 1035 725; x_wconf 92' lang='lat' dir='ltr'>de</span> <span class='ocrx_word' id='word_1_22' title='bbox 1050 680 1120 743; x_wconf 93' lang='lat' dir='ltr'>quo</span> <span class='ocrx_word' id='word_1_23' title='bbox 1137 662 1195 725; x_wconf 93' lang='lat' dir='ltr'>hic</span> <span class='ocrx_word' id='word_1_24' title='bbox 1210 660 1405 724; x_wconf 74' lang='lat' dir='ltr'>meminisse</span> 
     </span>
     <span class='ocr_line' id='line_1_4' title="bbox 181 766 1405 848; baseline 0.002 -21"><span class='ocrx_word' id='word_1_25' title='bbox 181 766 290 843; x_wconf 90' lang='lat' dir='ltr'>uolui,</span> <span class='ocrx_word' id='word_1_26' title='bbox 307 767 400 846; x_wconf 91' lang='lat' dir='ltr'>quod</span> <span class='ocrx_word' id='word_1_27' title='bbox 415 767 450 829; x_wconf 95' lang='lat' dir='ltr'>in</span> <span class='ocrx_word' id='word_1_28' title='bbox 464 767 530 830; x_wconf 90' lang='lat' dir='ltr'>Dei</span> <span class='ocrx_word' id='word_1_29' title='bbox 546 785 667 831; x_wconf 88' lang='lat' dir='ltr'>amore</span> <span class='ocrx_word' id='word_1_30' title='bbox 687 780 722 831; x_wconf 88' lang='lat' dir='ltr'>et</span> <span class='ocrx_word' id='word_1_31' title='bbox 744 769 798 831; x_wconf 93' lang='lat' dir='ltr'>sui</span> <span class='ocrx_word' id='word_1_32' title='bbox 818 769 1023 847; x_wconf 85' lang='lat' dir='ltr'>cognitione</span> <span class='ocrx_word' id='word_1_33' title='bbox 1036 769 1228 848; x_wconf 90' lang='lat' dir='ltr'>plurimum</span> <span class='ocrx_word' id='word_1_34' title='bbox 1249 783 1405 848; x_wconf 85' lang='lat' dir='ltr'>progres</span> 
     </span>
     <span class='ocr_line' id='line_1_5' title="bbox 182 875 315 936; baseline 0.008 -2"><span class='ocrx_word' id='word_1_35' title='bbox 182 890 245 936; x_wconf 91' lang='lat' dir='ltr'>sus</span> <span class='ocrx_word' id='word_1_36' title='bbox 258 875 315 936; x_wconf 89' lang='lat' dir='ltr'>sit.</span> 
     </span>
    </p>

    <p class='ocr_par' dir='ltr' id='par_1_3' title="bbox 182 979 1406 1704">
     <span class='ocr_line' id='line_1_6' title="bbox 243 979 1405 1063; baseline 0.003 -21"><span class='ocrx_word' id='word_1_37' title='bbox 243 979 410 1058; x_wconf 83' lang='lat' dir='ltr'>Eiusdem</span> <span class='ocrx_word' id='word_1_38' title='bbox 425 983 586 1045; x_wconf 88' lang='lat' dir='ltr'>coenobii</span> <span class='ocrx_word' id='word_1_39' title='bbox 600 982 808 1061; x_wconf 90' lang='lat' dir='ltr'>iunioribus,</span> <span class='ocrx_word' id='word_1_40' title='bbox 827 1000 870 1046; x_wconf 88' lang='lat' dir='ltr'>ac</span> <span class='ocrx_word' id='word_1_41' title='bbox 885 983 920 1045; x_wconf 95' lang='lat' dir='ltr'>in</span> <span class='ocrx_word' id='word_1_42' title='bbox 935 982 1122 1063; x_wconf 89' lang='lat' dir='ltr'>Religione</span> <span class='ocrx_word' id='word_1_43' title='bbox 1136 982 1296 1060; x_wconf 80' lang='lat' dir='ltr'>nouitiiS,</span> <span class='ocrx_word' id='word_1_44' title='bbox 1313 979 1405 1045; x_wconf 79' lang='lat' dir='ltr'>R.‘¹¹¹⁸</span> 
     </span>
     <span class='ocr_line' id='line_1_7' title="bbox 182 1086 1403 1169; baseline 0.001 -20"><span class='ocrx_word' id='word_1_45' title='bbox 182 1086 220 1149; x_wconf 89' lang='grc' dir='ltr'>Ρ.</span> <span class='ocrx_word' id='word_1_46' title='bbox 238 1087 440 1151; x_wconf 87' lang='lat' dir='ltr'>Ludouicus</span> <span class='ocrx_word' id='word_1_47' title='bbox 454 1091 562 1152; x_wconf 91' lang='lat' dir='ltr'>semel</span> <span class='ocrx_word' id='word_1_48' title='bbox 586 1090 622 1152; x_wconf 94' lang='lat' dir='ltr'>in</span> <span class='ocrx_word' id='word_1_49' title='bbox 644 1090 864 1153; x_wconf 87' lang='lat' dir='ltr'>hebdomade</span> <span class='ocrx_word' id='word_1_50' title='bbox 887 1091 1104 1154; x_wconf 81' lang='lat' dir='ltr'>christianae</span> <span class='ocrx_word' id='word_1_51' title='bbox 1128 1089 1315 1152; x_wconf 86' lang='lat' dir='ltr'>doctrinae</span> <span class='ocrx_word' id='word_1_52' title='bbox 1338 1105 1403 1169; x_wconf 89' lang='lat' dir='ltr'>par</span> 
     </span>
     <span class='ocr_line' id='line_1_8' title="bbox 183 1195 1403 1276; baseline 0.001 -20"><span class='ocrx_word' id='word_1_53' title='bbox 183 1205 272 1270; x_wconf 88' lang='lat' dir='ltr'>tem,</span> <span class='ocrx_word' id='word_1_54' title='bbox 298 1212 428 1274; x_wconf 82' lang='lat' dir='ltr'>magna</span> <span class='ocrx_word' id='word_1_55' title='bbox 450 1214 573 1259; x_wconf 91' lang='lat' dir='ltr'>eorum</span> <span class='ocrx_word' id='word_1_56' title='bbox 597 1198 789 1273; x_wconf 86' lang='lat' dir='ltr'>modestia,</span> <span class='ocrx_word' id='word_1_57' title='bbox 816 1198 1011 1260; x_wconf 86' lang='lat' dir='ltr'>attentione</span> <span class='ocrx_word' id='word_1_58' title='bbox 1033 1206 1068 1259; x_wconf 91' lang='lat' dir='ltr'>et</span> <span class='ocrx_word' id='word_1_59' title='bbox 1092 1196 1210 1259; x_wconf 79' lang='lat' dir='ltr'>fructu</span> <span class='ocrx_word' id='word_1_60' title='bbox 1233 1195 1403 1276; x_wconf 86' lang='lat' dir='ltr'>exposuit</span> 
     </span>
     <span class='ocr_line' id='line_1_9' title="bbox 183 1302 1405 1383; baseline 0.002 -21"><span class='ocrx_word' id='word_1_61' title='bbox 183 1311 314 1364; x_wconf 89' lang='lat' dir='ltr'>namet</span> <span class='ocrx_word' id='word_1_62' title='bbox 330 1311 414 1365; x_wconf 92' lang='lat' dir='ltr'>tunc</span> <span class='ocrx_word' id='word_1_63' title='bbox 430 1305 599 1383; x_wconf 89' lang='lat' dir='ltr'>temporis</span> <span class='ocrx_word' id='word_1_64' title='bbox 615 1305 767 1367; x_wconf 90' lang='lat' dir='ltr'>orationi</span> <span class='ocrx_word' id='word_1_65' title='bbox 782 1303 902 1367; x_wconf 91' lang='lat' dir='ltr'>sedulo</span> <span class='ocrx_word' id='word_1_66' title='bbox 919 1321 1060 1379; x_wconf 89' lang='lat' dir='ltr'>uacare,</span> <span class='ocrx_word' id='word_1_67' title='bbox 1077 1312 1111 1366; x_wconf 91' lang='lat' dir='ltr'>et</span> <span class='ocrx_word' id='word_1_68' title='bbox 1127 1302 1356 1365; x_wconf 87' lang='lat' dir='ltr'>contritionis</span> <span class='ocrx_word' id='word_1_69' title='bbox 1371 1302 1405 1364; x_wconf 91' lang='lat' dir='ltr'>la</span> 
     </span>
     <span class='ocr_line' id='line_1_10' title="bbox 184 1407 1406 1491; baseline 0.001 -22"><span class='ocrx_word' id='word_1_70' title='bbox 184 1408 351 1488; x_wconf 89' lang='lat' dir='ltr'>chrymas</span> <span class='ocrx_word' id='word_1_71' title='bbox 363 1408 509 1473; x_wconf 79' lang='lat' dir='ltr'>sundere</span> <span class='ocrx_word' id='word_1_72' title='bbox 520 1407 799 1491; x_wconf 77' lang='lat' dir='ltr'>reperiebantur:</span> <span class='ocrx_word' id='word_1_73' title='bbox 813 1420 847 1474; x_wconf 91' lang='lat' dir='ltr'>et</span> <span class='ocrx_word' id='word_1_74' title='bbox 860 1428 954 1474; x_wconf 91' lang='lat' dir='ltr'>nunc</span> <span class='ocrx_word' id='word_1_75' title='bbox 965 1427 1116 1491; x_wconf 87' lang='lat' dir='ltr'>quoque,</span> <span class='ocrx_word' id='word_1_76' title='bbox 1133 1409 1338 1473; x_wconf 88' lang='lat' dir='ltr'>deuotionis</span> <span class='ocrx_word' id='word_1_77' title='bbox 1353 1407 1406 1471; x_wconf 81' lang='lat' dir='ltr'>fer</span> 
     </span>
     <span class='ocr_line' id='line_1_11' title="bbox 185 1516 1405 1598; baseline 0.002 -23"><span class='ocrx_word' id='word_1_78' title='bbox 185 1531 308 1577; x_wconf 91' lang='lat' dir='ltr'>uorem</span> <span class='ocrx_word' id='word_1_79' title='bbox 322 1517 525 1594; x_wconf 87' lang='lat' dir='ltr'>retinentes,</span> <span class='ocrx_word' id='word_1_80' title='bbox 539 1517 576 1580; x_wconf 92' lang='lat' dir='ltr'>in</span> <span class='ocrx_word' id='word_1_81' title='bbox 590 1518 889 1596; x_wconf 88' lang='lat' dir='ltr'>meditationibus,</span> <span class='ocrx_word' id='word_1_82' title='bbox 903 1535 993 1598; x_wconf 91' lang='lat' dir='ltr'>quas</span> <span class='ocrx_word' id='word_1_83' title='bbox 1004 1518 1050 1581; x_wconf 87' lang='lat' dir='ltr'>ab</span> <span class='ocrx_word' id='word_1_84' title='bbox 1061 1516 1186 1580; x_wconf 87' lang='lat' dir='ltr'>eodem</span> <span class='ocrx_word' id='word_1_85' title='bbox 1199 1517 1309 1580; x_wconf 90' lang='lat' dir='ltr'>Patre</span> <span class='ocrx_word' id='word_1_86' title='bbox 1321 1531 1405 1578; x_wconf 88' lang='lat' dir='ltr'>acce</span> 
     </span>
     <span class='ocr_line' id='line_1_12' title="bbox 184 1625 782 1704; baseline 0.003 -22"><span class='ocrx_word' id='word_1_87' title='bbox 184 1634 323 1700; x_wconf 89' lang='lat' dir='ltr'>perunt,</span> <span class='ocrx_word' id='word_1_88' title='bbox 340 1640 418 1686; x_wconf 88' lang='lat' dir='ltr'>sese</span> <span class='ocrx_word' id='word_1_89' title='bbox 432 1625 587 1704; x_wconf 88' lang='lat' dir='ltr'>quotidie</span> <span class='ocrx_word' id='word_1_90' title='bbox 603 1634 782 1688; x_wconf 85' lang='lat' dir='ltr'>exercent.</span> 
     </span>
    </p>

    <p class='ocr_par' dir='ltr' id='par_1_4' title="bbox 184 1728 1406 3732">
     <span class='ocr_line' id='line_1_13' title="bbox 243 1728 1404 1812; baseline 0 -21"><span class='ocrx_word' id='word_1_91' title='bbox 243 1728 427 1810; x_wconf 89' lang='lat' dir='ltr'>Templum</span> <span class='ocrx_word' id='word_1_92' title='bbox 442 1743 615 1807; x_wconf 85' lang='lat' dir='ltr'>nostrum,</span> <span class='ocrx_word' id='word_1_93' title='bbox 633 1733 716 1795; x_wconf 87' lang='lat' dir='ltr'>olim</span> <span class='ocrx_word' id='word_1_94' title='bbox 731 1731 912 1795; x_wconf 86' lang='lat' dir='ltr'>desertum</span> <span class='ocrx_word' id='word_1_95' title='bbox 925 1749 968 1794; x_wconf 88' lang='lat' dir='ltr'>ac</span> <span class='ocrx_word' id='word_1_96' title='bbox 984 1747 1073 1812; x_wconf 89' lang='lat' dir='ltr'>pene</span> <span class='ocrx_word' id='word_1_97' title='bbox 1089 1730 1220 1808; x_wconf 89' lang='lat' dir='ltr'>sterile,</span> <span class='ocrx_word' id='word_1_98' title='bbox 1236 1729 1277 1793; x_wconf 90' lang='lat' dir='ltr'>fit</span> <span class='ocrx_word' id='word_1_99' title='bbox 1293 1729 1331 1792; x_wconf 91' lang='lat' dir='ltr'>in</span> <span class='ocrx_word' id='word_1_100' title='bbox 1347 1728 1404 1791; x_wconf 88' lang='lat' dir='ltr'>die</span> 
     </span>
     <span class='ocr_line' id='line_1_14' title="bbox 184 1836 1405 1918; baseline 0 -20"><span class='ocrx_word' id='word_1_101' title='bbox 184 1836 344 1916; x_wconf 86' lang='lat' dir='ltr'>singulos</span> <span class='ocrx_word' id='word_1_102' title='bbox 358 1838 473 1917; x_wconf 86' lang='lat' dir='ltr'>magis</span> <span class='ocrx_word' id='word_1_103' title='bbox 488 1838 654 1918; x_wconf 83' lang='lat' dir='ltr'>frequens</span> <span class='ocrx_word' id='word_1_104' title='bbox 670 1856 712 1901; x_wconf 89' lang='lat' dir='ltr'>ac</span> <span class='ocrx_word' id='word_1_105' title='bbox 735 1838 944 1917; x_wconf 79' lang='lat' dir='ltr'>frugiferum</span> <span class='ocrx_word' id='word_1_106' title='bbox 968 1836 1190 1901; x_wconf 91' lang='lat' dir='ltr'>multitudine</span> <span class='ocrx_word' id='word_1_107' title='bbox 1206 1836 1405 1900; x_wconf 89' lang='lat' dir='ltr'>conuenien</span> 
     </span>
     <span class='ocr_line' id='line_1_15' title="bbox 185 1941 1405 2025; baseline 0 -22"><span class='ocrx_word' id='word_1_108' title='bbox 185 1942 283 2020; x_wconf 88' lang='lat' dir='ltr'>tium,</span> <span class='ocrx_word' id='word_1_109' title='bbox 301 1953 375 2007; x_wconf 90' lang='lat' dir='ltr'>tum</span> <span class='ocrx_word' id='word_1_110' title='bbox 391 1945 435 2007; x_wconf 85' lang='lat' dir='ltr'>ad</span> <span class='ocrx_word' id='word_1_111' title='bbox 454 1945 695 2009; x_wconf 85' lang='lat' dir='ltr'>confessiones</span> <span class='ocrx_word' id='word_1_112' title='bbox 721 1955 754 2008; x_wconf 89' lang='lat' dir='ltr'>et</span> <span class='ocrx_word' id='word_1_113' title='bbox 776 1945 989 2009; x_wconf 87' lang='lat' dir='ltr'>uenerabilis</span> <span class='ocrx_word' id='word_1_114' title='bbox 1008 1945 1276 2025; x_wconf 89' lang='lat' dir='ltr'>perceptionem</span> <span class='ocrx_word' id='word_1_115' title='bbox 1296 1941 1405 2007; x_wconf 86' lang='lat' dir='ltr'>Sacra</span> 
     </span>
     <span class='ocr_line' id='line_1_16' title="bbox 185 2049 1404 2132; baseline 0.001 -21"><span class='ocrx_word' id='word_1_116' title='bbox 185 2050 305 2125; x_wconf 90' lang='lat' dir='ltr'>menti,</span> <span class='ocrx_word' id='word_1_117' title='bbox 323 2057 396 2113; x_wconf 91' lang='lat' dir='ltr'>tum</span> <span class='ocrx_word' id='word_1_118' title='bbox 419 2051 464 2112; x_wconf 91' lang='lat' dir='ltr'>ad</span> <span class='ocrx_word' id='word_1_119' title='bbox 484 2051 679 2114; x_wconf 89' lang='lat' dir='ltr'>audiendas</span> <span class='ocrx_word' id='word_1_120' title='bbox 703 2053 905 2129; x_wconf 87' lang='lat' dir='ltr'>conciones,</span> <span class='ocrx_word' id='word_1_121' title='bbox 932 2069 1023 2132; x_wconf 87' lang='lat' dir='ltr'>quae</span> <span class='ocrx_word' id='word_1_122' title='bbox 1049 2050 1237 2113; x_wconf 88' lang='lat' dir='ltr'>dominicis</span> <span class='ocrx_word' id='word_1_123' title='bbox 1263 2060 1300 2113; x_wconf 93' lang='lat' dir='ltr'>et</span> <span class='ocrx_word' id='word_1_124' title='bbox 1323 2049 1404 2113; x_wconf 86' lang='lat' dir='ltr'>festi</span> 
     </span>
     <span class='ocr_line' id='line_1_17' title="bbox 185 2155 1405 2238; baseline 0.001 -20"><span class='ocrx_word' id='word_1_125' title='bbox 185 2157 309 2219; x_wconf 87' lang='lat' dir='ltr'>diebus</span> <span class='ocrx_word' id='word_1_126' title='bbox 325 2158 360 2219; x_wconf 94' lang='lat' dir='ltr'>in</span> <span class='ocrx_word' id='word_1_127' title='bbox 380 2175 421 2219; x_wconf 82' lang='lat' dir='ltr'>eo</span> <span class='ocrx_word' id='word_1_128' title='bbox 442 2158 565 2221; x_wconf 88' lang='lat' dir='ltr'>haberi</span> <span class='ocrx_word' id='word_1_129' title='bbox 579 2160 704 2221; x_wconf 88' lang='lat' dir='ltr'>solent.</span> <span class='ocrx_word' id='word_1_130' title='bbox 721 2159 776 2237; x_wconf 89' lang='lat' dir='ltr'>Et,</span> <span class='ocrx_word' id='word_1_131' title='bbox 798 2157 891 2238; x_wconf 93' lang='lat' dir='ltr'>quod</span> <span class='ocrx_word' id='word_1_132' title='bbox 907 2177 927 2220; x_wconf 85' lang='lat' dir='ltr'>a</span> <span class='ocrx_word' id='word_1_133' title='bbox 944 2175 999 2221; x_wconf 89' lang='lat' dir='ltr'>me</span> <span class='ocrx_word' id='word_1_134' title='bbox 1014 2159 1083 2221; x_wconf 91' lang='lat' dir='ltr'>hoc</span> <span class='ocrx_word' id='word_1_135' title='bbox 1098 2159 1178 2220; x_wconf 92' lang='lat' dir='ltr'>loco</span> <span class='ocrx_word' id='word_1_136' title='bbox 1194 2155 1405 2220; x_wconf 85' lang='lat' dir='ltr'>scribendut</span> 
     </span>
     <span class='ocr_line' id='line_1_18' title="bbox 187 2262 1405 2344; baseline 0.002 -19"><span class='ocrx_word' id='word_1_137' title='bbox 187 2263 338 2341; x_wconf 90' lang='lat' dir='ltr'>uidetur,</span> <span class='ocrx_word' id='word_1_138' title='bbox 359 2264 491 2327; x_wconf 87' lang='lat' dir='ltr'>multae</span> <span class='ocrx_word' id='word_1_139' title='bbox 514 2266 649 2328; x_wconf 89' lang='lat' dir='ltr'>nobiles</span> <span class='ocrx_word' id='word_1_140' title='bbox 675 2275 859 2328; x_wconf 90' lang='lat' dir='ltr'>matronae</span> <span class='ocrx_word' id='word_1_141' title='bbox 883 2265 1044 2344; x_wconf 85' lang='lat' dir='ltr'>generali</span> <span class='ocrx_word' id='word_1_142' title='bbox 1064 2281 1187 2328; x_wconf 89' lang='lat' dir='ltr'>coram</span> <span class='ocrx_word' id='word_1_143' title='bbox 1210 2262 1290 2326; x_wconf 92' lang='lat' dir='ltr'>Deo</span> <span class='ocrx_word' id='word_1_144' title='bbox 1313 2272 1351 2326; x_wconf 90' lang='lat' dir='ltr'>et</span> <span class='ocrx_word' id='word_1_145' title='bbox 1365 2281 1405 2327; x_wconf 87' lang='lat' dir='ltr'>nc</span> 
     </span>
     <span class='ocr_line' id='line_1_19' title="bbox 185 2370 1405 2449; baseline 0.002 -18"><span class='ocrx_word' id='word_1_146' title='bbox 185 2371 268 2432; x_wconf 90' lang='lat' dir='ltr'>stris</span> <span class='ocrx_word' id='word_1_147' title='bbox 291 2370 536 2434; x_wconf 87' lang='lat' dir='ltr'>sacerdotibus</span> <span class='ocrx_word' id='word_1_148' title='bbox 557 2372 791 2449; x_wconf 85' lang='lat' dir='ltr'>consessione,</span> <span class='ocrx_word' id='word_1_149' title='bbox 815 2389 962 2435; x_wconf 87' lang='lat' dir='ltr'>suarum</span> <span class='ocrx_word' id='word_1_150' title='bbox 986 2371 1185 2434; x_wconf 85' lang='lat' dir='ltr'>animarum</span> <span class='ocrx_word' id='word_1_151' title='bbox 1210 2371 1320 2434; x_wconf 88' lang='lat' dir='ltr'>saluti</span> <span class='ocrx_word' id='word_1_152' title='bbox 1342 2388 1405 2433; x_wconf 90' lang='lat' dir='ltr'>con</span> 
     </span>
     <span class='ocr_line' id='line_1_20' title="bbox 186 2477 1405 2557; baseline 0.002 -19"><span class='ocrx_word' id='word_1_153' title='bbox 186 2480 379 2540; x_wconf 88' lang='lat' dir='ltr'>suluerunt.</span> <span class='ocrx_word' id='word_1_154' title='bbox 397 2477 549 2556; x_wconf 87' lang='lat' dir='ltr'>Quidam</span> <span class='ocrx_word' id='word_1_155' title='bbox 563 2479 711 2557; x_wconf 75' lang='lat' dir='ltr'>iuueniS,</span> <span class='ocrx_word' id='word_1_156' title='bbox 729 2495 810 2541; x_wconf 92' lang='lat' dir='ltr'>cum</span> <span class='ocrx_word' id='word_1_157' title='bbox 830 2479 901 2556; x_wconf 93' lang='lat' dir='ltr'>diu,</span> <span class='ocrx_word' id='word_1_158' title='bbox 919 2478 1042 2542; x_wconf 89' lang='lat' dir='ltr'>relicto</span> <span class='ocrx_word' id='word_1_159' title='bbox 1061 2477 1296 2552; x_wconf 88' lang='lat' dir='ltr'>monasterio,</span> <span class='ocrx_word' id='word_1_160' title='bbox 1314 2479 1405 2540; x_wconf 83' lang='lat' dir='ltr'>uelut</span> 
     </span>
     <span class='ocr_line' id='line_1_21' title="bbox 186 2584 1405 2665; baseline 0.001 -19"><span class='ocrx_word' id='word_1_161' title='bbox 186 2585 264 2646; x_wconf 91' lang='lat' dir='ltr'>ouis</span> <span class='ocrx_word' id='word_1_162' title='bbox 279 2585 411 2647; x_wconf 87' lang='lat' dir='ltr'>amissa</span> <span class='ocrx_word' id='word_1_163' title='bbox 427 2593 573 2662; x_wconf 88' lang='lat' dir='ltr'>erraret,</span> <span class='ocrx_word' id='word_1_164' title='bbox 591 2603 611 2647; x_wconf 92' lang='lat' dir='ltr'>a</span> <span class='ocrx_word' id='word_1_165' title='bbox 628 2584 665 2646; x_wconf 90' lang='lat' dir='ltr'>P.</span> <span class='ocrx_word' id='word_1_166' title='bbox 679 2585 862 2648; x_wconf 87' lang='lat' dir='ltr'>Ludouico</span> <span class='ocrx_word' id='word_1_167' title='bbox 876 2602 1003 2648; x_wconf 87' lang='lat' dir='ltr'>suasus</span> <span class='ocrx_word' id='word_1_168' title='bbox 1013 2594 1047 2648; x_wconf 92' lang='lat' dir='ltr'>et</span> <span class='ocrx_word' id='word_1_169' title='bbox 1061 2584 1252 2665; x_wconf 89' lang='lat' dir='ltr'>plurimum</span> <span class='ocrx_word' id='word_1_170' title='bbox 1266 2584 1405 2647; x_wconf 76' lang='lat' dir='ltr'>adiutus</span> 
     </span>
     <span class='ocr_line' id='line_1_22' title="bbox 186 2689 1405 2771; baseline 0.001 -19"><span class='ocrx_word' id='word_1_171' title='bbox 186 2691 231 2753; x_wconf 90' lang='lat' dir='ltr'>ad</span> <span class='ocrx_word' id='word_1_172' title='bbox 247 2689 479 2770; x_wconf 86' lang='lat' dir='ltr'>Religionem,</span> <span class='ocrx_word' id='word_1_173' title='bbox 497 2692 589 2754; x_wconf 92' lang='lat' dir='ltr'>ouile</span> <span class='ocrx_word' id='word_1_174' title='bbox 605 2692 831 2769; x_wconf 87' lang='lat' dir='ltr'>tutissimum,</span> <span class='ocrx_word' id='word_1_175' title='bbox 847 2691 961 2754; x_wconf 89' lang='lat' dir='ltr'>rediit.</span> <span class='ocrx_word' id='word_1_176' title='bbox 986 2691 1025 2755; x_wconf 92' lang='lat' dir='ltr'>In</span> <span class='ocrx_word' id='word_1_177' title='bbox 1045 2707 1191 2754; x_wconf 89' lang='lat' dir='ltr'>carcere</span> <span class='ocrx_word' id='word_1_178' title='bbox 1211 2707 1358 2771; x_wconf 87' lang='lat' dir='ltr'>quoque</span> <span class='ocrx_word' id='word_1_179' title='bbox 1374 2692 1405 2753; x_wconf 93' lang='lat' dir='ltr'>in</span> 
     </span>
     <span class='ocr_line' id='line_1_23' title="bbox 185 2797 1403 2879; baseline 0.001 -20"><span class='ocrx_word' id='word_1_180' title='bbox 185 2797 324 2861; x_wconf 89' lang='lat' dir='ltr'>terdum</span> <span class='ocrx_word' id='word_1_181' title='bbox 349 2817 370 2860; x_wconf 90' lang='lat' dir='ltr'>a</span> <span class='ocrx_word' id='word_1_182' title='bbox 396 2799 528 2861; x_wconf 90' lang='lat' dir='ltr'>nostris</span> <span class='ocrx_word' id='word_1_183' title='bbox 553 2799 804 2861; x_wconf 89' lang='lat' dir='ltr'>concionatum</span> <span class='ocrx_word' id='word_1_184' title='bbox 828 2808 894 2874; x_wconf 91' lang='lat' dir='ltr'>est,</span> <span class='ocrx_word' id='word_1_185' title='bbox 921 2816 967 2861; x_wconf 86' lang='lat' dir='ltr'>ex</span> <span class='ocrx_word' id='word_1_186' title='bbox 988 2816 1069 2879; x_wconf 91' lang='lat' dir='ltr'>quo,</span> <span class='ocrx_word' id='word_1_187' title='bbox 1094 2798 1237 2860; x_wconf 89' lang='lat' dir='ltr'>tametsi</span> <span class='ocrx_word' id='word_1_188' title='bbox 1260 2799 1403 2878; x_wconf 86' lang='lat' dir='ltr'>pleriqu</span> 
     </span>
     <span class='ocr_line' id='line_1_24' title="bbox 186 2904 1405 2985; baseline -0.002 -19"><span class='ocrx_word' id='word_1_189' title='bbox 186 2904 331 2975; x_wconf 78' lang='lat' dir='ltr'>(Christi</span> <span class='ocrx_word' id='word_1_190' title='bbox 346 2906 475 2984; x_wconf 84' lang='lat' dir='ltr'>gratia)</span> <span class='ocrx_word' id='word_1_191' title='bbox 499 2905 723 2985; x_wconf 88' lang='lat' dir='ltr'>resipuerint,</span> <span class='ocrx_word' id='word_1_192' title='bbox 742 2922 848 2984; x_wconf 90' lang='lat' dir='ltr'>seque</span> <span class='ocrx_word' id='word_1_193' title='bbox 864 2906 910 2968; x_wconf 86' lang='lat' dir='ltr'>ad</span> <span class='ocrx_word' id='word_1_194' title='bbox 926 2906 1072 2967; x_wconf 85' lang='lat' dir='ltr'>meliora</span> <span class='ocrx_word' id='word_1_195' title='bbox 1088 2905 1286 2979; x_wconf 88' lang='lat' dir='ltr'>retulerint,</span> <span class='ocrx_word' id='word_1_196' title='bbox 1305 2922 1405 2984; x_wconf 87' lang='lat' dir='ltr'>pauc.</span> 
     </span>
     <span class='ocr_line' id='line_1_25' title="bbox 186 3011 1405 3092; baseline 0 -18"><span class='ocrx_word' id='word_1_197' title='bbox 186 3014 412 3075; x_wconf 90' lang='lat' dir='ltr'>nihilominus</span> <span class='ocrx_word' id='word_1_198' title='bbox 428 3013 538 3075; x_wconf 79' lang='lat' dir='ltr'>fusius</span> <span class='ocrx_word' id='word_1_199' title='bbox 552 3013 749 3092; x_wconf 87' lang='lat' dir='ltr'>explicabo.</span> <span class='ocrx_word' id='word_1_200' title='bbox 766 3011 933 3075; x_wconf 91' lang='lat' dir='ltr'>Nonnulli</span> <span class='ocrx_word' id='word_1_201' title='bbox 945 3013 1037 3075; x_wconf 92' lang='lat' dir='ltr'>enim</span> <span class='ocrx_word' id='word_1_202' title='bbox 1053 3013 1158 3075; x_wconf 92' lang='lat' dir='ltr'>isthic</span> <span class='ocrx_word' id='word_1_203' title='bbox 1176 3012 1405 3076; x_wconf 86' lang='lat' dir='ltr'>includuntur</span> 
     </span>
     <span class='ocr_line' id='line_1_26' title="bbox 186 3118 1405 3199; baseline -0.001 -17"><span class='ocrx_word' id='word_1_204' title='bbox 186 3121 244 3198; x_wconf 93' lang='lat' dir='ltr'>qui</span> <span class='ocrx_word' id='word_1_205' title='bbox 261 3138 341 3183; x_wconf 90' lang='lat' dir='ltr'>cum</span> <span class='ocrx_word' id='word_1_206' title='bbox 358 3139 377 3183; x_wconf 86' lang='lat' dir='ltr'>a</span> <span class='ocrx_word' id='word_1_207' title='bbox 394 3120 454 3196; x_wconf 87' lang='lat' dir='ltr'>VI,</span> <span class='ocrx_word' id='word_1_208' title='bbox 479 3120 523 3198; x_wconf 88' lang='lat' dir='ltr'>X,</span> <span class='ocrx_word' id='word_1_209' title='bbox 540 3119 621 3199; x_wconf 87' lang='lat' dir='ltr'>XV,</span> <span class='ocrx_word' id='word_1_210' title='bbox 639 3119 723 3183; x_wconf 85' lang='lat' dir='ltr'>XVI</span> <span class='ocrx_word' id='word_1_211' title='bbox 739 3128 773 3182; x_wconf 89' lang='lat' dir='ltr'>et</span> <span class='ocrx_word' id='word_1_212' title='bbox 793 3119 894 3183; x_wconf 88' lang='lat' dir='ltr'>XVII</span> <span class='ocrx_word' id='word_1_213' title='bbox 913 3137 1006 3182; x_wconf 88' lang='lat' dir='ltr'>anno</span> <span class='ocrx_word' id='word_1_214' title='bbox 1023 3118 1259 3182; x_wconf 82' lang='lat' dir='ltr'>confessionis</span> <span class='ocrx_word' id='word_1_215' title='bbox 1276 3127 1312 3182; x_wconf 92' lang='lat' dir='ltr'>et</span> <span class='ocrx_word' id='word_1_216' title='bbox 1329 3137 1405 3182; x_wconf 88' lang='lat' dir='ltr'>corn</span> 
     </span>
     <span class='ocr_line' id='line_1_27' title="bbox 187 3227 1405 3304; baseline -0.001 -15"><span class='ocrx_word' id='word_1_217' title='bbox 187 3228 363 3289; x_wconf 90' lang='lat' dir='ltr'>munionis</span> <span class='ocrx_word' id='word_1_218' title='bbox 387 3237 613 3290; x_wconf 89' lang='lat' dir='ltr'>sacramenta</span> <span class='ocrx_word' id='word_1_219' title='bbox 639 3245 710 3289; x_wconf 92' lang='lat' dir='ltr'>non</span> <span class='ocrx_word' id='word_1_220' title='bbox 735 3227 924 3304; x_wconf 89' lang='lat' dir='ltr'>adiissent,</span> <span class='ocrx_word' id='word_1_221' title='bbox 948 3227 1058 3290; x_wconf 93' lang='lat' dir='ltr'>diuini</span> <span class='ocrx_word' id='word_1_222' title='bbox 1078 3227 1222 3289; x_wconf 91' lang='lat' dir='ltr'>tandem</span> <span class='ocrx_word' id='word_1_223' title='bbox 1246 3228 1405 3290; x_wconf 88' lang='lat' dir='ltr'>sermoni</span> 
     </span>
     <span class='ocr_line' id='line_1_28' title="bbox 187 3333 1405 3414; baseline -0.001 -20"><span class='ocrx_word' id='word_1_224' title='bbox 187 3333 247 3395; x_wconf 88' lang='lat' dir='ltr'>icti</span> <span class='ocrx_word' id='word_1_225' title='bbox 263 3333 391 3410; x_wconf 79' lang='lat' dir='ltr'>iaculO,</span> <span class='ocrx_word' id='word_1_226' title='bbox 409 3352 430 3395; x_wconf 91' lang='lat' dir='ltr'>a</span> <span class='ocrx_word' id='word_1_227' title='bbox 452 3334 589 3395; x_wconf 87' lang='lat' dir='ltr'>cunctis</span> <span class='ocrx_word' id='word_1_228' title='bbox 614 3351 652 3395; x_wconf 91' lang='lat' dir='ltr'>se</span> <span class='ocrx_word' id='word_1_229' title='bbox 669 3343 899 3412; x_wconf 89' lang='lat' dir='ltr'>peccatorum</span> <span class='ocrx_word' id='word_1_230' title='bbox 915 3333 1080 3395; x_wconf 91' lang='lat' dir='ltr'>sordibus</span> <span class='ocrx_word' id='word_1_231' title='bbox 1096 3343 1359 3414; x_wconf 84' lang='lat' dir='ltr'>expurgarunt,</span> <span class='ocrx_word' id='word_1_232' title='bbox 1377 3347 1405 3396; x_wconf 81' lang='lat' dir='ltr'>at</span> 
     </span>
     <span class='ocr_line' id='line_1_29' title="bbox 187 3439 1405 3521; baseline 0.001 -19"><span class='ocrx_word' id='word_1_233' title='bbox 187 3440 316 3520; x_wconf 83' lang='lat' dir='ltr'>quoad</span> <span class='ocrx_word' id='word_1_234' title='bbox 342 3457 483 3502; x_wconf 87' lang='lat' dir='ltr'>sacram</span> <span class='ocrx_word' id='word_1_235' title='bbox 505 3439 768 3503; x_wconf 88' lang='lat' dir='ltr'>Eucharistiam</span> <span class='ocrx_word' id='word_1_236' title='bbox 793 3440 860 3502; x_wconf 85' lang='lat' dir='ltr'>rite</span> <span class='ocrx_word' id='word_1_237' title='bbox 886 3449 1125 3502; x_wconf 86' lang='lat' dir='ltr'>accesserunt.</span> <span class='ocrx_word' id='word_1_238' title='bbox 1154 3439 1255 3502; x_wconf 79' lang='lat' dir='ltr'>iliter</span> <span class='ocrx_word' id='word_1_239' title='bbox 1279 3442 1405 3521; x_wconf 86' lang='lat' dir='ltr'>quidar</span> 
     </span>
     <span class='ocr_line' id='line_1_30' title="bbox 187 3545 1406 3625; baseline 0.002 -17"><span class='ocrx_word' id='word_1_240' title='bbox 187 3548 397 3622; x_wconf 70' lang='lat' dir='ltr'>scelerosus</span> <span class='ocrx_word' id='word_1_241' title='bbox 415 3547 444 3608; x_wconf 94' lang='lat' dir='ltr'>si</span> <span class='ocrx_word' id='word_1_242' title='bbox 460 3547 538 3625; x_wconf 90' lang='lat' dir='ltr'>quis</span> <span class='ocrx_word' id='word_1_243' title='bbox 553 3547 656 3624; x_wconf 79' lang='lat' dir='ltr'>aliuS,</span> <span class='ocrx_word' id='word_1_244' title='bbox 673 3547 771 3609; x_wconf 93' lang='lat' dir='ltr'>uerbi</span> <span class='ocrx_word' id='word_1_245' title='bbox 797 3547 864 3609; x_wconf 92' lang='lat' dir='ltr'>Dei</span> <span class='ocrx_word' id='word_1_246' title='bbox 891 3556 1007 3609; x_wconf 89' lang='lat' dir='ltr'>motus</span> <span class='ocrx_word' id='word_1_247' title='bbox 1028 3545 1220 3623; x_wconf 84' lang='lat' dir='ltr'>auditione,</span> <span class='ocrx_word' id='word_1_248' title='bbox 1238 3547 1406 3611; x_wconf 82' lang='lat' dir='ltr'>confessu</span> 
     </span>
     <span class='ocr_line' id='line_1_31' title="bbox 188 3651 1405 3732; baseline 0.003 -18"><span class='ocrx_word' id='word_1_249' title='bbox 188 3662 253 3728; x_wconf 89' lang='lat' dir='ltr'>est,</span> <span class='ocrx_word' id='word_1_250' title='bbox 272 3651 372 3715; x_wconf 89' lang='lat' dir='ltr'>firmo</span> <span class='ocrx_word' id='word_1_251' title='bbox 386 3669 566 3732; x_wconf 88' lang='lat' dir='ltr'>nunquam</span> <span class='ocrx_word' id='word_1_252' title='bbox 577 3652 751 3731; x_wconf 86' lang='lat' dir='ltr'>peccandi</span> <span class='ocrx_word' id='word_1_253' title='bbox 763 3653 947 3732; x_wconf 89' lang='lat' dir='ltr'>proposito</span> <span class='ocrx_word' id='word_1_254' title='bbox 958 3670 996 3714; x_wconf 85' lang='lat' dir='ltr'>se</span> <span class='ocrx_word' id='word_1_255' title='bbox 1009 3652 1054 3714; x_wconf 89' lang='lat' dir='ltr'>ad</span> <span class='ocrx_word' id='word_1_256' title='bbox 1067 3651 1181 3715; x_wconf 88' lang='lat' dir='ltr'>Deum</span> <span class='ocrx_word' id='word_1_257' title='bbox 1197 3663 1405 3718; x_wconf 70' lang='lat' dir='ltr'>conuertens</span> 
     </span>
    </p>

    <p class='ocr_par' dir='ltr' id='par_1_5' title="bbox 189 3759 1405 4467">
     <span class='ocr_line' id='line_1_32' title="bbox 248 3759 1405 3842; baseline 0.002 -20"><span class='ocrx_word' id='word_1_258' title='bbox 248 3759 337 3822; x_wconf 87' lang='lat' dir='ltr'>Tres</span> <span class='ocrx_word' id='word_1_259' title='bbox 353 3778 438 3822; x_wconf 90' lang='lat' dir='ltr'>uero</span> <span class='ocrx_word' id='word_1_260' title='bbox 453 3760 601 3822; x_wconf 90' lang='lat' dir='ltr'>iuvenes</span> <span class='ocrx_word' id='word_1_261' title='bbox 615 3760 804 3837; x_wconf 86' lang='lat' dir='ltr'>florentini,</span> <span class='ocrx_word' id='word_1_262' title='bbox 822 3760 882 3839; x_wconf 90' lang='lat' dir='ltr'>qui</span> <span class='ocrx_word' id='word_1_263' title='bbox 904 3777 942 3822; x_wconf 92' lang='lat' dir='ltr'>se</span> <span class='ocrx_word' id='word_1_264' title='bbox 968 3760 1100 3821; x_wconf 89' lang='lat' dir='ltr'>mutuis</span> <span class='ocrx_word' id='word_1_265' title='bbox 1115 3759 1324 3824; x_wconf 89' lang='lat' dir='ltr'>uulneribus</span> <span class='ocrx_word' id='word_1_266' title='bbox 1339 3776 1405 3842; x_wconf 86' lang='lat' dir='ltr'>pet:</span> 
     </span>
     <span class='ocr_line' id='line_1_33' title="bbox 189 3866 1405 3947; baseline 0.002 -17"><span class='ocrx_word' id='word_1_267' title='bbox 189 3877 325 3945; x_wconf 87' lang='lat' dir='ltr'>nerant,</span> <span class='ocrx_word' id='word_1_268' title='bbox 344 3885 365 3928; x_wconf 89' lang='lat' dir='ltr'>a</span> <span class='ocrx_word' id='word_1_269' title='bbox 381 3867 562 3944; x_wconf 89' lang='lat' dir='ltr'>concione,</span> <span class='ocrx_word' id='word_1_270' title='bbox 579 3867 739 3947; x_wconf 91' lang='lat' dir='ltr'>deposito</span> <span class='ocrx_word' id='word_1_271' title='bbox 755 3867 847 3944; x_wconf 92' lang='lat' dir='ltr'>odi0,</span> <span class='ocrx_word' id='word_1_272' title='bbox 865 3868 901 3930; x_wconf 94' lang='lat' dir='ltr'>in</span> <span class='ocrx_word' id='word_1_273' title='bbox 925 3866 1110 3946; x_wconf 88' lang='lat' dir='ltr'>pristinam</span> <span class='ocrx_word' id='word_1_274' title='bbox 1133 3867 1290 3944; x_wconf 87' lang='lat' dir='ltr'>gratiam</span> <span class='ocrx_word' id='word_1_275' title='bbox 1313 3869 1405 3932; x_wconf 77' lang='lat' dir='ltr'>redit</span> 
     </span>
     <span class='ocr_line' id='line_1_34' title="bbox 189 3973 1403 4054; baseline 0.002 -17"><span class='ocrx_word' id='word_1_276' title='bbox 189 3984 280 4037; x_wconf 89' lang='lat' dir='ltr'>runt.</span> <span class='ocrx_word' id='word_1_277' title='bbox 302 3975 444 4038; x_wconf 87' lang='lat' dir='ltr'>Addam</span> <span class='ocrx_word' id='word_1_278' title='bbox 464 3984 649 4054; x_wconf 87' lang='lat' dir='ltr'>praeterea</span> <span class='ocrx_word' id='word_1_279' title='bbox 672 3975 767 4054; x_wconf 88' lang='lat' dir='ltr'>quod</span> <span class='ocrx_word' id='word_1_280' title='bbox 791 3975 941 4053; x_wconf 88' lang='lat' dir='ltr'>amplius</span> <span class='ocrx_word' id='word_1_281' title='bbox 962 3973 1032 4036; x_wconf 85' lang='lat' dir='ltr'>XX</span> <span class='ocrx_word' id='word_1_282' title='bbox 1051 3973 1191 4045; x_wconf 81' lang='lat' dir='ltr'>milites,</span> <span class='ocrx_word' id='word_1_283' title='bbox 1216 3974 1253 4036; x_wconf 92' lang='lat' dir='ltr'>in</span> <span class='ocrx_word' id='word_1_284' title='bbox 1279 3975 1403 4038; x_wconf 89' lang='lat' dir='ltr'>uincul</span> 
     </span>
     <span class='ocr_line' id='line_1_35' title="bbox 189 4081 1405 4164; baseline 0.002 -21"><span class='ocrx_word' id='word_1_285' title='bbox 189 4082 353 4160; x_wconf 86' lang='lat' dir='ltr'>coniecti,</span> <span class='ocrx_word' id='word_1_286' title='bbox 370 4081 441 4144; x_wconf 85' lang='lat' dir='ltr'>R.di</span> <span class='ocrx_word' id='word_1_287' title='bbox 457 4081 495 4144; x_wconf 91' lang='grc' dir='ltr'>Ρ.</span> <span class='ocrx_word' id='word_1_288' title='bbox 511 4081 636 4164; x_wconf 89' lang='lat' dir='ltr'>Jacobi</span> <span class='ocrx_word' id='word_1_289' title='bbox 651 4081 774 4143; x_wconf 84' lang='lat' dir='ltr'>fauore</span> <span class='ocrx_word' id='word_1_290' title='bbox 789 4082 923 4143; x_wconf 86' lang='lat' dir='ltr'>exitum</span> <span class='ocrx_word' id='word_1_291' title='bbox 939 4100 981 4143; x_wconf 85' lang='lat' dir='ltr'>ac</span> <span class='ocrx_word' id='word_1_292' title='bbox 1002 4083 1199 4145; x_wconf 88' lang='lat' dir='ltr'>libertatem</span> <span class='ocrx_word' id='word_1_293' title='bbox 1214 4098 1405 4163; x_wconf 59' lang='lat' dir='ltr'>consequu‘</span> 
     </span>
     <span class='ocr_line' id='line_1_36' title="bbox 190 4187 1405 4270; baseline 0.002 -19"><span class='ocrx_word' id='word_1_294' title='bbox 190 4199 284 4266; x_wconf 72' lang='lat' dir='ltr'>sunt,</span> <span class='ocrx_word' id='word_1_295' title='bbox 301 4189 405 4268; x_wconf 92' lang='lat' dir='ltr'>pauci</span> <span class='ocrx_word' id='word_1_296' title='bbox 421 4205 560 4269; x_wconf 92' lang='lat' dir='ltr'>quoque</span> <span class='ocrx_word' id='word_1_297' title='bbox 576 4189 733 4250; x_wconf 90' lang='lat' dir='ltr'>ciusdem</span> <span class='ocrx_word' id='word_1_298' title='bbox 750 4187 962 4251; x_wconf 89' lang='lat' dir='ltr'>conditionis</span> <span class='ocrx_word' id='word_1_299' title='bbox 976 4189 1056 4265; x_wconf 90' lang='lat' dir='ltr'>uiri,</span> <span class='ocrx_word' id='word_1_300' title='bbox 1073 4188 1118 4252; x_wconf 88' lang='lat' dir='ltr'>ad</span> <span class='ocrx_word' id='word_1_301' title='bbox 1133 4189 1298 4252; x_wconf 90' lang='lat' dir='ltr'>triremes</span> <span class='ocrx_word' id='word_1_302' title='bbox 1321 4207 1405 4270; x_wconf 85' lang='lat' dir='ltr'>ager</span> 
     </span>
     <span class='ocr_line' id='line_1_37' title="bbox 191 4294 1405 4375; baseline 0.002 -17"><span class='ocrx_word' id='word_1_303' title='bbox 191 4297 257 4358; x_wconf 81' lang='lat' dir='ltr'>dns</span> <span class='ocrx_word' id='word_1_304' title='bbox 272 4295 449 4373; x_wconf 85' lang='lat' dir='ltr'>destinati,</span> <span class='ocrx_word' id='word_1_305' title='bbox 467 4296 578 4375; x_wconf 92' lang='lat' dir='ltr'>ipsius</span> <span class='ocrx_word' id='word_1_306' title='bbox 603 4294 720 4358; x_wconf 88' lang='lat' dir='ltr'>Patris</span> <span class='ocrx_word' id='word_1_307' title='bbox 735 4312 856 4374; x_wconf 90' lang='lat' dir='ltr'>opera,</span> <span class='ocrx_word' id='word_1_308' title='bbox 881 4306 954 4359; x_wconf 91' lang='lat' dir='ltr'>tum</span> <span class='ocrx_word' id='word_1_309' title='bbox 971 4295 1007 4359; x_wconf 92' lang='lat' dir='ltr'>P.</span> <span class='ocrx_word' id='word_1_310' title='bbox 1032 4296 1206 4360; x_wconf 91' lang='lat' dir='ltr'>Ludouici</span> <span class='ocrx_word' id='word_1_311' title='bbox 1221 4313 1323 4375; x_wconf 88' lang='lat' dir='ltr'>cura,</span> <span class='ocrx_word' id='word_1_312' title='bbox 1345 4315 1405 4360; x_wconf 90' lang='lat' dir='ltr'>cor</span> 
     </span>
     <span class='ocr_line' id='line_1_38' title="bbox 192 4403 930 4467; baseline -0.003 -2"><span class='ocrx_word' id='word_1_313' title='bbox 192 4405 353 4465; x_wconf 89' lang='lat' dir='ltr'>stitutam</span> <span class='ocrx_word' id='word_1_314' title='bbox 368 4403 526 4465; x_wconf 90' lang='lat' dir='ltr'>criminis</span> <span class='ocrx_word' id='word_1_315' title='bbox 541 4404 710 4465; x_wconf 89' lang='lat' dir='ltr'>mulctam</span> <span class='ocrx_word' id='word_1_316' title='bbox 726 4415 930 4467; x_wconf 87' lang='lat' dir='ltr'>euaserunt.</span> 
     </span>
    </p>
   </div>
   <div class='ocr_carea' id='block_1_3' title="bbox 193 4509 1405 4698">
    <p class='ocr_par' dir='ltr' id='par_1_6' title="bbox 193 4509 1405 4698">
     <span class='ocr_line' id='line_1_39' title="bbox 254 4509 1405 4594; baseline 0.001 -22"><span class='ocrx_word' id='word_1_317' title='bbox 254 4510 389 4573; x_wconf 91' lang='lat' dir='ltr'>Verum</span> <span class='ocrx_word' id='word_1_318' title='bbox 404 4519 441 4573; x_wconf 92' lang='lat' dir='ltr'>ut</span> <span class='ocrx_word' id='word_1_319' title='bbox 458 4509 502 4572; x_wconf 86' lang='lat' dir='ltr'>ad</span> <span class='ocrx_word' id='word_1_320' title='bbox 518 4526 572 4587; x_wconf 88' lang='lat' dir='ltr'>ea,</span> <span class='ocrx_word' id='word_1_321' title='bbox 596 4527 686 4589; x_wconf 88' lang='lat' dir='ltr'>quae</span> <span class='ocrx_word' id='word_1_322' title='bbox 709 4523 791 4572; x_wconf 90' lang='lat' dir='ltr'>sunt</span> <span class='ocrx_word' id='word_1_323' title='bbox 806 4511 909 4573; x_wconf 93' lang='lat' dir='ltr'>huius</span> <span class='ocrx_word' id='word_1_324' title='bbox 929 4511 1079 4591; x_wconf 88' lang='lat' dir='ltr'>Collegii</span> <span class='ocrx_word' id='word_1_325' title='bbox 1099 4511 1287 4594; x_wconf 86' lang='lat' dir='ltr'>propriora</span> <span class='ocrx_word' id='word_1_326' title='bbox 1309 4512 1405 4576; x_wconf 71' lang='lat' dir='ltr'>uenia</span> 
     </span>
     <span class='ocr_line' id='line_1_40' title="bbox 193 4617 1405 4698; baseline 0.001 -17"><span class='ocrx_word' id='word_1_327' title='bbox 193 4636 284 4697; x_wconf 90' lang='lat' dir='ltr'>mus,</span> <span class='ocrx_word' id='word_1_328' title='bbox 302 4627 375 4681; x_wconf 89' lang='lat' dir='ltr'>tres</span> <span class='ocrx_word' id='word_1_329' title='bbox 398 4618 553 4695; x_wconf 87' lang='lat' dir='ltr'>iuuenes,</span> <span class='ocrx_word' id='word_1_330' title='bbox 570 4617 690 4680; x_wconf 87' lang='lat' dir='ltr'>habita</span> <span class='ocrx_word' id='word_1_331' title='bbox 717 4618 815 4698; x_wconf 89' lang='lat' dir='ltr'>prius</span> <span class='ocrx_word' id='word_1_332' title='bbox 837 4636 857 4679; x_wconf 86' lang='lat' dir='ltr'>a</span> <span class='ocrx_word' id='word_1_333' title='bbox 877 4618 917 4680; x_wconf 91' lang='lat' dir='ltr'>T.</span> <span class='ocrx_word' id='word_1_334' title='bbox 940 4617 981 4680; x_wconf 87' lang='lat' dir='ltr'>R.</span> <span class='ocrx_word' id='word_1_335' title='bbox 1004 4617 1040 4680; x_wconf 89' lang='lat' dir='ltr'>P.</span> <span class='ocrx_word' id='word_1_336' title='bbox 1055 4618 1170 4697; x_wconf 88' lang='lat' dir='ltr'>uenia,</span> <span class='ocrx_word' id='word_1_337' title='bbox 1188 4619 1225 4682; x_wconf 93' lang='lat' dir='ltr'>in</span> <span class='ocrx_word' id='word_1_338' title='bbox 1240 4637 1405 4684; x_wconf 86' lang='lat' dir='ltr'>numerur</span> 
     </span>
    </p>
   </div>
   <div class='ocr_carea' id='block_1_4' title="bbox 0 0 1619 5392">
    <p class='ocr_par' dir='ltr' id='par_1_7' title="bbox 0 0 1619 5392">
     <span class='ocr_line' id='line_1_41' title="bbox 0 0 1619 5392; baseline 0 0"><span class='ocrx_word' id='word_1_339' title='bbox 0 0 1619 5392; x_wconf 95' lang='lat' dir='ltr'> </span> 
     </span>
    </p>
   </div>
  </div>
 </body>
</html>
