3210 5392
198 107 254 166 ost
587 106 759 165 Ltrraaaa
777 120 1051 174 ouaoamasraas

199 253 327 326 ximuS,
344 254 492 324 uenerit,
510 251 570 314 vbi
580 262 616 314 et
632 250 841 314 concionem
860 251 1009 330 audiuit,
1030 261 1066 315 et
1089 260 1172 332 post
1197 266 1345 333 pransus
1363 222 1448 295 25¹3

199 370 349 440 suntque
364 376 435 421 non
447 375 564 437 pauca
579 375 621 421 eo
637 357 694 421 die
709 376 729 420 a
744 356 915 421 iratribus
928 356 1061 421 nostris
1074 357 1113 421 in
1126 356 1204 421 eius
1223 357 1338 439 operis
1349 337 1457 417 ΙΝ

199 468 281 531 dem
296 465 492 546 composita
509 463 680 543 carmina,
697 480 788 543 quae
808 480 917 545 quam
938 463 1088 545 Proregi
1104 463 1238 528 fuerint
1254 474 1356 543 grata
1386 436 1468 509 ἀὲ

199 574 349 637 clarauit
363 572 460 651 illud,
475 571 571 652 quod
584 570 865 635 valetudinarius
878 571 955 651 ipse
969 571 1119 634 libenter
1140 570 1281 635 audiret
1296 557 1480 633 memo·

199 680 287 744 riter
305 678 554 760 pronunciata,
574 688 610 741 et
634 679 768 757 legeret
792 677 860 741 sibi
885 677 1016 741 oblata.
1043 674 1099 741 De
1120 676 1169 741 iis
1190 674 1344 741 fortasse
1353 661 1491 757 pm

200 787 300 850 satis.

260 891 363 971 Quod
384 908 471 954 uero
487 890 532 953 ad
558 900 720 955 nostrum
743 889 933 969 collegium
959 900 996 954 et
1014 890 1161 955 scholas
1179 900 1332 971 spectat,
1353 878 1503 952 culn

200 999 330 1063 habeat
343 997 383 1061 P.
409 998 449 1063 T.
477 997 518 1061 R.
545 994 687 1061 Patrem
711 995 960 1077 Praepositum
985 995 1015 1075 ¹,
1034 997 1095 1079 qui
1115 997 1239 1061 omniu
1263 984 1509 1089 praesens·

200 1104 403 1185 significare
416 1113 544 1185 potest,
560 1102 780 1168 commodius
799 1118 855 1167 me
874 1102 1053 1167 facturum
1076 1118 1159 1167 sum
1183 1102 1378 1169 arbitratus
1455 1092 1513 1195 ἐξ

199 1228 299 1277 meas
312 1212 345 1274 ei
361 1211 597 1291 relinquerem
608 1222 742 1291 partes.
754 1206 825 1273 Sed
839 1226 884 1273 ne
898 1209 987 1273 nibil
1000 1209 1146 1273 omniuo
1166 1208 1299 1287 dicam,
1321 1198 1517 1275 nost*l

201 1318 325 1382 Patres
346 1318 416 1398 piis
434 1334 499 1397 pro
524 1333 622 1380 more
647 1315 813 1380 insistunt
838 1314 1018 1397 operibus:
1041 1315 1251 1381 carceribus
1272 1302 1522 1381 'detentos

200 1426 269 1506 piis
284 1424 535 1488 monitionibus
550 1441 571 1487 a
591 1431 820 1503 peccatorum
834 1438 984 1487 carcere
1004 1422 1160 1487 liberare
1178 1422 1348 1489 omnibus
1366 1412 1526 1487 βο

202 1532 258 1596 dis
281 1531 437 1595 student:
464 1529 609 1593 adstant
631 1529 739 1593 etiam
759 1528 885 1593 crebro
911 1524 1074 1609 infirmis,
1100 1544 1145 1593 ac
1168 1516 1535 1595 mortmrisnol

198 1637 326 1719 paucis
340 1637 566 1700 subueniunt.
579 1634 715 1700 Multae
728 1652 870 1717 quoque
883 1636 1023 1717 puellae
1036 1652 1083 1700 ex
1098 1635 1155 1714 iis,
1169 1652 1265 1718 quae
1277 1620 1542 1701 nomm-1¹
1601 1638 1604 1645 '

201 1745 370 1824 templum
384 1742 623 1824 frequentant,
639 1759 741 1806 suam
756 1740 834 1807 Deo
844 1741 1094 1823 virginitatem
1102 1746 1383 1809 consecrarunt·

261 1850 324 1915 Est
339 1851 385 1914 ad
401 1868 468 1914 nos
494 1848 674 1914 Pontificis
699 1848 857 1930 diploma
881 1848 1085 1928 (iubilaeum
1109 1850 1222 1931 vulgo
1245 1822 1555 1935 appelluffi·o

202 1958 361 2037 missum,
381 1957 477 2038 quod
491 1955 534 2020 R.
551 1955 589 2020 Ρ.
606 1954 804 2038 Praepositi
818 1972 907 2021 cura
920 1948 987 2021 hic¹
1005 1956 1218 2035 impressum
1244 1968 1311 2037 est,
1327 1968 1365 2023 et
1376 1940 1562 2041 pr⁵¹¹

202 2065 303 2140 blice,
330 2065 379 2127 ita
404 2063 615 2143 rogantibus
633 2061 798 2128 Patribus
822 2062 1055 2143 Conseriptis,
1072 2062 1148 2128 aR.
1164 2062 1204 2127 P.
1215 2042 1571 2147 Hieroffl⁰

202 2170 316 2236 Otello
330 2171 366 2235 in
381 2172 511 2251 templo
521 2170 649 2234 maiori
663 2171 794 2252 populo
808 2182 862 2234 est
875 2170 1162 2251 pronunciatum,
1184 2186 1257 2253 quo
1277 2146 1579 2253 ιεωρορῗ

202 2280 281 2358 plus
294 2279 411 2342 minus
424 2276 485 2341 600
498 2277 762 2341 sanctissimam
775 2294 848 2341 uua
860 2277 918 2341 die
932 2277 970 2341 in
993 2286 1120 2342 nostro
1144 2280 1278 2360 templo
1303 2251 1588 2359 (aad)

202 2384 376 2464 omittam)
391 2400 574 2465 sumpsere
588 2384 863 2449 Eucharistiam:
878 2384 974 2465 quod
986 2400 1074 2449 uero
1088 2382 1135 2449 ad
1153 2386 1339 2463 lectiones,
1354 2394 1462 2451 cot
1562 2360 1592 2407 Ψ

200 2491 374 2556 sessiones
393 2500 428 2554 et
454 2490 791 2555 communicantium
812 2490 1048 2573 frequentiam
1072 2500 1223 2573 spectat,
1250 2490 1346 2557 idern
1370 2456 1599 2557 eff*

203 2599 262 2679 qui
276 2609 393 2677 antea,
410 2597 560 2662 fructus.
1136 2644 1139 2649 .

260 2702 331 2769 Sed
345 2722 390 2769 ne
401 2704 447 2776 id,
464 2704 557 2785 quod
572 2704 670 2767 initio
685 2704 874 2768 dicendum
888 2704 964 2782 suit,
980 2713 1262 2785 praetereamus,
1282 2704 1405 2787 proiec
1429 2670 1596 2753 ‘6‘

199 2823 292 2891 sunt,
309 2813 370 2893 qui
384 2811 420 2874 in
434 2810 650 2876 Siracusano
664 2810 824 2890 collegio
840 2813 965 2875 lecturi
980 2821 1073 2891 suut,
1086 2816 1178 2893 quos'
1201 2794 1557 2893 putamussu‘(
1568 2782 1605 2883 ,v

204 2919 484 2999 expectatissimi
506 2937 548 2982 eo
568 2928 755 2997 uenerunt,
771 2918 820 2980 ita
840 2935 912 2980 non
932 2917 1147 2982 mediocrem
1171 2917 1364 2983 utilitatem
1387 2918 1488 2981 ir!
1534 2886 1604 2943 ³¹¹

204 3026 340 3090 uentuti
355 3024 605 3106 Syracusanae
626 3027 809 3089 allaturos

262 3132 312 3196 Te
328 3134 481 3208 interim,
501 3131 622 3194 R.‘¹⁰in
639 3131 781 3195 Christo
807 3131 924 3211 Pater,
945 3132 1175 3197 uehementer
1188 3150 1372 3215 rogamus,
1394 3102 1601 3197 νίν

204 3239 355 3303 assiduis
371 3240 463 3318 apud
476 3237 590 3301 Deum
606 3239 770 3318 precibus
784 3238 911 3303 efficiat
927 3238 965 3303 P.
980 3238 1020 3303 T.
1044 3250 1084 3303 vt
1100 3258 1171 3304 non
1194 3241 1303 3306 modo
1317 3242 1354 3306 in
1368 3210 1605 3305 hoff*

203 3346 444 3426 persistamus
464 3362 569 3424 quem
580 3345 664 3419 dixi,
682 3344 881 3408 animarum
902 3345 1032 3425 fructu,
1058 3346 1122 3411 sed
1146 3348 1256 3412 etiam
1281 3347 1491 3413 vberiotf
1525 3338 1583 3361 Ι

203 3470 283 3516 cum
298 3461 472 3532 prouentu
489 3452 524 3513 in
540 3462 722 3530 posterum
737 3468 953 3515 crescamus.

263 3559 459 3634 Messanae,
481 3558 545 3619 159
561 3557 635 3620 Cal.
654 3557 831 3636 OctobriS,
849 3575 943 3622 anno
959 3557 1104 3623 Domini
1120 3560 1212 3624 1555.

826 3719 1049 3785 Faaucrscus
1070 3716 1296 3786 Sraesauus

263 3985 347 4049 Alia
361 4003 470 4047 naama
485 3985 805 4065 superscriptionis
828 3984 905 4048 loco
929 3986 968 4049 in
983 3985 1103 4050 altera
1110 3989 1270 4068 pagina:
1283 3990 1506 4065 †Mess.ae
1529 3950 1561 3985 Δ

204 4091 452 4171 Ottobre(s1'c)
472 4092 558 4154 1555.

246 4334 252 4363 ¹
282 4331 414 4375 Evocatus
425 4330 532 4375 Romam
545 4330 629 4374 iuerat
640 4331 717 4384 paulo
728 4338 789 4374 autc
800 4330 826 4374 Ρ.
838 4330 1012 4390 Hieronymus
1022 4332 1181 4381 Domeneeb.
