3210 5392
587 409 758 467 errcaan
772 424 1044 473 cuanatnesrnss

706 1090 905 1175 GOOLII

243 1435 444 1494 Franciscus
458 1435 649 1507 Stephanus

281 1533 375 1592 Patri
387 1533 517 1606 ignatio
530 1532 571 1591 de
585 1533 725 1606 Loyola.

317 1631 484 1722 Messana,
497 1630 657 1703 Januario
674 1630 743 1690 1555
754 1629 774 1688 ¹.

763 1863 839 1980 nis

253 2159 379 2224 Gratia
403 2159 547 2223 Domini
572 2160 683 2222 nostri
707 2157 793 2239 Jesu
814 2157 945 2223 Christi
970 2160 1017 2222 sit
1047 2160 1235 2225 nobiscum
1269 2178 1427 2243 semper.

191 2267 318 2331 Amen.

252 2373 429 2453 Quoniam
443 2374 628 2453 epistolam
644 2374 680 2436 in
696 2375 843 2453 longum
858 2373 1068 2454 protrahere
1087 2391 1159 2437 non
1178 2375 1272 2454 licet,
1290 2374 1369 2438 R.‘²0
1389 2377 1428 2440 in

192 2480 334 2544 Christo
359 2479 475 2555 Pater,
499 2497 568 2561 qua
592 2480 769 2560 praecipis
790 2481 963 2545 breuitate
988 2498 1042 2558 ea,
1068 2498 1159 2560 quae
1184 2481 1347 2561 proxime
1367 2483 1425 2546 his

187 2589 327 2652 exactis
342 2587 521 2651 mensibus
536 2588 630 2667 apud
645 2604 710 2650 nos
724 2596 827 2667 gesta
842 2597 934 2667 sunt,
952 2604 1131 2668 exponere
1149 2588 1315 2652 nitemur.

253 2695 348 2758 Nihil
372 2694 446 2757 iere
466 2695 552 2757 noui
572 2704 643 2772 est,
666 2695 709 2757 de
728 2712 799 2774 quo
823 2693 865 2756 R.
892 2702 990 2757 tuam
1011 2694 1197 2759 certiorem
1218 2695 1423 2773 reddamus,

191 2803 258 2865 nisi
273 2801 364 2866 sorte
379 2820 511 2864 nouum
521 2801 607 2864 illud
619 2802 791 2880 uideatur,
803 2801 1023 2882 spiritualem
1035 2801 1313 2882 proiectumnon
1325 2811 1424 2866 starc

191 2912 318 2988 solum,
335 2919 369 2973 et
381 2910 509 2972 durare
524 2927 566 2971 eo
581 2907 732 2986 feruore,
750 2926 819 2988 quo
832 2909 911 2971 aliis
922 2908 1034 2971 literis
1046 2909 1227 2989 accepisti,
1240 2909 1303 2971 sed
1314 2911 1422 2974 etiam

193 3019 229 3080 in
246 3018 322 3080 dies
341 3034 435 3078 nouo
457 3016 610 3096 quodam
629 3033 671 3079 ac
691 3014 842 3079 feruenti
862 3016 989 3095 spiritu
1008 3033 1169 3078 crescere
1191 3017 1226 3078 in
1253 3015 1421 3095 Domin0,

192 3125 367 3204 latiusque
384 3123 537 3186 extendi.
555 3122 774 3185 Concionum
789 3133 823 3184 et
838 3122 1136 3202 lectionum,quae
1148 3122 1183 3184 in
1194 3124 1327 3203 templo
1343 3125 1422 3187 soli·

191 3241 249 3292 tae
265 3239 345 3292 sunt
360 3230 494 3306 haberi,
511 3229 604 3291 idem
619 3238 672 3291 est
688 3229 785 3307 ordo,
803 3237 937 3292 mutata
955 3229 1143 3292 dumtaxat
1158 3228 1259 3292 Pauli
1270 3231 1424 3294 lectione

190 3339 227 3399 in
242 3337 464 3400 Psalmorum
480 3335 641 3414 Dauidis,
658 3354 728 3399 non
744 3337 860 3399 minus
882 3337 1003 3399 utilem
1024 3354 1133 3417 quam
1146 3344 1301 3416 gratam,
1318 3355 1422 3418 expo·
1453 3369 1456 3373 <

190 3445 366 3506 sitionem.
384 3443 582 3506 Conciones
597 3460 683 3506 uero
699 3453 732 3506 ct
748 3461 889 3505 sacram
903 3443 1167 3506 Eucharistiam
1184 3453 1219 3506 et
1231 3443 1424 3507 confessio·

191 3569 254 3613 nes
271 3549 568 3629 frequentantium
585 3568 764 3625 numeruS,
779 3551 942 3631 quamuis
953 3562 1059 3613 antea
1073 3568 1143 3614 non
1155 3551 1322 3614 minimus
1336 3552 1422 3615 exti-

191 3658 285 3734 terit,
303 3667 423 3719 tamen
446 3658 494 3718 ita
510 3667 562 3719 est
583 3656 766 3735 adauctus,
791 3667 830 3720 ut
857 3668 1031 3736 occupato
1049 3658 1121 3720 iam
1139 3658 1269 3737 templo
1289 3658 1423 3735 abhis,

189 3766 251 3844 qui
280 3781 417 3826 summo
447 3781 549 3825 mane
578 3765 729 3842 primum
759 3764 952 3827 aduentare
982 3766 1114 3843 solent,
1145 3781 1286 3828 necnon
1311 3765 1427 3846 ipsius

191 3871 313 3952 templi
328 3871 443 3933 ianuis
459 3870 576 3949 (quem
591 3872 622 3933 si
637 3872 716 3951 quis
732 3874 850 3934 locum
870 3873 1040 3952 consequi
1058 3871 1182 3951 possit,
1204 3888 1276 3935 non
1296 3890 1425 3953 parum

189 3996 228 4041 se
254 3973 447 4040 arbitratur
470 3976 659 4057 adeptum),
682 3979 781 4040 multi
800 3989 919 4041 tamen
937 3996 1007 4041 non
1033 3978 1109 4041 sine
1133 3995 1270 4041 summo
1296 3977 1424 4042 dolore

191 4086 333 4148 domum
349 4085 481 4146 reuerti
497 4095 682 4162 cogantur,
701 4085 794 4164 quod
809 4087 926 4148 nullus
945 4085 999 4162 iis,
1021 4102 1066 4146 ne
1085 4085 1121 4147 in
1137 4085 1258 4164 templi
1279 4084 1424 4166 quidem

191 4191 376 4270 uestibulo,
398 4192 499 4254 locus
524 4191 686 4271 supersit:
710 4190 773 4253 suit
799 4203 917 4254 autem
942 4192 1279 4255 communicantium
1304 4210 1427 4257 nume·

190 4316 251 4360 rus
263 4298 318 4360 his
334 4298 434 4361 sestis
445 4297 622 4360 Natalitiis
638 4299 780 4360 circiter
795 4297 865 4361 600.
883 4298 1083 4377 Caeterum,
1097 4315 1203 4378 quam
1217 4298 1365 4363 feruens
1380 4301 1426 4364 sit

230 4576 239 4608 ¹
267 4575 430 4629 Exemplum.
443 4575 516 4629 cujus
531 4583 663 4629 postrema
680 4583 781 4621 tantum
796 4578 879 4620 verba
894 4576 941 4620 “In
956 4576 1085 4622 Genera...
1095 4583 1160 4631 etc„
1175 4582 1235 4621 suut
1246 4588 1326 4621 manu
1343 4576 1430 4633 ipsius

189 4647 316 4703 Stephani
326 4649 427 4702 scripta
446 4646 555 4690 Constat
566 4649 660 4703 duplici
672 4649 741 4703 solio,
752 4649 835 4703 primo
847 4662 870 4694 n.
882 4649 929 4702 att,
939 4651 1023 4693 altero
1035 4660 1098 4693 vero
1108 4660 1158 4693 non
1166 4653 1313 4693 numerato.
