3210 5392
179 419 234 478 726
572 418 1024 485 Lirrnnanouanmunsrnns

181 564 264 644 logi
275 581 402 626 nouem
417 568 503 627 sunt
520 562 540 622 ¹.
557 562 715 643 Quorum
730 575 832 644 pater
847 564 976 628 Rector
991 564 1095 628 ’cum
1103 564 1281 644 praedicta
1291 560 1309 640 ³,
1325 562 1367 642 qul

182 671 319 751 Hispali
334 671 481 734 aduenit
490 677 599 751 pater
610 670 633 751 ⁴,
650 688 802 735 necnon
818 684 852 735 et
868 673 959 735 alius
968 677 1091 753 pater,
1116 673 1179 753 qui
1197 667 1369 751 quaestioni·

182 778 247 839 hus
262 775 284 856 ³,
302 796 393 858 quae
406 777 576 857 priuatim
589 796 632 842 ac
644 776 783 859 publice
794 779 1030 855 celebrantur,
1043 795 1212 860 praeesse
1221 779 1311 854 solet,
1319 775 1371 854 qui·

182 901 250 964 que
266 884 473 947 concionem
486 884 617 948 habere
632 885 678 948 ad
692 888 860 966 populum
881 903 1134 966 nonnunquam
1156 885 1291 960 assolet,
1308 868 1373 945 fines

184 990 385 1069 theologiae
411 992 481 1053 iam
507 1008 654 1071 prorsus
678 993 873 1056 transuecti
896 1003 988 1057 sunt.
1011 989 1093 1069 Sed,
1120 1001 1259 1072 praeter
1270 987 1372 1052 relatos

184 1096 371 1176 theologos
385 1094 408 1168 ⁰,
425 1102 512 1160 sunt
525 1098 633 1161 ettam
645 1097 727 1161 latei
742 1116 818 1176 sex,
836 1117 880 1162 ac
899 1099 1044 1163 totidem
1063 1098 1200 1161 artibus
1218 1093 1372 1160 immim-

184 1207 239 1265 tes
255 1201 277 1280 ⁷,
294 1213 328 1266 et
343 1203 469 1266 horum
484 1203 596 1267 alteri
607 1202 619 1236 ⁸
632 1205 797 1286 primum,
813 1203 947 1269 alteri⁰
962 1222 1047 1269 vero
1062 1205 1257 1269 secundum
1268 1214 1374 1284 percur-

186 1319 268 1371 runt
283 1326 438 1373 cursum.
465 1309 533 1389 Qui
557 1311 700 1391 quidem
723 1329 857 1388 omneS,
883 1312 1086 1391 theologiae
1100 1328 1145 1375 ac
1166 1311 1294 1374 artibus
1308 1308 1374 1370 iosu-

186 1415 322 1494 dantes,
340 1416 490 1496 primum
505 1427 540 1480 et
555 1417 763 1483 vicesimum
778 1435 963 1482 numerum
977 1419 1185 1498 attigerunt.
1202 1415 1324 1497 Reliqui
1333 1427 1375 1473 au·

188 1533 270 1599 tem,
287 1520 477 1585 literarum
491 1523 676 1587 exerczliis
690 1530 871 1604 expertes,
886 1524 1089 1589 domesticis
1104 1522 1230 1587 officiis
1249 1519 1376 1586 distintu

187 1639 254 1709 tur,
271 1630 353 1693 licet
367 1647 490 1694 eorum
511 1632 669 1695 nonnulli
694 1632 774 1696 aliis
794 1633 832 1695 in
856 1631 1085 1696 facultatibus
1110 1648 1183 1694 non
1202 1627 1376 1694 mediocrem

188 1736 304 1800 fecere
316 1754 557 1817 progressum.
576 1739 705 1802 Omnes
722 1738 927 1818 (Altissimo
942 1737 1084 1818 gloria)
1106 1737 1255 1815 infirma
1275 1729 1375 1796 valeta

187 1843 281 1921 dine,
296 1860 385 1923 quae
399 1845 534 1923 grauis
548 1844 656 1908 nimis
670 1845 743 1908 dici
750 1851 889 1926 posset,
903 1851 978 1910 toto
993 1845 1056 1908 hoe
1069 1851 1229 1925 tempore
1246 1840 1376 1921 expetes

187 1950 357 2028 suerunt,·
370 1949 450 2013 licet
465 1950 581 2030 aliqui
593 1969 665 2015 non
689 1970 728 2015 se
743 1960 904 2034 prorsus
929 1957 1021 2015 recte
1040 1956 1075 2014 et
1096 1948 1282 2013 hamarim
1299 1940 1375 2009 ula·

188 2057 304 2136 beant,
319 2058 382 2120 sed
396 2057 448 2120 ita
472 2059 612 2138 quidem
637 2064 677 2122 ut
704 2058 873 2123 valetudo
898 2060 970 2122 ista
996 2057 1246 2138 impedimento
1266 2052 1310 2117 sit
1324 2046 1378 2112 illis

190 2161 304 2243 nullo,
314 2165 508 2244 quominus
519 2173 665 2245 operam
675 2166 878 2247 impendere
892 2171 1024 2246 queant
1035 2163 1223 2228 exercitiis
1232 2161 1296 2225 sthi
1304 2152 1380 2222 iesti-

189 2271 299 2333 natis.

249 2375 432 2457 Spirituali
456 2378 570 2441 cuiuis
594 2377 768 2459 profectui
788 2379 1020 2442 solertissima
1042 2377 1186 2458 quidem
1212 2392 1294 2440 cura
1313 2364 1382 2434 adhi-

189 2483 302 2562 betur,
319 2483 382 2547 sed
395 2484 589 2548 seruationi
606 2483 629 2516 ¹⁰
642 2486 847 2565 regularum
858 2486 964 2565 longe
975 2485 1132 2549 maxima
1145 2489 1278 2558 tamem·
1288 2494 1326 2542 ex
1333 2488 1384 2554 quo

188 2606 260 2653 non
274 2590 433 2654 modicus
448 2591 585 2671 paritur
600 2591 745 2670 fructus,
762 2601 801 2655 vt
816 2591 995 2656 exordiae
1017 2589 1168 2670 Collegii
1189 2603 1322 2652 cernere
1332 2588 1378 2644 cst.

190 2695 230 2759 In
244 2696 495 2760 tentationibus
509 2713 595 2761 sane
610 2697 660 2761 ita
675 2716 697 2761 a
711 2697 880 2761 fratribus
894 2697 1107 2779 proceditur,
1134 2706 1175 2759 vt
1196 2695 1279 2759 nihil
1291 2699 1383 2756 earum

191 2805 283 2868 ciam
298 2802 487 2885 Superiore
501 2804 687 2885 retineant;
704 2805 774 2868 imo
789 2805 898 2868 libere
909 2814 945 2869 et
960 2803 1124 2886 expedite
1146 2803 1294 2884 quillem,
1314 2796 1384 2860 iuter

185 2911 454 2990 prandendum,
469 2911 629 2974 maximo
654 2911 769 2974 animi
791 2911 914 2974 dolore
939 2910 1077 2990 coptam
1100 2908 1235 2989 adepti,
1253 2907 1383 2972 inlucen

191 3019 268 3080 illas
283 3017 466 3097 proferunt
484 3017 517 3081 ¹¹.
533 3019 647 3098 Atqui
659 3024 744 3081 tunc
759 3019 929 3080 ettinirum
944 3035 1015 3080 non
1027 3017 1204 3079 modicam
1215 3011 1384 3077 corrobora·

191 3124 321 3185 tionem
336 3124 468 3186 animis
482 3124 703 3186 audientium
711 3125 881 3202 fratrum
903 3122 1082 3186 Dominus
1099 3123 1240 3200 inferre
1262 3118 1386 3182 videtur:

190 3246 232 3292 uc
246 3247 285 3292 ea
301 3247 425 3309 vsque,
439 3236 478 3292 vt
494 3231 626 3292 mirum
640 3231 834 3292 immodum
849 3247 972 3293 eornm
984 3229 1202 3291 accendatur
1216 3215 1386 3307 spin‘tust't

191 3337 361 3414 propriae
376 3337 664 3416 mortificationis
679 3338 890 3416 caepidtnem.
915 3337 1018 3416 Quod
1039 3335 1077 3397 in
1091 3336 1254 3398 oratione
1273 3320 1386 3393 insumi·

91 3528 96 3537 ἡ
193 3449 255 3504 tur
270 3450 411 3522 tempus
426 3445 469 3505 ab
483 3443 616 3506 studiis
628 3461 699 3506 non
715 3444 927 3506 vacantibus
942 3445 995 3521 (eo
1008 3442 1172 3519 excluso,
1184 3440 1274 3521 qeiad
1286 3438 1318 3500 iu
1329 3427 1385 3508 agi·

192 3548 287 3611 libus
299 3549 488 3611 vendicant
503 3550 582 3627 sihi,
597 3551 691 3628 quod
706 3550 804 3612 lualid
814 3558 948 3629 parum
959 3552 1079 3629 puto),
1094 3549 1250 3610 duarum
1260 3548 1315 3609 ‚est
1326 3543 1389 3616 spa·

194 3656 284 3719 tium
299 3656 487 3718 horarum:
512 3672 574 3718 nec
602 3657 820 3719 includemus
852 3657 1014 3735 lt‘rgz'm‘s
1039 3656 1215 3735 officinm,
1239 3645 1388 3716 exauu'ttt»

239 3934 247 3966 ί
278 3930 425 3983 theologiae
434 3930 557 3974 studiosi.
569 3931 710 3975 Potaucus.

236 4004 248 4036 ¹
276 4005 305 4046 P.
314 4003 530 4046 Bartholomaeus
541 4001 702 4046 Hernandcz.

238 4078 249 4109 ³
278 4074 483 4119 illmPonaxcus.

241 4151 252 4181 ⁴
279 4147 368 4191 rediit.
378 4144 414 4187 ln.

240 4221 251 4252 ⁵
280 4213 565 4272 disputationibuslu.

240 4290 253 4321 n
281 4297 385 4344 praeter
397 4287 549 4330 sacerdotes
560 4289 622 4327 sunt
634 4286 753 4336 timologi.
765 4283 800 4326 ln.

242 4363 252 4391 ⁷
281 4357 525 4414 uaiztoperamlo.

241 4434 252 4464 ⁸
282 4431 423 4486 aliquiln.

241 4505 253 4538 θ
281 4504 421 4557 aliquilu.

235 4578 257 4610 ¹⁰
284 4573 512 4625 observationiln.

236 4651 255 4680 ¹¹
287 4681 292 4703 ,
303 4649 421 4692 arationi
429 4647 575 4699 diligenter
586 4645 716 4688 insistunt
736 4638 764 4681 lu
