3210 5392
188 410 226 468 70
576 409 746 468 errcnas
761 424 1034 477 annnnrssracs

190 574 253 636 per
268 572 367 618 mezo
383 555 425 619 de
439 556 490 635 gli
507 555 619 618 nostri
635 553 752 619 Padri.
769 554 868 618 Molti
884 555 963 619 libri
978 556 1137 619 anchora
1156 572 1244 618 sono
1260 554 1343 618 stati
1359 555 1421 618 ab·

190 661 386 741 bruggiati,
403 661 448 724 da
469 662 494 725 li
509 662 604 742 quali
620 662 726 724 molte
741 677 892 741 persone
917 661 1130 725 riceueuano
1145 661 1282 741 grande
1297 660 1422 724 danno

189 785 253 848 per
274 784 391 831 essere
416 768 522 848 quelli
545 767 693 832 heretici
712 785 731 831 e
751 766 784 831 d’
812 768 897 847 ogni
921 767 1126 832 dishonesta
1151 768 1256 849 pieni.
1279 767 1340 831 Dii
1354 767 1424 831 che

188 875 242 937 sia
257 874 376 938 lodato
391 875 415 937 ii
430 873 595 954 Signore,
612 875 636 937 il
650 876 732 954 qual
747 883 846 937 tanta
868 875 986 954 gratia
1000 873 1082 938 sisa
1097 875 1132 938 di
1157 885 1259 955 poter·
1273 877 1349 938 cosi
1364 874 1418 938 in·

187 997 327 1060 gannar
342 980 366 1043 ii
379 980 517 1059 grande
539 980 762 1060 ingannator'
785 989 908 1044 nostro
933 998 1001 1045 con
1023 981 1047 1044 li
1068 981 1147 1045 suoi
1169 980 1354 1045 medesimi
1370 981 1423 1045 in·

188 1087 311 1165 gagni.
325 1086 363 1151 Si
379 1104 564 1168 occupano
580 1086 737 1150 anchora
753 1087 802 1167 gli
817 1087 929 1151 nostri
941 1087 1044 1167 padri
1060 1088 1095 1151 in
1115 1088 1252 1151 uisitar’
1275 1089 1299 1152 ii
1314 1087 1425 1153 infer·

191 1194 239 1257 mi
253 1198 328 1258 cosi
342 1195 422 1258 neil'
446 1194 612 1275 hospitali
631 1194 757 1258 comm'
777 1195 932 1274 altroue,
959 1195 1229 1275 consolandoin
1252 1206 1287 1259 et
1302 1195 1423 1260 stand'

188 1301 237 1364 iui
252 1318 372 1381 spesse
388 1302 483 1364 volte
499 1301 601 1365 insin’
629 1310 764 1365 atanto
790 1302 855 1365 che
877 1301 900 1365 l'
924 1302 1043 1365 anima
1069 1302 1099 1366 si
1119 1312 1221 1383 parte
1245 1301 1281 1366 di
1297 1311 1428 1383 questo

188 1408 318 1471 misero
330 1425 454 1488 corpo,
472 1407 706 1472 desiderando
722 1402 777 1471 cio
792 1408 867 1471 iare
883 1426 950 1472 con
966 1409 1090 1473 maior'
1107 1408 1297 1488 assiduita,
1315 1426 1354 1475 se
1368 1411 1424 1491 gli

187 1513 321 1593 negotii
337 1515 543 1594 particolari
558 1515 591 1578 d'
609 1532 657 1578 un
672 1532 780 1595 opera
795 1525 895 1579 tanto
910 1516 970 1595 pia
984 1532 1055 1579 non
1068 1516 1093 1579 li
1108 1516 1331 1580 retirassero.

250 1621 378 1700 Quant'
394 1639 414 1683 a
432 1622 465 1684 la
480 1621 764 1701 frequentatione
789 1621 833 1686 de
848 1623 880 1686 lc
895 1622 1111 1687 confessioni
1132 1632 1166 1686 et
1187 1621 1417 1700 sacramenti,

187 1728 242 1791 cio
257 1728 287 1792 si
300 1727 336 1791 sa
348 1745 415 1791 con
429 1728 566 1807 grande
581 1727 725 1808 seruor',
743 1728 1037 1809 augmentandos’
1055 1729 1079 1793 il
1099 1746 1246 1793 numero
1265 1727 1421 1809 grande·

188 1845 304 1898 mente
319 1835 362 1898 de
377 1835 427 1914 gli
441 1834 622 1899 confitenti
636 1836 791 1899 secondo
807 1837 841 1899 la
856 1836 1020 1916 capacita
1036 1846 1070 1899 et
1085 1837 1153 1899 sito
1174 1836 1217 1899 de
1231 1837 1267 1899 la
1282 1836 1418 1901 chiesa.

188 1942 233 2004 Et
246 1951 344 2005 certo
359 1941 404 2004 da
419 1958 570 2021 persone
590 1943 660 2005 tale
680 1942 822 2022 (questo
845 1941 922 2005 diro
944 1942 1112 2006 accioche
1138 1943 1370 2007 maiormente
1385 1944 1422 2006 la

188 2048 297 2111 bonta
311 2049 431 2112 diuina
447 2049 499 2112 sia
513 2049 657 2128 indata),
674 2049 729 2112 ch’
748 2050 832 2129 ogni
844 2050 941 2113 uolta
957 2050 1011 2114 ch’
1028 2050 1062 2114 io
1075 2052 1275 2131 contemplo
1289 2051 1326 2114 la
1341 2052 1422 2114 loro

189 2154 389 2233 deuotione,
409 2155 445 2220 di
460 2173 516 2219 me
535 2166 651 2219 stesso
673 2156 780 2219 molto
797 2156 844 2218 mi
858 2156 1085 2236 marauiglio‚
1113 2156 1374 2221 considerando
1397 2155 1423 2220 ii

188 2262 359 2325 caminar’
380 2263 450 2326 mio
465 2280 509 2326 ne
523 2264 558 2326 la
573 2264 632 2327 uia
646 2263 703 2326 del
717 2261 868 2342 Signore
883 2279 1000 2326 essere
1012 2272 1111 2327 tanto
1124 2263 1244 2344 tepido
1259 2273 1293 2327 et
1309 2263 1334 2327 il
1355 2279 1423 2328 suo

190 2386 311 2433 essere
331 2378 430 2433 tanto
444 2370 614 2434 seruente.

250 2476 594 2540 Conciosiacosache
618 2494 691 2540 non
715 2476 766 2558 gli
791 2483 810 2540 e
835 2476 984 2540 molesto
1008 2476 1043 2539 di
1068 2486 1165 2540 stare
1189 2477 1209 2539 4
1232 2477 1306 2540 et5
1334 2476 1423 2541 hore

190 2584 226 2647 in
257 2582 485 2663 genochioni,
517 2584 712 2648 bramando
741 2585 777 2650 di
804 2585 936 2663 portar’
962 2584 1012 2662 gli
1040 2583 1147 2647 cilicii
1172 2593 1208 2647 et
1231 2583 1298 2648 far'
1331 2587 1422 2649 altre

189 2691 382 2771 penitentie
397 2692 488 2754 oltra
502 2690 539 2754 di
552 2692 668 2772 quello
688 2691 711 2754 li
733 2697 752 2754 e
774 2708 961 2755 concesso:
983 2701 1017 2753 et
1040 2708 1108 2754 con
1130 2701 1230 2754 tanto
1246 2691 1372 2771 spirito
1387 2702 1422 2755 et

186 2797 412 2877 abnegation’
430 2798 474 2861 de
488 2815 527 2861 se
541 2806 666 2875 stesso,
683 2797 750 2860 che
765 2798 1010 2861 meritamente
1025 2799 1101 2861 loro
1116 2813 1235 2862 essere
1253 2807 1369 2862 morte
1386 2802 1420 2863 ai

184 2913 335 2984 peccato
350 2915 385 2967 et
401 2923 422 2968 a
437 2903 554 2968 Cristo
570 2904 680 2969 uiuer'
698 2904 774 2967 dire
789 2921 906 2984 posso.
928 2903 1139 2967 Essendomi
1153 2903 1189 2967 di
1204 2904 1260 2967 cio
1279 2904 1419 2984 grande

185 3022 220 3075 et
235 3012 423 3076 manifesto
440 3011 585 3088 indicio,
603 3013 770 3075 massime
786 3009 935 3074 vedend'
964 3011 998 3075 io
1013 3020 1109 3075 tante
1132 3022 1293 3075 matrone
1309 3013 1421 3077 nobili

185 3118 252 3181 che
272 3121 441 3182 soleuano
468 3120 601 3183 andare
626 3128 725 3182 tanto
745 3128 1048 3198 pomposamente‚
1071 3118 1159 3182 hora
1181 3117 1360 3183 mediante
1386 3120 1421 3183 la

182 3236 288 3288 santa
302 3224 526 3291 confessione
542 3236 575 3288 et
590 3225 648 3305 pia
665 3224 900 3289 essortatione
915 3224 1024 3304 degli
1040 3225 1153 3289 nostri
1164 3224 1271 3290 Padri
1288 3225 1421 3300 (dando

182 3352 206 3396 a
222 3334 335 3412 quelle
350 3334 449 3396 molti
465 3332 636 3396 essercitii
652 3331 843 3412 spirituali)
859 3332 970 3394 hauer
985 3340 1168 3412 sprezzate
1183 3332 1269 3412 ogni
1282 3333 1418 3410 nauita,

180 3439 395 3503 caminando
410 3457 477 3503 con
493 3456 631 3503 summa
646 3439 818 3502 modestia
844 3447 879 3501 et
903 3439 1063 3501 basseza.
1089 3438 1156 3502 Per
1177 3439 1212 3502 la
1234 3440 1318 3520 qual
1333 3456 1419 3504 cosa

180 3546 281 3610 molti
292 3547 474 3627 piglianno
491 3546 719 3625 marauiglia,
736 3545 786 3625 gli
800 3546 881 3608 altri
898 3543 994 3608 iddio
1015 3545 1235 3625 glorificano.
1262 3543 1364 3610 Oltra
1380 3546 1418 3611 di

180 3655 238 3717 cio
251 3671 337 3734 pare
353 3654 418 3717 che
432 3656 469 3718 in
484 3663 609 3734 questo
626 3670 733 3733 sopra
746 3654 830 3734 ogni
846 3654 938 3717 altra
959 3669 1044 3715 cosa
1065 3651 1163 3717 lddio
1182 3653 1335 3733 pietoso‚
1356 3654 1413 3717 be·

182 3760 293 3839 nigno
310 3759 571 3839 sedimonstra,
589 3759 709 3840 percio
724 3760 804 3837 che,
826 3760 976 3823 essendo
1002 3760 1115 3840 quelle
1135 3757 1252 3825 donne
1274 3761 1419 3840 agionte

184 3886 206 3929 a
223 3875 321 3930 tanta
337 3867 564 3948 perfettione,
591 3868 753 3946 sogliono
780 3867 931 3945 agintar’
949 3868 1000 3947 gii
1014 3867 1096 3931 altri
1111 3875 1146 3930 et
1158 3866 1335 3931 condurre
1350 3868 1418 3931 alle

184 3973 416 4050 confessioni,
434 3973 593 4037 huomini
608 3983 642 4036 et
662 3972 792 4053 donne,
819 3974 856 4036 in
880 3974 1018 4054 grande
1043 3983 1161 4053 tempo
1186 3990 1259 4037 non
1280 3973 1418 4038 confes·

183 4081 265 4158 sati,
283 4081 316 4143 d'
334 4080 425 4144 onde
440 4097 548 4143 nasce
563 4080 629 4143 che
644 4080 695 4160 gli
708 4080 823 4144 nostri
848 4078 955 4143 Padri
969 4081 1087 4144 udano
1103 4081 1210 4143 molte
1225 4080 1417 4145 consessio·

184 4186 222 4248 ni
235 4187 406 4266 generali.
423 4186 468 4250 Et
482 4187 598 4268 questi
615 4185 807 4250 consessati
829 4185 984 4250 visitano
1006 4184 1172 4250 etiamdio
1195 4187 1302 4250 molte
1317 4204 1413 4266 case,

184 4310 285 4378 come
300 4295 407 4375 quelli
421 4294 487 4357 che
502 4295 759 4374 grandemente
780 4292 991 4357 desiderano
1006 4292 1146 4357 ridurre
1166 4295 1200 4356 al
1224 4309 1337 4373 grege
1361 4293 1417 4359 del

183 4399 324 4481 Signor’
341 4403 374 4466 le
389 4402 565 4483 pecorelle
580 4402 624 4464 da
641 4403 757 4482 quello
772 4401 897 4480 suiate,
914 4418 978 4480 per
992 4418 1113 4465 mezzo
1127 4402 1171 4465 de
1193 4402 1205 4464 i
1220 4402 1333 4465 nostri
1353 4401 1416 4466 Pa-

183 4510 249 4572 dri.
265 4509 331 4573 Per
346 4511 379 4573 la
395 4511 478 4590 qual
493 4527 579 4573 cosa
592 4509 741 4572 essendo
757 4508 929 4572 commosi
943 4510 993 4588 gli
1009 4509 1143 4590 pastori
1158 4510 1193 4573 di
1206 4518 1332 4590 questa
1345 4509 1417 4574 cita

185 4616 289 4694 (iorsi
305 4619 369 4680 chc
386 4635 448 4698 per
464 4628 588 4699 questo
613 4617 769 4680 udiuano
794 4616 829 4679 la
853 4633 918 4679 sua
943 4617 1154 4697 negligenza
1179 4625 1303 4681 notata
1323 4626 1358 4682 et
1372 4618 1412 4680 ri-
