3210 5392
742 431 806 489 ΑΝ.
824 431 893 489 1555
1370 430 1427 488 653

162 599 165 602 «
191 588 250 649 eo,
268 580 309 634 vt
324 590 428 652 quem
440 573 545 637 rebus
557 574 653 637 hisce
665 575 822 654 gaudere
834 586 993 652 nouerat,
1009 574 1051 637 de
1063 576 1201 639 ratione
1212 574 1423 639 inuenienda

197 679 279 756 egit,
310 697 380 758 qua
409 681 513 743 rebus
535 682 777 761 spiritualibus
801 682 1023 762 maximeque
1050 682 1234 744 charitatis
1260 682 1424 762 operibus

197 787 335 848 consuli
351 797 480 865 posset.
496 787 551 851 Ac
567 788 717 865 demum,
731 788 851 851 diuino
863 788 1004 851 afflante
1019 787 1164 868 Spiritu,
1181 789 1424 868 excogitatum

196 901 248 955 est
264 902 304 955 vt
319 895 615 973 quemadmodum
636 896 833 958 institutum
854 897 889 958 in
909 895 977 958 hoc
996 912 1107 975 regno
1123 907 1200 958 erat
1221 895 1421 974 concilium,

196 999 230 1061 in
245 1017 316 1080 quo
332 1017 424 1080 quae
435 1002 480 1065 ad
491 1003 654 1066 bellicam
666 1012 779 1066 artem
791 1003 948 1066 lacerent
960 1003 1081 1082 parari
1092 1020 1333 1083 quaecumque
1345 1020 1423 1083 pos-

196 1116 286 1184 sent,
304 1107 353 1170 ita
366 1118 400 1170 et
416 1108 509 1172 aliud
525 1118 629 1188 esset,
647 1111 764 1190 inquo
780 1109 824 1173 de
838 1111 955 1188 rebus
969 1128 1059 1191 quae
1071 1109 1115 1172 ad
1128 1109 1337 1172 charitatem
1348 1126 1424 1189 per·

195 1213 320 1290 tinent,
335 1225 511 1293 ageretur.
524 1215 593 1280 Sed
605 1235 649 1279 ne
660 1216 727 1280 hoc
740 1216 833 1280 idem
845 1234 927 1280 cum
939 1216 1079 1297 pietatis
1090 1227 1208 1278 monte
1220 1232 1297 1278 esse
1308 1225 1422 1295 putes.

195 1318 269 1382 Illic
285 1321 379 1382 enim
395 1323 609 1400 pauperibus
623 1321 810 1387 dumtaxat
825 1324 1042 1401 subuenitur;
1058 1323 1127 1386 huc
1142 1339 1239 1399 uer0,
1256 1322 1423 1403 quicquid

196 1427 382 1506 spirituale
397 1438 461 1503 est,
478 1429 640 1508 pertinet;
659 1430 716 1492 hic
731 1431 946 1510 pauperibus
960 1430 1173 1510 prospicitur
1185 1440 1220 1492 et
1233 1429 1302 1491 illis
1323 1429 1422 1492 resti·

197 1542 343 1597 tuuntur
354 1535 485 1614 ablata;
498 1546 645 1600 cauetur
657 1555 701 1599 ne
713 1536 795 1617 quid
808 1537 935 1600 uiduae
946 1545 981 1599 et
991 1536 1113 1616 pupilli
1124 1536 1273 1599 iniuriae
1288 1536 1424 1615 patian-

198 1650 265 1720 tur;
283 1644 425 1722 templa,
439 1644 665 1717 monasteria,
679 1643 880 1723 hospitalia,
901 1652 962 1707 aut
978 1645 1078 1723 lapsa
1094 1643 1165 1706 iam
1178 1643 1421 1720 restituuntur,

197 1758 256 1811 aut
269 1749 409 1811 ruinam
419 1750 591 1813 minantia
601 1749 867 1828 confirmantur,
878 1749 1191 1831 atquehuiusmodi
1200 1751 1321 1828 multa,
1332 1765 1424 1829 quae

199 1863 232 1917 et
246 1854 335 1918 liunt
349 1866 383 1917 et
399 1866 587 1935 sperantur
604 1874 675 1920 non
689 1856 794 1936 parui
807 1857 977 1920 momenti
989 1855 1118 1919 sutura.

254 1963 319 2025 Est
329 1979 466 2042 quoque
481 1963 598 2026 edicto
614 1964 754 2044 publico
768 1973 939 2028 statutum
954 1972 993 2025 vt
1008 1963 1149 2040 notarii,
1162 1963 1192 2026 si
1207 1979 1297 2042 quae
1309 1962 1425 2025 sciant

197 2069 316 2148 legata
331 2070 375 2131 ab
398 2071 516 2150 aliquo
531 2071 666 2148 relicta,
688 2088 778 2150 quae
801 2071 837 2133 in
862 2071 921 2151 pia
947 2087 1056 2150 opera
1081 2070 1236 2150 impendi
1260 2069 1423 2147 voluerit,

197 2175 303 2239 etiam
318 2175 530 2240 haeredibus
545 2177 794 2240 recusantibus
810 2177 984 2256 aperiant,
1001 2187 1035 2239 et
1050 2176 1104 2255 iis,
1125 2177 1185 2257 qui
1202 2177 1286 2240 huic
1310 2175 1424 2238 chari-

195 2284 278 2347 tatis
304 2282 419 2346 officio
445 2281 630 2364 praesunt,
651 2283 911 2364 quamprimum
926 2282 1093 2346 referant.
1115 2283 1193 2363 Qua
1207 2301 1253 2346 ex
1275 2300 1314 2345 re
1339 2281 1426 2349 illud

193 2389 358 2453 effectum
373 2400 438 2466 est,
455 2400 494 2452 vt
509 2390 580 2452 iam
595 2406 666 2452 non
682 2406 794 2469 parua
805 2389 1036 2469 pecuniarum
1051 2406 1190 2453 summa
1204 2389 1361 2453 indicata
1377 2389 1423 2452 sit

187 2495 223 2561 in
239 2514 420 2577 pauperes
431 2496 625 2576 eroganda,
639 2506 701 2561 aut
712 2481 779 2576 piis
794 2496 960 2576 operibus
970 2496 1190 2576 insumenda,
1203 2513 1293 2576 quae
1304 2497 1423 2559 hacte-

188 2622 262 2668 nus
276 2605 467 2666 latuerant.
484 2603 522 2665 ln
537 2602 605 2666 hoc
621 2604 808 2667 concilium
828 2610 908 2665 sunt
928 2618 994 2665 sex
1007 2603 1120 2682 electi3
1137 2603 1173 2666 hi
1193 2612 1320 2666 octauo
1340 2621 1424 2684 quo·

184 2729 262 2793 que
277 2711 347 2787 die,
364 2710 468 2791 idque
483 2713 519 2774 in
534 2720 656 2775 nostro
671 2712 834 2790 collegio,
856 2713 1047 2777 conuenire
1066 2712 1170 2775 simul
1190 2714 1314 2776 solent.
1336 2709 1426 2775 Sunt

183 2829 315 2883 autem
330 2817 400 2880 duo
421 2817 587 2896 theologi,
610 2835 761 2898 quorum
775 2821 865 2883 alter
879 2829 933 2883 est
943 2820 1037 2884 RQ
1057 2817 1095 2881 P.
1118 2817 1356 2899 Praepositus,
1377 2819 1425 2880 al-

178 2935 245 2989 ter
262 2941 351 2987 uero
376 2925 623 2988 dominicanus
639 2925 792 3006 quidam,
821 2927 969 2990 celebris
994 2927 1030 2989 in
1055 2927 1123 2989 hac
1149 2927 1235 2989 vrbe
1259 2924 1424 3003 nominis,

178 3049 286 3095 vnus
301 3049 347 3093 ex
361 3031 537 3094 iudicibus
550 3047 703 3110 magnae
718 3032 851 3110 curiae;
868 3032 937 3096 duo
952 3032 1210 3109 MessanenseS,
1227 3033 1316 3094 alter
1329 3032 1426 3094 nobi-

177 3140 233 3202 lis
247 3149 282 3200 et
298 3138 390 3200 inter
402 3138 546 3217 primos
565 3140 654 3201 alter
669 3139 758 3202 ciuis
773 3139 849 3219 ipsa
865 3140 972 3203 etiam
987 3147 1103 3202 aetate
1118 3138 1352 3216 uenerandus;
1371 3148 1425 3201 est

182 3254 318 3310 sextus
332 3263 376 3306 ex
391 3244 434 3307 iis
446 3262 548 3321 vnus,
566 3246 626 3325 qui
641 3245 730 3325 Regi
745 3256 863 3309 sunta
882 3246 1040 3310 secretis
1063 3245 1130 3326 Qui
1146 3260 1269 3308 omnes
1286 3244 1425 3308 decimo

185 3352 316 3434 quinto
332 3368 472 3432 quoque
493 3352 548 3415 die
570 3353 726 3416 referunt
748 3351 794 3416 ad
815 3353 1007 3432 Proregem
1025 3353 1110 3434 quid
1131 3352 1353 3415 decreuerint
1374 3349 1423 3413 sa·

184 3458 365 3523 ciendum.
382 3457 532 3522 Accedit
548 3460 656 3522 etiam
670 3459 766 3535 illud,
784 3460 878 3540 quod
892 3470 945 3522 est
960 3460 1004 3522 ab
1024 3460 1149 3523 eodem
1173 3457 1329 3538 Prorege
1349 3458 1422 3521 dili·

186 3574 319 3647 genter
338 3575 511 3642 curatum,
540 3573 578 3627 vt
603 3566 639 3627 in
657 3567 820 3628 omnibus
841 3566 944 3629 huius
970 3567 1106 3629 insulae
1125 3566 1328 3629 ciuitatibus
1352 3563 1424 3629 duo

187 3672 421 3751 eligerentur,
439 3673 529 3734 alter
550 3672 649 3749 ciuis,
673 3674 763 3735 alter
787 3672 1061 3750 ecclesiasticus
1085 3681 1234 3753 vterque
1251 3673 1341 3752 piuS,
1363 3673 1424 3752 qui

187 3779 344 3858 singulis
358 3779 555 3858 quibusque
571 3779 761 3857 mensibus,
777 3794 840 3857 per
864 3779 997 3857 literaS,
1024 3780 1127 3842 huius
1152 3780 1270 3859 operis
1288 3779 1422 3859 praele-

188 3885 259 3950 ctis
291 3884 492 3964 significent
515 3886 631 3948 sintne
656 3886 793 3966 aliqua,
819 3886 946 3965 quibus
974 3887 1111 3950 consuli
1132 3896 1306 3966 oporteat.
1332 3884 1423 3950 Cum

188 3991 327 4055 Prorex
354 3992 511 4056 animum
537 4009 678 4072 semper
703 4008 790 4071 erga
813 4002 976 4056 nostrum
1002 3993 1189 4072 collegium
1213 3994 1423 4058 beneuolum

188 4096 396 4177 ostenderit,
426 4099 798 4162 beneuolentissimum
823 4109 919 4163 certe
945 4101 980 4163 in
1005 4099 1073 4162 hoc
1098 4099 1283 4163 charitatis
1308 4099 1423 4164 officio

188 4206 404 4284 declarauit,
429 4223 500 4269 non
526 4208 639 4270 solum
665 4207 758 4286 quod
783 4207 859 4270 eius
884 4207 1013 4269 bonam
1041 4214 1178 4286 partem
1207 4206 1423 4270 commiserit

188 4313 231 4376 R.
259 4311 298 4375 Ρ.
332 4309 550 4392 Praeposito,
582 4324 616 4376 et
645 4313 739 4393 quod
763 4330 837 4391 eos,
868 4314 929 4394 qui
953 4313 1034 4376 huic
1062 4313 1161 4392 operi
1187 4324 1368 4393 praesunt,
1385 4313 1423 4379 in

187 4430 354 4483 nostrum
370 4420 559 4499 collegium
573 4420 765 4483 conuenire
787 4421 950 4497 voluerit,
977 4436 1101 4482 uerum
1124 4421 1230 4482 etiam
1254 4418 1349 4500 quod
1364 4421 1422 4484 de-

190 4528 284 4591 cimo
314 4527 436 4607 quinto
465 4526 532 4603 die,
563 4545 608 4589 ex
635 4544 704 4607 quo
733 4539 810 4591 erat
835 4529 903 4591 hoc
930 4527 1128 4590 institutum
1150 4525 1358 4605 Concilium,
1385 4527 1422 4591 in

191 4644 357 4698 nostrum
370 4633 556 4711 collegium
572 4652 652 4697 cum
666 4650 730 4697 sex
745 4635 824 4712 illis,
841 4653 930 4715 quos
945 4634 1026 4697 huic
1042 4628 1237 4697 destinatos
1256 4634 1356 4714 operi
1373 4634 1422 4697 di-
