3210 5392
449 435 512 494 ΑΝ.
535 437 604 493 1555
1087 436 1153 496 633'

90 601 103 641 ‚t
130 582 354 661 pretiosaque
381 591 479 643 veste
501 599 620 644 aurea:
642 581 875 645 conficiuntur
895 583 1001 645 etiarn
1020 583 1140 662 angeli

90 698 167 749 ntes
183 698 355 765 argentea
380 688 593 751 candelabra
615 688 650 749 in
677 688 848 764 manibus;
872 689 895 749 ii
920 689 965 750 ab
986 699 1135 768 vtroque

92 794 164 856 aris
180 795 458 870 collocabuntur,
475 795 767 873 quandocumque
779 795 1010 858 collocabitur
1024 794 1139 858 Vene-

91 911 312 963 crameutum
327 901 362 962 in
378 901 493 963 altari.
515 900 616 980 Quod
631 900 668 964 fit
689 902 839 979 singulis
854 901 978 964 diebus
994 903 1140 965 domini·
1162 972 1165 978 ,

90 1008 151 1069 stis
176 1018 210 1068 et
236 1008 357 1070 diebus
383 1026 446 1071 seu
472 1009 568 1071 feriis
589 1008 719 1088 quintis
745 1026 855 1088 vsque
882 1019 959 1088 post
975 1019 1139 1073 octauam

90 1222 128 1283 :is
149 1223 447 1301 pentecostalibus
473 1224 619 1284 multum
646 1233 794 1300 rogatus
818 1223 868 1284 sui
888 1235 925 1284 vt
948 1223 1136 1285 inuiserem

90 1346 106 1389 n
132 1327 323 1391 Abbatiam
348 1329 564 1407 monialium,
593 1329 724 1391 dictam
748 1328 1032 1391 Wounterbrack
1062 1327 1083 1406 ¹,
1101 1347 1142 1391 eo

90 1436 206 1497 issimc
222 1436 392 1497 haberent
408 1436 611 1498 conciones.
629 1433 679 1497 lui
694 1451 792 1513 ergo,
809 1444 844 1497 et
862 1435 915 1497 bis
934 1435 980 1498 ibi
1000 1436 1138 1498 concio·

90 1560 125 1618 τη
143 1543 223 1604 inde
247 1543 385 1604 rediens
411 1543 493 1604 veni
515 1542 560 1603 ad
585 1542 775 1623 quamdam
800 1541 990 1605 Abbatiam
1011 1543 1142 1605 dictam

101 1648 145 1709 ad
162 1666 266 1727 quam
283 1648 421 1727 Regina
434 1649 637 1729 nobilesque
652 1666 774 1711 omnes
790 1648 977 1712 Bruxellae
993 1660 1140 1727 agentes

90 1775 118 1818 tr
133 1755 322 1818 diuertunt.
340 1755 463 1819 Inueni
475 1756 521 1818 ibi
537 1756 651 1818 omnis
665 1757 807 1834 generis
822 1756 994 1832 homines,
1007 1756 1141 1819 aulicos

90 1881 141 1924 :re
158 1864 415 1942 quinquaginta
434 1875 633 1924 extraneos,
663 1862 815 1925 Domina
837 1880 923 1925 vero
949 1862 1140 1926 Abbatissa

93 1988 154 2031 nes
170 1968 292 2031 audire
309 1971 527 2043 concionem,
545 1986 652 2049 quam
668 1970 794 2032 ibidem
818 1969 895 2047 leci,
918 1981 952 2032 et
973 1981 1142 2049 quantum

90 2077 151 2138 >tui
168 2077 354 2152 (namcum
380 2077 541 2139 omnibus
566 2078 670 2138 simul
694 2077 828 2156 sumpsi
853 2077 1052 2156 prandium)
1073 2095 1144 2140 non

90 2196 149 2260 ξω,
178 2200 369 2262 omnesque
392 2182 569 2249 aedificati
596 2184 745 2245 luerunt.
777 2183 914 2247 Deinde
943 2183 1140 2248 Louauium

92 2292 172 2353 aulo
188 2301 266 2369 post
282 2290 461 2368 profectus
478 2291 525 2352 lui
542 2292 576 2352 in
592 2290 817 2353 Hollandiam
831 2302 865 2353 et
881 2293 997 2371 spatio
1021 2292 1057 2353 14
1073 2293 1142 2355 die-

90 2397 151 2458 bus
166 2397 201 2458 in
216 2415 257 2458 eo
273 2398 397 2459 itinere
413 2396 472 2469 lui,
490 2398 720 2459 concionatus
745 2414 823 2459 sum
848 2398 965 2460 decies
987 2409 1021 2461 et
1037 2409 1090 2461 ter
1105 2400 1141 2461 in

95 2504 312 2573 ciuitatibus;
341 2501 444 2581 idque
475 2520 615 2581 semper
640 2504 676 2565 in
701 2505 925 2568 monasteriis
953 2506 1139 2585 aliquibus

89 2611 165 2672 ibus
179 2611 256 2671 aliis
268 2611 457 2671 extraneis:
471 2611 599 2690 ubique
613 2628 697 2672 vero
710 2628 831 2672 omnes
845 2610 986 2674 fuerunt
999 2614 1146 2675 multum

90 2718 108 2779 i.

91 2840 173 2885 uam
189 2822 302 2885 denuo
320 2823 516 2885 Louanium
536 2824 635 2894 redii,
661 2824 820 2888 misimus
840 2824 877 2886 P.
894 2824 1091 2887 Arnoldum
1107 2835 1145 2887 vt

90 2942 99 2991 t
115 2933 230 2991 locum
246 2929 403 3010 Jordani,
421 2930 610 2992 confratris
626 2932 738 2994 nostri
752 2930 775 3010 ³,
790 2932 848 3010 qui
869 2948 950 2993 curn
969 2930 1047 2993 aliis
1062 2948 1146 3010 qua·

90 3037 121 3098 Ρ.
152 3037 194 3099 V.
226 3039 294 3099 iam
317 3037 563 3116 proficiscitur.
591 3036 765 3116 Fungitur
790 3037 897 3114 igitur
913 3035 949 3099 P.
968 3035 1147 3100 Arnoldus

90 3145 210 3205 astoris
224 3145 257 3206 in
274 3143 494 3206 Culcnberch
508 3143 530 3219 ⁴3
548 3145 609 3206 sed
626 3145 696 3207 iam
716 3163 757 3206 eo
782 3144 1000 3208 deuenerunt
1025 3161 1147 3206 omnes

100 3268 179 3311 eum
194 3251 288 3312 aliud
304 3268 411 3328 agere
427 3267 533 3329 quam
559 3249 711 3326 studere,
735 3250 940 3313 concionari
966 3262 998 3313 et
1023 3249 1146 3313 audire

90 3375 172 3432 ›nes;
189 3369 308 3419 tantus
320 3359 414 3419 enim
428 3370 480 3419 est
496 3358 615 3437 populi
640 3368 673 3419 et
699 3357 868 3420 nobilium
891 3375 1084 3420 concursus
1099 3356 1144 3419 ad

90 3482 114 3524 es
130 3481 264 3535 omnes
283 3474 319 3524 vt
335 3465 396 3525 vix
413 3464 526 3526 simile
542 3465 658 3526 visum
677 3465 780 3526 fuerit
795 3482 835 3526 eo
851 3464 887 3526 in
902 3465 991 3541 loen,
1009 3465 1149 3527 etiamsi

90 3571 128 3632 lie
144 3572 178 3632 in
190 3571 340 3632 diuersis
354 3570 533 3649 praedicet
546 3572 718 3632 ecclesiis.
733 3569 970 3633 Concionatus
980 3582 1032 3634 est
1042 3571 1148 3634 etiam

105 3678 140 3738 in
153 3681 250 3738 curia
267 3678 407 3739 illust.ae
427 3677 637 3740 comitissae
655 3678 677 3752 ⁵,
695 3687 729 3739 et
744 3695 785 3740 eo
801 3695 939 3758 quoque
955 3687 1053 3740 tanta
1068 3695 1150 3740 con·

89 3784 238 3857 tltitud0,
256 3794 294 3845 vt
309 3786 407 3846 locus
422 3785 584 3863 quamuis
599 3785 736 3862 amplus
751 3801 821 3846 non
848 3795 990 3864 caperet
1013 3801 1147 3861 omnes;

90 3907 129 3951 m
142 3908 213 3951 vno
230 3908 290 3951 ore
306 3891 500 3952 clamitant:
513 3890 597 3970 quid
609 3891 802 3970 poterimus
816 3891 934 3953 tacere
946 3902 985 3953 vt
997 3907 1078 3953 eum
1089 3907 1149 3952 no·

94 3998 273 4058 eruemus?
288 3998 350 4059 Est
367 3998 433 4058 ista
455 3998 644 4060 admodum
671 3997 797 4059 nobilis
821 3996 1009 4060 Comitissa
1035 3997 1150 4059 Hocb·

90 4237 172 4280 olanci
184 4248 349 4279 amanuensis
360 4238 385 4280 in
397 4237 549 4289 chronicon,
561 4246 579 4280 t.
591 4251 622 4289 vt,
637 4238 801 4290 transcripsit
818 4238 1022 4281 L'bonterbraclr.

90 4309 120 4350 :la
133 4307 257 4351 Dominae
269 4309 380 4351 Nostrae
392 4309 421 4351 de
431 4309 532 4359 Camers
546 4321 623 4363 prope
636 4309 780 4354 Bruxellas
792 4309 863 4352 dicta
874 4311 952 4354 etlam
967 4310 1000 4353 rte
1012 4310 1151 4353 Canteren.

90 4379 194 4423 Potnucr
208 4381 361 4431 Cirront'con,
372 4387 389 4423 t.
402 4392 437 4431 tv,
448 4393 505 4434 pagr
519 4382 566 4424 292.
576 4393 598 4424 n.
608 4383 658 4426 ott.

90 4464 132 4496 rnc
143 4451 298 4506 Culeuborg.

90 4535 114 4566 rs
131 4524 162 4567 (le
178 4523 331 4578 Culenborg‚
348 4525 486 4567 Comitissa
503 4529 533 4568 de
551 4526 770 4578 Hooghstrneten;
788 4525 871 4573 Anna,
888 4523 1024 4567 Comitissa
1040 4525 1071 4567 de
1088 4523 1155 4568 Ren-

90 4597 139 4640 dua
150 4597 263 4650 Philippi
274 4597 304 4639 de
315 4596 418 4649 Lalain,
430 4596 537 4640 Comitis
546 4599 575 4640 de
589 4596 807 4650 llooghstrnetcn?
821 4596 860 4639 ct.
877 4595 1002 4641 Burusns.
1023 4595 1154 4649 Tropaees

90 4673 172 4717 t,t.1t.
184 4671 219 4711 lib
243 4669 263 4718 3,
273 4680 331 4721 pag.
345 4669 387 4710 150.
