3210 5392
738 1103 924 1192 OCOXV

290 1436 318 1501 Ρ.
327 1440 514 1507 leonardus
525 1446 648 1507 Kessel

315 1538 390 1602 Patri
401 1542 534 1619 Ignatio
547 1543 588 1605 de
602 1544 743 1620 Loyola.

343 1638 488 1718 Colonia,
504 1642 518 1701 1
532 1642 741 1718 Septembris
756 1643 826 1703 1554
840 1643 860 1703 ¹.

796 1942 872 2063 nis

291 2279 393 2351 Gratia
403 2300 439 2354 et
453 2307 526 2371 pax
540 2289 596 2354 X.¹
617 2290 760 2355 Domini
775 2290 972 2354 nobiscum.

288 2384 406 2459 Literas
420 2397 702 2478 quadrimestres
716 2399 926 2479 scripturuS,
942 2394 1019 2460 R.‘¹e
1036 2396 1073 2460 in
1086 2395 1152 2460 X.⁰
1165 2394 1218 2475 P.,
1228 2395 1343 2476 primo
1355 2394 1442 2458 scri-

240 2482 361 2567 bendum
384 2505 541 2568 occurrit
560 2503 604 2568 de
628 2504 801 2569 immensa
818 2504 887 2569 Dei
906 2521 993 2584 erga
1012 2520 1078 2568 nos
1097 2504 1266 2582 bonitate,
1283 2520 1353 2583 qua
1374 2516 1443 2565 nos

237 2589 316 2667 louet
331 2612 550 2693 protegitque
563 2612 632 2677 hoc
646 2613 683 2676 in
697 2623 857 2695 tempore
874 2612 980 2687 malo,
997 2628 1078 2692 quo,
1099 2610 1270 2675 bellorum
1285 2609 1442 2673 tumulti-

235 2693 305 2785 ωδ.
327 2715 582 2784 haereticorum
605 2720 714 2785 sectis
738 2729 773 2784 et
798 2720 904 2784 nouis
928 2718 1206 2796 infirmitatibus,
1233 2718 1441 2798 perturbata
1494 2754 1502 2767 ·

230 2815 401 2890 cernuntur
426 2827 558 2906 omnia,
581 2844 653 2892 non
674 2844 787 2909 paruo
808 2826 1026 2891 cumdolore
1048 2825 1158 2889 animi
1177 2825 1301 2889 nostri.
1318 2821 1441 2888 Domi·

224 2922 285 3026 ”tus
300 2934 410 2997 tamen
422 2951 488 2998 sua
502 2934 688 2999 clementia
700 2935 736 2998 in
751 2951 851 3015 spem
864 2951 931 2998 nos
945 2933 1061 3013 erigit,
1077 2933 1114 2996 in
1126 2931 1270 3013 diesque
1286 2948 1351 2995 nos
1366 2949 1438 2994 ma·

215 3026 422 3115 815sperare
441 3040 539 3120 facit,
556 3041 613 3105 cui
626 3041 844 3123 impossibile
863 3040 962 3120 nihil,
982 3041 1067 3121 quin
1087 3040 1143 3104 bis
1158 3040 1261 3104 malis
1274 3039 1440 3103 omnibus

211 3114 318 3206 finem
331 3145 425 3210 dabit
438 3164 573 3228 nosque
592 3148 729 3230 eripiet,
752 3150 789 3212 in
809 3156 1037 3227 augmentum
1053 3147 1190 3227 gloriae
1202 3144 1355 3210 nominis
1369 3145 1439 3225 sui,

206 3225 248 3289 ad
265 3254 540 3318 restaurandam
552 3254 752 3319 Ecclesiam
763 3272 876 3334 suam,
886 3263 926 3319 vt
937 3254 1013 3336 ipse
1028 3263 1149 3335 pastor
1161 3270 1269 3317 verus
1281 3251 1439 3316 omnium

201 3342 455 3424 ⁰⁰¹¹stitoaiur:
470 3362 661 3442 plurimum
671 3379 738 3425 nos
754 3362 788 3425 in
803 3360 957 3425 Domino
973 3362 1062 3425 baec
1076 3378 1159 3442 spes
1173 3362 1389 3424 consolatur.

222 3543 229 3557 ο
263 3451 399 3531 Nostra
415 3467 565 3532 Colonia
581 3486 683 3533 suam
696 3468 991 3548 beneuolentium,
1007 3477 1042 3531 et
1057 3467 1268 3531 charitatem
1282 3484 1354 3530 non
1365 3482 1439 3530 mo-

195 3541 339 3666 d{Cam
355 3592 442 3655 erga
457 3592 523 3639 nos
536 3577 573 3639 in
588 3576 664 3641 dies
685 3576 855 3653 declarat,
881 3592 952 3639 non
966 3575 1085 3640 verbis
1109 3584 1244 3638 tantum
1260 3573 1371 3638 sedet
1387 3573 1435 3636 ia·

192 3659 290 3768 ⁰98.
305 3678 480 3745 Dominus
493 3692 742 3747 remunerator
756 3682 913 3746 omnium
928 3682 1099 3746 retribuat
1113 3682 1164 3746 cis
1179 3680 1374 3746 secundum
1388 3680 1439 3744 di·

188 3767 314 3850 lutias
328 3789 499 3853 bonitatis
514 3806 612 3868 suae,
628 3791 666 3853 in
680 3789 747 3854 hoc
762 3791 881 3853 seculo
897 3798 931 3854 et
946 3789 983 3853 in
996 3788 1127 3854 futuro.

256 3881 444 3960 Plurimos
466 3896 674 3961 confitentes
695 3896 893 3973 habuimus,
914 3896 974 3977 qui
988 3913 1111 3960 omnes
1126 3897 1237 3960 vitam
1252 3896 1289 3959 in
1310 3898 1439 3961 melius

183 3979 409 4067 statuerunt
423 4012 633 4067 conuertere
648 4012 684 4068 et
699 4021 737 4066 se
752 4012 847 4068 totos
870 4003 927 4068 X!
950 4005 1154 4086 mancipare
1169 4005 1324 4068 seruitio.
1341 4003 1439 4069 Inter

180 4091 297 4171 quos
311 4126 419 4174 unum
434 4109 653 4175 haereticum
667 4110 867 4188 habuimus,
883 4111 943 4191 qui
958 4129 996 4175 se
1009 4111 1055 4175 ad
1068 4111 1266 4176 Ecclesiam
1276 4110 1334 4177 X.¹
1356 4128 1438 4175 con·

177 4195 322 4277 uertit.
336 4214 573 4281 Plurimorum
584 4218 771 4298 generales
785 4217 1030 4283 consessiones
1042 4219 1252 4283 audiuimus.

260 4314 526 4388 DuoCanonici
537 4322 841 4404 Nouiomagenses
850 4323 1103 4389 seseSocietati
1114 4325 1286 4390 dederunt
1297 4324 1320 4387 ¹.
1332 4325 1440 4391 Vnus

179 4429 416 4474 *g

228 4508 246 4543 ¹
288 4527 481 4585 Autographee,
490 4530 642 4584 unicolollo,
653 4542 677 4574 n.
687 4529 736 4575 m

229 4580 254 4616 ²
290 4597 384 4646 Horum
393 4602 507 4652 nomina,
516 4601 732 4657 quemadmodum
743 4609 768 4647 et
782 4604 899 4659 eliorum,
911 4605 954 4660 qul
964 4606 1012 4651 hoc
1023 4617 1091 4651 enno
1102 4605 1259 4652 Societatem
1268 4613 1329 4652 sunt
1339 4608 1438 4662 emple-

188 4655 278 4717 ¹⁸¹¹.
285 4671 337 4717 vide
347 4674 372 4719 ln
383 4674 497 4719 Pourrcr
509 4672 612 4728 chron„
622 4675 676 4718 vol.
688 4685 725 4730 ru,
735 4686 759 4721 n.
770 4674 810 4720 587
819 4685 845 4722 et
855 4678 1032 4733 sequentibus.
