3210 5392
688 448 752 504 An.
775 448 844 505 1555
1327 449 1379 506 241

178 594 283 656 nistros
297 594 433 656 futuros
447 591 606 672 fidosque
622 602 785 672 pastores
797 595 880 668 (non
896 594 956 672 qui
970 610 1009 655 se
1023 594 1131 672 ipsos,
1149 594 1210 656 sed
1226 593 1284 674 qui
1301 610 1379 672 gre·

181 718 244 780 gem
255 702 314 764 sibi
328 700 558 764 commissum
573 701 734 779 pascant)
750 718 946 781 speramus.

228 807 279 871 His
292 806 428 871 accedit
440 816 478 869 vt
488 816 702 886 praepotens
714 807 888 887 quaedam
900 808 1053 885 domina,
1068 808 1186 870 animo
1200 817 1296 871 certe
1308 826 1381 870 non

187 916 274 978 ninus
286 930 460 995 generosa
476 930 582 993 quarn
598 915 782 993 sanguine,
800 917 901 978 cuius
916 916 1023 978 annui
1040 915 1197 978 redditus
1213 924 1293 978 octo
1308 917 1382 978 mil-

188 1022 492 1088 lialibrarumfacile
501 1027 660 1102 vincunt,
670 1040 761 1104 quae
775 1032 920 1102 propter
931 1024 1009 1085 lites
1021 1024 1195 1102 quasdam
1209 1023 1245 1086 in
1257 1034 1382 1085 senatu

188 1129 337 1207 parisiensi
353 1133 422 1196 sibi
437 1134 591 1196 intentas
606 1131 675 1194 huc
691 1130 854 1207 accessit,
872 1129 1028 1191 diuinam
1045 1147 1130 1192 vero
1145 1146 1248 1210 opem
1260 1129 1296 1192 in
1308 1137 1381 1192 tan·

190 1234 224 1296 tis
233 1239 508 1318 perplexitatibus
523 1240 641 1319 potius
661 1254 767 1316 quam
782 1237 974 1299 humanam
996 1236 1197 1316 requirenS,
1214 1234 1385 1299 Sanctum

185 1337 373 1407 Germanum
387 1345 616 1425 frequentare
631 1344 757 1423 coepit,
776 1352 810 1404 et
825 1342 974 1420 singulis
986 1341 1264 1405 hebdomadibus
1276 1348 1384 1407 semel

191 1455 269 1526 atque
279 1451 403 1514 iterum
418 1468 561 1514 sacram
575 1466 715 1514 sumere
735 1449 916 1530 synaxim,
939 1448 1101 1528 quodque
1121 1449 1251 1513 mirum
1270 1452 1386 1528 magis

192 1550 269 1618 inhis
279 1559 391 1637 plagis
406 1559 521 1621 videri
533 1566 663 1638 posset,
678 1557 754 1619 sola
764 1557 822 1619 sui
836 1573 944 1618 sexus
956 1556 1049 1619 inter
1061 1563 1113 1618 tot
1128 1556 1275 1619 iuuenes
1286 1557 1385 1620 scho-

192 1657 305 1726 lasticos
324 1665 483 1746 aliosque
504 1665 603 1727 viros
625 1664 796 1727 accedere
817 1680 889 1725 non
908 1664 1150 1737 erubesceret;
1173 1663 1250 1726 eius
1269 1673 1387 1727 autem

188 1769 303 1847 coniux,
328 1772 451 1851 regiae
472 1771 668 1835 maiestatis
687 1771 989 1850 consanguinem,
1010 1770 1213 1849 nuperrime
1238 1779 1389 1833 mortem

193 1872 263 1937 obit.
276 1876 497 1959 Quapropter
512 1896 593 1941 cum
607 1895 739 1941 annum
754 1877 1087 1957 quinquagesimum
1101 1876 1306 1955 excesserit,
1322 1894 1388 1939 nec

194 1980 386 2047 vlloshabeat
398 1983 1387 2065 liberos,quostantarumopumhaeredesrelinquat,ma·

196 2085 295 2153 nimam
308 2092 437 2155 harum
452 2102 589 2171 partem
604 2091 818 2170 pauperibus
833 2107 1002 2169 erogare,
1019 2099 1053 2152 et
1068 2091 1104 2154 in
1123 2091 1201 2170 pios
1223 2107 1310 2154 vsus
1329 2109 1387 2169 ap-

196 2193 296 2270 plicare
309 2200 444 2262 statuit.
461 2197 648 2261 Caeterum
663 2207 793 2275 autem,
811 2214 892 2259 cum
912 2199 1002 2261 inter
1023 2207 1165 2261 caetera
1187 2198 1389 2261 institutum

197 2312 321 2368 nostrum
334 2305 490 2369 maxime
505 2306 646 2386 probet,
668 2304 776 2366 aedes
796 2303 1034 2383 amplissimas
1056 2305 1270 2383 octingentis
1290 2305 1390 2368 libris

159 2401 161 2405 ’
197 2402 305 2474 doutas
315 2429 395 2476 cum
408 2411 522 2477 hortis
533 2410 791 2491 pulcherrimis,
805 2427 894 2490 quas
910 2427 931 2472 a
945 2409 1076 2473 Tolosa
1089 2421 1169 2473 octo
1182 2411 1390 2474 milliaribus

197 2510 305 2581 dissitas
325 2519 444 2593 habet,
467 2516 636 2581 Societati
656 2517 867 2593 dicaturam,
889 2517 1007 2597 ibique
1028 2518 1217 2597 collegium
1239 2536 1277 2581 se
1297 2519 1390 2581 exci-

198 2626 317 2688 taturam
330 2624 409 2690 R}lo
427 2623 525 2687 Patri
536 2635 658 2687 nostro
669 2623 822 2687 Domino
835 2622 1005 2687 Pascasio
1019 2624 1130 2699 (cuius
1143 2643 1251 2705 opera
1262 2634 1297 2688 et
1310 2643 1390 2688 con-

198 2723 252 2789 silio
263 2732 478 2811 potissimum
498 2731 610 2794 vtitur
631 2740 666 2794 et
687 2731 828 2808 nititur)
848 2731 1005 2811 pollicita
1024 2741 1088 2794 est.
1112 2731 1209 2794 Deus
1229 2729 1391 2812 Optimus

199 2827 266 2898 Max.
279 2840 350 2918 pios
366 2839 442 2901 eius
458 2837 606 2901 aflectus
621 2836 742 2901 fouere
758 2846 792 2900 et
807 2854 940 2916 augere
955 2837 1119 2917 dignetur
1137 2837 1158 2901 ¹.

241 2942 324 3008 Adde
338 2953 525 3026 praeterea
541 2944 634 3025 quod
648 2943 930 3025 frequentissime
946 2944 1057 3007 variis
1072 2947 1109 3007 in
1124 2946 1263 3026 templis
1283 2946 1392 3009 totius

199 3046 396 3129 iniseriam
413 3052 450 3115 in
466 3053 691 3114 monasteriis
705 3052 897 3131 virginum,
911 3053 947 3114 in
962 3051 1146 3115 audiendis
1162 3052 1392 3116 consessioni-

200 3145 245 3214 bus
256 3174 472 3240 occupamur;
489 3176 556 3221 nec
571 3159 653 3237 iam,
670 3159 833 3238 quamuis
847 3159 1011 3221 omnibus
1026 3158 1100 3222 sere
1115 3161 1200 3237 noti,
1218 3168 1337 3223 tantas
1353 3170 1392 3225 vt

201 3258 270 3330 lrius
280 3266 574 3330 contradictiones
586 3266 740 3345 patimur
752 3274 813 3328 aut
823 3265 1038 3344 repellimur,
1053 3266 1124 3328 imo
1137 3266 1305 3346 plerique,
1318 3268 1391 3346 qui-

201 3358 247 3427 bus
257 3383 349 3437 antea
364 3390 508 3437 eramus
522 3373 639 3452 inuisi,
656 3373 742 3450 iam,
764 3373 986 3435 elucescente
1007 3373 1176 3450 veritate,
1198 3390 1263 3437 nos
1285 3374 1393 3436 admi·

201 3473 253 3535 rari
263 3478 438 3561 incipiunt,
456 3479 550 3560 quod
564 3497 636 3543 non
651 3489 810 3543 nostram
823 3480 885 3542 sed
901 3481 1015 3542 solum
1031 3479 1097 3542 Dei
1109 3480 1261 3558 gloriam
1276 3490 1311 3543 et
1322 3482 1393 3543 ani·

202 3588 306 3649 marum
319 3587 469 3650 salutem
484 3603 656 3666 quaerere
670 3587 830 3666 videant;
848 3603 957 3666 quare
973 3587 1033 3665 qui
1052 3587 1150 3665 prius
1166 3589 1257 3650 male
1276 3604 1394 3650 cense-

198 3675 270 3766 bant,
284 3694 525 3756 obmutescere
544 3704 729 3772 coguntur.
752 3692 892 3756 Caeteri
906 3710 993 3755 vero
1016 3693 1169 3773 pectoris
1192 3693 1248 3755 sui
1263 3711 1395 3757 arcana

202 3782 311 3862 liberius
325 3799 429 3863 nobis
444 3790 666 3879 depromunt,
684 3810 718 3862 et
733 3801 881 3862 consilia
897 3810 1045 3880 accepta
1061 3810 1267 3879 sequuntur.

244 3897 319 3968 Hinc
333 3906 509 3987 proximis
524 3905 579 3967 his
593 3905 716 3968 diebus
737 3905 870 3969 facturn
893 3915 947 3968 est
966 3920 1005 3968 vt
1023 3906 1304 3988 jurisconsultus
1326 3910 1397 3988 qui·

198 3993 262 4069 dam
272 4013 404 4090 nobiliS,
422 4021 572 4075 naturae
588 4011 689 4074 bonis
704 4030 746 4075 ac
761 4012 924 4076 fortunae
944 4014 1210 4092 celeberrimus,
1234 4025 1268 4077 et
1283 4015 1320 4078 in
1334 4032 1399 4078 sua

201 4117 498 4182 lraestantissimus
518 4128 608 4195 arte,
635 4119 706 4198 qui,
730 4119 862 4182 dudum
885 4130 1036 4182 vexatus
1059 4120 1166 4182 certis
1188 4121 1399 4200 quibusdam

203 4217 441 4304 tentationibus,
459 4243 502 4288 eo
516 4226 683 4288 redactus
698 4236 790 4303 erat,
808 4235 847 4288 vt
862 4227 973 4288 vitam
994 4243 1074 4288 curn
1095 4239 1208 4289 morte
1224 4227 1329 4307 (prae
1349 4230 1399 4292 ni·

205 4321 256 4387 mia
267 4332 417 4410 tristitia)
433 4332 640 4413 saepissime
661 4342 879 4395 commutare
899 4342 1058 4412 cuperet,
1075 4348 1235 4413 peneque
1256 4353 1402 4398 exosam

210 4491 375 4520 x*-

199 4605 201 4609 ‘
237 4597 242 4628 ¹
264 4605 833 4665 AnhulmpiaeDominnevoluntaseffectum
843 4609 1068 4652 sortitasitnecne
1078 4608 1397 4657 affirmarenonvalernun

205 4670 290 4719 nonnum
299 4682 361 4726 enlm
371 4682 428 4736 ejus
437 4679 590 4724 memoriam
601 4680 669 4734 apud
677 4679 815 4724 historicos
827 4681 976 4734 reperimus.

318 4769 355 4826 Τ.
369 4788 412 4830 ur.
1235 4771 1265 4826 ι6
