3240 5386
10 4462 32 4536 l

718 441 782 500 A'u.
806 440 877 499 lstbo'
1359 438 1414 498 327

84 590 305 649 rerum
325 595 545 664 nostrarum,
568 595 748 665 postremo
769 585 812 647 de
831 584 896 663 his,
920 601 1011 664 quae
1032 583 1163 647 Diuina
1185 583 1326 646 bonitas
1348 601 1414 663 per

83 698 214 748 nos
250 691 406 773 operari
420 691 567 770 dignata
582 701 646 770 est,
667 691 842 755 breuitate
863 690 980 753 d'ebita
1004 708 1055 752 ac
1068 707 1194 752 rerum·
1210 690 1413 753 certissima

90 785 225 854 fide
261 799 437 862 dicemus.

205 899 299 968 Ex
312 904 411 968 Vrbe
432 905 541 985 igitur
556 904 705 986 proiecti
719 904 774 967 ad*
784 906 808 966 5·
825 905 891 966 cal.
914 903 1133 981 Decembris
1157 911 1264 966 tanta·
1278 904 1409 967 animo-

92 1014 257 1070 rum·
275 1027 318 1074 ac
334 1027 526 1092 corporum·
539 1010 1085 1074 alacritate·itineris·motestiam
1096 1011 1406 1089 sumus‘aggressb

92 1114 160 1168 ut
194 1129 279 1179 ex
299 1126 373 1180 tam
397 1117 490 1181 felici
516 1117 616 1181 initio
638 1117 984 1180 felicioremexitum·
1001 1114 1106 1179 facile
1126 1132 1272 1196 sperare
1289 1134 1408 1197 posse*

94 1225 269 1287 must
286 1239 379 1304 quae
391 1240 455 1287 res·
464 1224 607 1288 minime
621 1223 741 1288 fefellit
763 1223 975 1303 opinionem,
992 1240 1098 1302 quam
1119 1221 1160 1285 R·'.
1178 1220 1218 1286 r:
1235 1221 1272 1286 P:
1290 1223 1407 1286 die-no·

94 1314 220 1400 bis,
254 1339 295 1393 et
317 1347 384 1393 nos
408 1329 452 1393 de
475 1329 644 1393 ineffabili
664 1329 888 1410 providentia
914 1329 981 1392 Dei
1006 1344 1295 1408 conceperamus
1317 1328 1409 1394 N'am

95 1429 278 1499 tanta
293 1446 374 1500 erat
387 1437 515 1500 mentis
534 1437 718 1515 exultatis,
745 1446 874 1499 tantus
886 1446 1097 1499 nostrorum
1109 1434 1263 1498 Patrum·
1276 1452 1318 1498 ac
1339 1436 1406 1499 fra·

96 1534 408 1623 tt‘um-ardor,
423 1553 524 1607 tanta
538 1543 686 1624 spiritus
703 1543 933 1621 abundantia,
957 1553 1001 1606 ut
1017 1560 1079 1623 per
1098 1542 1257 1624 hospitia*
1273 1553 1308 1606 et
1327 1544 1406 1607 uias

95 1647 169 1697 Se
204 1650 416 1713 continere
430 1667 503 1713 non
523 1659 679 1731 possent,
704 1650 789 1731 quin
811 1667 901 1728 eam,
924 1665 1029 1730 quam
1056 1649 1272 1713 intrinsecus
1289 1659 1405 1729 gesta·

99 1737 181 1806 ba
189 1763 274 1836 nt,
291 1757 525 1820 alacritatem
539 1756 709 1820 omnibus·
723 1757 957 1819 declararent.
979 1754 1350 1837 Unde-eflectumesu,
1368 1765 1406 1820 ut

101 1847 385 1927 efficacibus
407 1863 526 1927 uerbis
547 1873 584 1926 et
603 1862 695 1926 uiuis
719 1864 889 1925 uirtutum
914 1862 1085 1941 exemplis
1111 1880 1183 1926 non
1206 1879 1341 1942 paucos
1359 1862 1412 1926 acl

96 1965 359 2034 meliorem
375 1979 529 2033 mentem
539 1979 574 2033 et
588 1971 683 2034 uitae
699 1969 891 2050 spiritualis
906 1985 1066 2033 normam
1079 1978 1301 2033 reuocarent.
1315 1969 1403 2034 Con·

94 2052 366 2140 fitebantur
388 2077 449 2140 alii
468 2085 617 2156 peecata
639 2093 722 2157 sua,
744 2076 804 2140 alii
824 2076 1065 2156 blasphemiae
1087 2076 1211 2140 uitium
1232 2076 1403 2157 relinque-

87 2155 270 2275 f‘ant,
287 2183 542 2247 comburebant
551 2182 712 2247 nonnulli
724 2191 1052 2247 nostrorumvsuasu
1066 2192 1189 2263 turpes
1200 2192 1240 2246 et
1251 2183 1406 2247 lasciuae

86 2280 361 2370 ¹¹11agines,
378 2306 501 2354 omnes
516 2290 678 2371 denique,
694 2289 822 2370 quibus
836 2288 1121 2370 praedicauimus
1136 2287 1403 2354 Cllristumcru-

82 2375 198 2448 cifi
205 2407 330 2475 xum,
347 2396 687 2477 aliquid‘spin'tualis
698 2397 885 2476 gratiae-et
895 2396 1151 2460 consolationis
1166 2397 1325 2477 recipere
1335 2397 1404 2461 uisi

67 2486 268 2565 Sunt.
283 2502 473 2584 Reliquum
487 2520 573 2566 uero
588 2502 724 2566 itineris
738 2503 774 2566 in
790 2501 931 2583 hymnis
946 2511 980 2565 et
995 2503 1145 2566 canticis
1161 2503 1404 2584 spiritualibus

77 2578 114 2642 d
125 2599 380 2674 ulcissime
396 2609 693 2689 transigebamus.

212 2714 287 2781 At
310 2726 506 2799 postquam·
526 2714 743 2780 Maceratam
769 2716 981 2796 appulimus,
1001 2715 1123 2778 ΚΜ·
1135 2714 1325 2781 Marciliae·
1339 2715 1404 2780 Le·

69 2802 312 2901 gattam,
329 2841 375 2886 ex
389 2824 609 2904 praescripto
621 2821 764 2886 Domini
777 2821 1044 2901 Gubernatoris,
1058 2822 1254 2898 inuisimus,
1267 2823 1405 2904 quinos

68 2890 431 2993 humanissime
443 2939 481 2992 ut
495 2929 724 2993 charissimos
739 2927 829 2992 fiilos
843 2937 902 2992 est
912 2929 1145 3011 amplexatus,
1162 2930 1405 3011 amplissimis-

55 3008 233 3089 que
252 3037 552 3117 promissionibus
566 3045 815 3118 prosequutus.
837 3035 956 3100 Multis
973 3036 1212 3101 etiam-modis
1227 3036 1404 3117 significa*

63 3111 188 3184 uit
253 3144 495 3223 gratissimum
520 3143 594 3208 sibi·
613 3159 698 3207 esse·
715 3151 883 3206 nostrum·
908 3144 952 3206 in·
976 3143 1174 3207 Marclliam
1199 3143 1404 3226 aduentum,

61 3219 387 3336 ”Passaron
403 3268 485 3315 cum
499 3268 541 3314 eo
557 3269 579 3314 a
593 3249 635 3314 R'.
652 3249 693 3313 T.
710 3248 761 3329 P2,
778 3249 843 3313 cui·
861 3267 907 3314 se·
918 3251 1050 3331 optime
1070 3250 1233 3315 affectum
1248 3251 1406 3315 declaras

65 3323 227 3421 u¹t=
259 3357 529 3449 destinaremur.

219 3456 878 3546 Ilocipsum·Domiuus-V”1cel'egatus
897 3464 1025 3543 effecit,
1042 3466 1110 3544 qui·
1125 3465 1283 3529 etiam‘in
1297 3463 1407 3530 Fian-

56 3532 401 3635 'QSQanorum
414 3573 586 3635 coenobio
601 3571 702 3635 uobis
721 3570 1052 3635 commodissimam·
1060 3572 1204 3652 hospitii
1218 3573 1405 3637 habitatio·-

69 3639 182 3711 RQ

72 3725 132 3802 li
188 3678 257 3740 ¹11
270 3679 394 3759 parari
408 3678 572 3742 iusserat.
589 3676 657 3742 Sed
670 3695 736 3742 uos
751 3675 795 3740 D.
813 3677 1072 3742 Gubernatoris
1087 3687 1276 3760 sequentes
1291 3678 1405 3743 consi*

136 3763 271 3863 utu,
288 3784 414 3848 eadem
441 3785 557 3865 domo,
580 3801 650 3866 qua
669 3785 756 3865 ipse,
779 3800 902 3848 sumus
924 3784 990 3863 usi,
1012 3801 1082 3866 quo
1104 3784 1250 3849 facilius·
1266 3801 1405 3849 summo

224 3903 278 3955 ne
292 3892 361 3956 iter
375 3891 412 3955 in
426 3891 519 3956 lianc
534 3891 823 3955 almamdomum
835 3891 995 3972 arripere
1005 3908 1202 3971 possemus.
1214 3889 1404 3955 D‘esitl'erak

153 3987 260 4061 ant
279 3998 422 4062 interim
443 4015 581 4062 summa
601 3998 849 4078 expectatione
871 4007 1034 4062 nostrum
1053 3996 1245 4062 aduentum
1273 3998 1405 4062 Laure-

188 4104 249 4168 ni
262 4122 399 4184 omnes,
414 4105 624 4185 praesertim
640 4104 804 4168 canonici
818 4115 858 4168 ec
875 4105 1091 4184 sacerdotes
1119 4105 1190 4186 qui,
1208 4105 1330 4168 nostri·
1344 4105 1403 4169 ad-

114 4176 302 4276 ”Quas
328 4211 536 4276 rumoribus·
553 4211 716 4290 excitati,
742 4210 1018 4275 feruentioribus
1051 4212 1182 4275 animis·
1207 4228 1323 4276 nouae
1350 4213 1404 4276 rei

133 4294 340 4383 *uentum
353 4317 601 4400 expectabant.
618 4316 692 4382 Nos
706 4335 792 4381 uero
807 4317 931 4381 eod'em
945 4316 1305 4399 ordinequolilnumt
1319 4317 1401 4383 Pru·

151 4401 345 4489 ttfictorem
357 4422 367 4457 ¹
377 4423 514 4489 Romae
525 4424 723 4504 inuisimus,
736 4423 998 4488 sacratissimas
1009 4423 1076 4488 Dei
1089 4423 1403 4489 Genitricis-aedes

179 4562 389 4595 *x—

219 4660 233 4693 ¹'
240 4662 405 4711 Cardlnalem
416 4665 579 4722 Rodutphum
589 4665 621 4710 de
632 4664 718 4720 Carpi.
