3210 5392
721 413 784 472 Aa.
808 413 877 472 1551
1365 413 1417 471 tm

176 558 325 622 laudato
340 560 394 623 sia
408 559 433 622 il
446 557 609 638 Signore,
625 558 728 638 quasi
745 559 829 638 ogni
844 559 970 637 giorno
987 559 1044 622 odi
1058 576 1155 622 mesa
1168 568 1202 621 et
1214 558 1298 637 ogni
1312 558 1415 637 septi-

180 681 287 729 mana
298 667 329 729 si
340 665 547 729 confessaet
555 665 790 743 communica,
799 675 833 728 et
845 667 970 729 alcune
983 668 1077 729 uolte
1090 666 1149 746 piu
1160 662 1416 744 spess0.Quan-

184 771 294 835 doche
318 772 353 836 in
378 773 494 854 questi
518 782 645 852 quatro
671 774 759 836 mesi
784 774 808 835 il
834 771 983 853 Signore
1004 791 1067 853 per
1086 790 1206 836 mezzo
1232 770 1267 834 di
1292 779 1416 833 nostro

187 876 220 939 P.
237 877 380 943 Rettore
395 881 423 942 s'
441 880 487 943 ha
503 879 650 959 dignato
664 890 875 943 conuertere
893 891 926 943 et
940 880 1091 943 liberare
1118 890 1216 959 septe
1232 877 1417 941 meretrice

191 984 244 1047 dal
257 987 353 1049 lazzo
367 987 470 1067 quasi
481 986 738 1063 inextricabile,
754 1004 824 1050 con
835 987 859 1050 il
870 988 974 1066 quale
987 991 1062 1050 cosl
1075 987 1099 1050 11
1110 986 1275 1050 demonio
1289 984 1345 1066 [le]
1359 987 1417 1047 ha·

195 1108 254 1154 uea
268 1093 387 1173 ligatu,
404 1093 471 1157 che
486 1111 557 1156 non
572 1095 603 1156 si
617 1110 816 1174 posseuano
832 1111 898 1156 con
911 1096 1001 1157 altro
1017 1111 1137 1157 mezzo
1150 1094 1343 1174 explicare,
1360 1110 1417 1155 ex-

199 1208 288 1278 cepto
298 1217 365 1264 con
375 1201 411 1263 la
422 1200 544 1264 diuina
556 1200 684 1281 gratia;
700 1200 791 1263 delle
801 1201 906 1280 quale
914 1201 1039 1265 alcune
1052 1200 1274 1264 conoscendo
1286 1209 1418 1280 quanto

204 1307 517 1383 grauissimamente
532 1308 720 1370 haueuano
735 1307 863 1370 ofsesso
878 1307 976 1371 lddio
997 1317 1120 1371 nostro
1136 1306 1296 1387 Signore,
1312 1306 1343 1369 si
1359 1323 1419 1369 an·

209 1410 300 1477 domo
321 1415 413 1477 nella
437 1414 625 1494 relligione
650 1414 739 1477 delle
767 1431 951 1492 conuerse,
977 1414 1069 1478 done
1093 1414 1229 1494 grande
1255 1414 1418 1493 exempio
1480 1404 1483 1411 ’

214 1516 308 1582 dunno
322 1538 341 1584 a
356 1530 456 1599 tutte,
474 1528 509 1584 et
524 1538 593 1584 con
607 1537 699 1599 gran
710 1521 826 1600 gloria
838 1521 895 1584 del
907 1518 1057 1601 Signore
1069 1532 1105 1584 et
1114 1522 1228 1584 salute
1239 1520 1328 1584 delle
1348 1521 1419 1583 ani·

218 1627 334 1690 meloto
347 1627 488 1691 uiueno.
506 1626 691 1708 Speriamo
707 1630 815 1691 molto
830 1627 896 1691 che
916 1629 947 1690 le
969 1629 1059 1691 altre
1075 1645 1218 1690 accesse
1233 1627 1325 1690 della
1340 1643 1419 1705 gra·

220 1729 255 1792 tia
266 1732 309 1796 del
322 1732 473 1814 Signore
488 1735 512 1797 il
527 1735 631 1814 quale
647 1739 666 1796 e
684 1734 787 1814 pieno
803 1734 836 1798 d'
851 1734 984 1798 infinita
1001 1734 1246 1798 misericordia
1261 1744 1295 1797 et
1310 1734 1416 1814 pieta,

222 1835 339 1904 habbino
354 1841 399 1905 da
412 1841 490 1905 sare
505 1842 529 1904 il
552 1842 676 1905 simile:
698 1841 828 1921 perche
854 1851 979 1922 questo
1003 1842 1033 1904 si
1059 1847 1127 1921 pud
1142 1857 1287 1921 sperare
1308 1858 1370 1921 per
1386 1841 1420 1902 la

223 1942 276 2007 loro
286 1946 393 2012 bnona
407 1949 682 2012 conuersatione
698 1957 732 2011 et
747 1950 823 2012 loro
839 1948 1121 2028 frequentatione
1135 1949 1226 2012 nelle
1240 1965 1347 2011 cuose
1363 1964 1418 2009 sa·

224 2064 274 2130 ere;
284 2055 308 2118 si
321 2072 502 2137 occupano
518 2057 554 2118 in
568 2073 674 2136 opere
689 2057 757 2136 pie,
774 2067 808 2119 et
830 2056 888 2136 pia
903 2057 997 2119 uolte
1012 2055 1042 2118 si
1062 2054 1285 2118 confessario
1303 2055 1330 2118 Ι1
1345 2053 1421 2135 Sig-

224 2162 319 2225 noresi
330 2163 436 2242 degni
451 2162 622 2227 mandare
637 2163 661 2225 il
676 2180 739 2226 suo
754 2172 879 2225 sancto
894 2162 1030 2242 spirito,
1045 2162 1109 2226 che
1124 2162 1155 2225 si
1170 2179 1295 2225 cuome
1310 2161 1420 2224 libero

226 2267 308 2339 quelle
319 2270 408 2333 dalle
424 2271 520 2333 mani
535 2270 591 2333 del
607 2271 751 2335 crudele
772 2271 925 2348 inimico,
943 2275 1017 2333 cosl
1034 2272 1064 2333 le
1088 2270 1265 2334 medesme
1280 2286 1419 2333 conser·
1452 2281 1457 2290 ’

225 2368 250 2431 ti
260 2387 275 2434 a
285 2378 438 2457 maggior
453 2377 557 2440 laude
573 2388 607 2440 et
622 2377 737 2457 gloria
751 2376 808 2441 del
819 2394 883 2441 suo
899 2377 1122 2440 sanctissimo
1134 2394 1250 2456 nome,
1264 2392 1328 2457 per
1338 2393 1420 2438 cau·

226 2488 254 2537 St
269 2479 312 2544 del
332 2485 436 2564 quale
461 2494 583 2565 queste
606 2494 641 2547 et
664 2486 753 2547 altre
774 2484 906 2547 fatiche
930 2501 1002 2546 non
1026 2485 1056 2547 si
1083 2501 1184 2547 cessa
1204 2484 1365 2564 pigliare.
1385 2481 1423 2546 Si

226 2596 317 2660 questa
340 2609 449 2672 opera
469 2589 505 2656 S.
527 2590 568 2654 R.
593 2591 631 2653 P.
652 2591 731 2654 dice
747 2608 864 2654 essere
884 2600 977 2654 stata
999 2591 1042 2655 de
1063 2592 1173 2654 molta
1188 2591 1421 2670 importem,

225 2694 302 2758 credo
314 2698 376 2762 che
390 2715 463 2761 non
478 2716 558 2761 men
573 2698 651 2761 dira
665 2696 701 2760 di
717 2701 829 2779 quest’
852 2700 955 2771 altra.
978 2699 1082 2778 quale
1102 2698 1126 2761 11
1147 2698 1327 2761 medesmo
1342 2714 1422 2759 nos-

225 2798 366 2868 troPadre
380 2803 511 2868 mando
523 2804 557 2867 in
570 2805 792 2884 exequtione,
806 2804 1009 2867 aiutandolo
1022 2805 1046 2867 il
1057 2804 1177 2868 diuino
1189 2804 1326 2883 spirito.
1341 2803 1424 2865 Vna

226 2898 311 2972 donna
323 2911 357 2975 in
372 2920 498 2992 questa
514 2912 585 2975 cita
599 2911 838 2975 ritrouandosi
851 2912 946 2974 assai
961 2929 1129 2991 puouera,
1144 2910 1344 2974 ettimendo
1356 2909 1423 2972 che

226 3003 347 3081 inbreue
361 3035 433 3082 non
448 3019 648 3082 incorresse
671 3019 707 3081 in
722 3028 882 3082 extrema
898 3024 1071 3098 puouerta
1086 3035 1148 3097 per
1163 3035 1234 3080 non
1249 3017 1382 3079 hauere
1398 3016 1422 3078 il

227 3123 322 3187 muodo
335 3125 371 3189 di
386 3142 556 3205 puossere
572 3126 692 3188 uiuere
707 3143 773 3188 con
788 3127 821 3189 le
835 3143 898 3189 sue
914 3124 1057 3203 fatiche,
1074 3125 1213 3188 haueua
1229 3123 1423 3188 deliberato

226 3216 287 3289 dare
298 3247 331 3294 se
344 3242 458 3295 stessa
474 3249 542 3294 con
558 3249 629 3295 una
643 3249 708 3295 sua
723 3231 855 3312 figliola
871 3250 933 3312 per
948 3231 1175 3295 concubinea
1192 3249 1240 3294 un
1251 3230 1356 3312 judeo
1370 3247 1424 3293 as·

226 3328 264 3390 Sti
275 3335 393 3402 riccho:
411 3356 470 3402 ma
484 3339 509 3401 il
522 3350 644 3402 nostro
661 3337 774 3402 Padre
786 3339 956 3418 uigilante
967 3340 1059 3401 nella
1070 3340 1180 3419 uigna
1192 3339 1248 3402 del
1260 3337 1424 3419 Signore,

231 3446 367 3509 serrendo
382 3454 507 3527 questo
522 3445 610 3509 iatto
625 3454 724 3509 tanto
746 3446 957 3524 execrabile,
975 3456 1009 3508 et
1024 3444 1175 3508 hauerse
1200 3446 1244 3509 da
1261 3456 1425 3510 commet-

227 3544 280 3607 tere
292 3567 347 3629 per
356 3571 427 3616 una
443 3569 553 3616 cuosa
569 3557 643 3616 cosl
659 3552 727 3615 uile
743 3570 842 3616 come
858 3569 946 3615 sono
962 3552 985 3614 li
1001 3553 1127 3630 dinari,
1144 3571 1216 3616 non
1231 3553 1427 3616 donendosi

228 3640 349 3736 fereper
362 3660 601 3740 qualsinoglia
620 3676 728 3722 cuosa
752 3659 817 3721 che
839 3661 895 3721 nel
910 3658 1040 3721 mundo
1057 3660 1243 3739 imaginar'
1257 3660 1287 3722 si
1302 3676 1425 3740 puosa,

229 3748 349 3830 delibero
363 3767 575 3847 prouederli;
593 3776 626 3829 et
642 3765 842 3829 finalmente
857 3783 920 3845 per
940 3766 1017 3829 suoi
1032 3767 1263 3829 eshortationi
1278 3766 1314 3829 iu
1329 3784 1426 3829 reuo-

225 3870 296 3946 tata,
308 3882 339 3936 et
360 3873 496 3937 anchor
518 3890 580 3953 per
596 3890 704 3953 opera
719 3890 783 3935 sua
799 3873 829 3935 si
844 3873 938 3936 dette
954 3873 1102 3953 ricapito
1124 3892 1145 3935 a
1167 3873 1366 3936 subleuarla
1382 3873 1428 3935 da

225 3973 314 4042 tuella
330 3998 395 4044 sua
415 3984 598 4060 puouerta.
616 3978 749 4059 Questo
775 3979 933 4042 anchora
953 3996 1024 4040 non
1045 3981 1182 4043 lassard
1208 3979 1253 4042 da
1273 3979 1348 4042 dire
1364 3979 1429 4041 che

228 4082 279 4138 ¹111ss
290 4087 426 4166 uergine
440 4085 573 4166 figliola
588 4086 621 4148 d’
639 4104 686 4149 un
702 4095 799 4148 certo
815 4103 886 4148 non
901 4085 935 4148 di
952 4102 1065 4165 puoca
1092 4087 1312 4166 importanza
1330 4086 1365 4149 su
1381 4087 1429 4148 ui·

228 4173 302 4264 tiata,
315 4202 347 4255 et
361 4191 512 4256 essendo
527 4193 563 4255 in
578 4197 718 4272 potesta
732 4191 766 4253 d’
784 4209 830 4255 un
846 4191 955 4270 gentil
972 4193 1102 4255 huomo
1122 4194 1232 4255 multo
1248 4192 1380 4270 riccho,
1400 4194 1429 4255 si

228 4291 406 4364 c011lessoal
425 4308 548 4365 nostro
568 4298 693 4377 Padre,
716 4297 808 4362 della
829 4300 933 4379 quale
949 4309 1176 4380 quantunque
1190 4299 1304 4379 primo
1320 4301 1430 4363 multa

232 4383 333 4467 lancta
347 4407 377 4470 si
391 4407 513 4487 piglid,
530 4404 623 4470 ando
638 4405 865 4468 nondimeno
885 4404 1087 4469 finalmente
1102 4407 1172 4468 alla
1187 4406 1372 4486 relligione
1388 4407 1431 4468 de

231 4508 380 4577 c⁰¹1uerse.
408 4512 515 4577 Tutto
538 4514 592 4576 sia
615 4529 635 4574 a
651 4513 869 4576 exaltatione
884 4510 940 4575 del
955 4529 1059 4575 nome
1074 4513 1109 4576 di
1128 4513 1212 4594 Jesu
1232 4522 1356 4577 nostro
1381 4512 1431 4577 Si-

231 4610 327 4680 gnare,
