3210 5392
610 431 674 490 Aa.
697 433 766 490 1555
1247 432 1298 489 701

90 575 270 640 iliomensi
286 578 321 640 in
336 576 535 657 proximum
550 575 689 640 Pascha
705 593 726 637 a
741 575 958 639 Paternitate
970 586 1032 639 tua
1053 593 1209 655 exorem;
1225 595 1296 658 qua

90 701 105 746 e
120 702 160 747 re
176 684 341 746 eumdem
356 700 417 763 per
432 683 554 745 literas
570 699 651 746 cum
665 681 877 745 Reuerentia
892 682 969 747 Tua
982 682 1187 763 propediem
1201 694 1298 747 actu-

90 809 143 854 rm
158 791 327 853 arbitror.
344 790 480 853 Interea
497 789 622 852 domus
635 799 740 870 atque
756 788 843 852 adeo
859 791 1019 870 supellex
1032 790 1134 853 nobis
1153 808 1300 871 praepa·

90 899 217 975 ibitur,
246 898 346 960 cuius
377 895 639 976 comparandae
662 897 832 975 paulatim
855 914 979 959 curam
1000 896 1172 977 Magistro
1196 897 1301 960 Petro

90 1005 231 1067 iunxit.
264 1003 417 1067 Domum
447 1021 560 1081 suam,
587 1020 693 1083 quam
718 1004 852 1081 incolo,
880 1003 1065 1067 duodecim
1086 1005 1301 1084 pauperibus

90 1111 304 1185 :bolasticis
321 1111 357 1173 in
372 1127 508 1173 morem
525 1109 673 1189 Collegii
693 1110 772 1172 istic
788 1108 1002 1187 Germanici,
1019 1108 1208 1174 Societatis
1232 1128 1302 1173 ma·

94 1218 218 1280 sterio
241 1216 463 1279 instituendis
486 1226 591 1296 atque
618 1213 755 1278 alendis
781 1216 983 1279 destinauit.
1010 1216 1144 1280 Aream
1164 1233 1302 1295 ver0,a

90 1324 169 1387 ¹rba
183 1332 371 1398 secretam,
389 1320 535 1385 aedibus
550 1320 606 1384 his
626 1322 843 1401 contiguam,
865 1323 1043 1402 gymnasii
1070 1324 1228 1386 classicis
1248 1340 1302 1386 or-

91 1431 211 1493 nibus
228 1428 359 1491 dicauit
375 1428 485 1491 animi
506 1429 561 1491 sni
587 1427 746 1491 decreto
772 1425 941 1492 Societati
966 1446 1053 1492 vero
1079 1429 1222 1493 domum
1233 1447 1303 1493 am·

90 1537 282 1613 issimam,
300 1536 357 1598 cui
371 1535 534 1614 proxime
556 1535 714 1598 vicinum
735 1545 788 1597 est
810 1536 978 1614 templum
995 1535 1040 1599 D.
1067 1535 1232 1600 Michaeli
1250 1553 1303 1600 sa·

90 1661 179 1720 um,
198 1641 372 1705 Societati
393 1641 594 1719 dicandum,
611 1651 717 1722 atque
732 1658 816 1704 area
832 1642 973 1720 publica
988 1642 1158 1722 suffragio
1173 1643 1304 1707 ciuium

90 1751 171 1813 >bis
202 1748 379 1826 donanda,
420 1747 633 1827 designauit,
663 1765 769 1828 quam
800 1749 913 1829 pretio
940 1749 1112 1813 redimere
1141 1750 1302 1813 institnit.

90 1856 174 1919 axit
192 1854 354 1918 Christus
368 1865 408 1916 vt
428 1872 535 1934 quam
555 1855 732 1934 ocyssime
757 1855 941 1934 negotium
965 1872 1068 1918 omne
1083 1856 1302 1920 conficiatur.

91 1974 177 2026 erte
193 1960 425 2025 Biliomenses
439 1978 578 2024 summo
597 1960 725 2024 affectu
740 1979 782 2024 ac
799 1961 926 2041 spiritu
941 1962 1068 2025 anhelo
1088 1963 1134 2026 ad
1155 1961 1305 2043 Collegii

90 2070 285 2132 ·ectionem
300 2069 472 2148 aspirant,
490 2078 684 2148 optantque
695 2079 734 2130 vt
750 2086 820 2131 non
836 2068 988 2148 dispersi
1002 2086 1221 2149 separemur,
1242 2069 1306 2134 sed

90 2176 175 2239 ,mul
191 2192 263 2237 vna
280 2175 315 2237 in
330 2174 435 2237 domo
451 2191 724 2238 commoremur.

125 2280 318 2346 Caeterum
329 2292 499 2361 quantum
515 2280 560 2343 ad
576 2281 849 2359 occupationum
864 2274 1111 2362 spiritualium,
1139 2299 1231 2364 quae
1247 2300 1303 2346 me

90 2406 182 2470 rope
197 2389 328 2466 obruit,
346 2388 487 2450 turbam
503 2389 640 2465 attinet,
657 2389 867 2468 compendio
882 2389 1053 2453 historiae
1068 2389 1228 2453 ordinem
1239 2389 1303 2453 Pa·

90 2496 219 2559 trnitas
234 2493 312 2558 Tua
328 2494 490 2574 accipere
505 2494 645 2573 poterit,
662 2512 875 2575 quamquam
892 2512 950 2558 res
964 2505 1088 2575 gestae
1103 2498 1306 2577 complures

90 2604 141 2666 int
156 2619 318 2664 numero.
334 2599 368 2664 A
383 2601 570 2680 postremis
586 2601 697 2681 igitur
712 2601 823 2664 literis
839 2601 1006 2665 Octobris
1030 2602 1095 2666 17.0
1120 2604 1264 2684 scriptis
1280 2603 1301 2682 ¹,

90 2718 209 2772 ructus
245 2707 456 2770 concionum
484 2706 647 2770 discretis
676 2709 711 2770 in
740 2709 827 2772 locis
856 2708 1058 2772 habitarum
1091 2710 1303 2788 uberrimus,

90 2815 207 2879 {hristi
217 2814 337 2893 gratia
359 2815 459 2892 duce,
488 2815 615 2894 extitit,
642 2832 713 2878 non
738 2816 845 2879 modo
871 2815 1011 2880 Biliomi
1035 2817 1098 2880 sed
1123 2828 1158 2881 et
1185 2816 1302 2882 Claro-

90 2931 203 2999 nonte,
221 2938 289 3000 quo
305 2923 382 2983 loco
400 2932 553 3000 quatuor
569 2922 798 2985 concionibus
815 2923 955 3002 habitis,
976 2925 1106 3004 partim
1126 2925 1161 2987 in
1188 2924 1309 2989 Xeno·

90 3029 216 3106 ‚ochi0,
234 3028 363 3108 partim
378 3029 414 3090 in
428 3028 516 3092 aede
529 3028 647 3092 Divae
663 3027 826 3109 Virginis
838 3030 884 3093 du
894 3029 988 3109 Port,
1006 3031 1155 3112 denique
1166 3031 1203 3095 in
1214 3049 1307 3095 sum·

90 3152 129 3199 ro
145 3136 350 3198 dioeceseos
365 3136 506 3214 templo,
523 3146 710 3215 praesente
725 3135 806 3199 D.¹¹⁰
828 3136 1017 3217 Episcopo,
1033 3138 1147 3201 bonus
1173 3137 1307 3203 Christi

90 3241 161 3306 dor
176 3242 213 3304 in
228 3241 429 3304 auditorum
444 3253 589 3322 pectora
604 3244 749 3306 enostri
769 3245 941 3323 ingenioli
960 3247 1107 3308 vasculo
1127 3244 1307 3326 dispersus

92 3358 137 3412 st.
169 3347 493 3426 Fragrantissimus
517 3365 604 3411 vero
624 3349 932 3413 circumstantium
953 3368 1123 3415 coronam
1148 3352 1236 3415 odor
1256 3370 1308 3416 re-

90 3455 211 3518 zreavit
227 3455 397 3517 orationis
412 3456 579 3518 solemnis
595 3457 630 3520 in
645 3456 783 3537 synodo
800 3457 1076 3521 Claromontana
1091 3477 1113 3521 a
1136 3476 1191 3522 me
1207 3459 1305 3523 habi·

90 3580 131 3626 ae
147 3561 204 3624 die
221 3560 389 3624 Octobris
402 3561 482 3638 24⁰,
500 3579 603 3642 quae,
621 3562 664 3626 de
676 3564 866 3626 residentia
883 3574 988 3645 atque
999 3565 1177 3629 functione
1192 3577 1308 3646 pasto·

90 3686 155 3732 nm
170 3669 342 3745 instituta,
359 3668 448 3731 adeo
463 3667 565 3732 Rmo.
582 3668 735 3732 Domino
750 3672 883 3750 placuit
904 3681 943 3735 vt
957 3689 1037 3735 earn
1051 3673 1146 3753 typis
1167 3673 1306 3748 excudi,

90 3775 254 3838 idiunctis
280 3775 590 3839 constitutionibus
617 3776 887 3859 Episcopalibus
909 3795 1035 3842 recens
1056 3783 1304 3860 promulgatis,

90 3883 256 3944 nandarit
277 3886 298 3943 ².
324 3881 490 3945 Nonnulli
515 3883 623 3945 etiam
651 3884 733 3947 hinc
763 3886 820 3965 pio
850 3885 977 3949 affectu
1006 3889 1173 3950 commoti
1199 3905 1305 3969 super

90 3989 437 4051 ›nereconscientiae
460 4006 545 4053 suae
570 4007 625 4053 me
650 3995 914 4072 consuluerunt,
942 4011 1092 4073 qnorum
1118 4013 1136 4057 e
1162 4010 1309 4058 numero

90 4111 170 4158 mus
184 4093 308 4158 Abbas
323 4095 398 4159 fuit.
415 4096 511 4159 Binis
523 4098 753 4161 concionibus
768 4099 803 4162 in
818 4101 989 4164 coenobio
1000 4099 1186 4181 Virginum
1200 4100 1308 4165 Mart·

90 4218 138 4264 tac
165 4212 368 4282 nuncupato
389 4220 498 4283 prope
514 4202 690 4283 Ryomum
713 4206 857 4286 habitis,
875 4208 994 4271 multis
1015 4219 1121 4272 antea
1144 4208 1309 4288 precibus

118 4442 125 4473 ¹
158 4441 268 4485 Periisse
280 4442 330 4484 hae
342 4442 478 4486 videntur.

116 4516 127 4545 ²
156 4515 205 4564 An,
214 4516 289 4568 juxta
301 4513 421 4556 Gulielmi
433 4514 466 4557 dn
479 4513 540 4557 Prat
552 4514 710 4568 mandatum,
723 4518 806 4561 oratio
818 4518 882 4562 haec
895 4520 964 4575 typlr
975 4532 1083 4566 excuttn
1094 4523 1128 4567 alt
1140 4530 1227 4571 necne,
1240 4520 1307 4575 igno·

90 4596 175 4629 umnn.
197 4585 274 4629 Certe
292 4586 439 4641 Clayssonil
458 4597 549 4630 nomen
567 4598 615 4630 non
633 4589 763 4642 reperitur
779 4589 804 4633 in
828 4589 1014 4646 Bibliotht’quc
1031 4594 1078 4637 ries
1094 4593 1274 4639 errttttittlrie
1285 4594 1311 4637 la

90 4654 244 4711 Cornpagnie
258 4658 291 4700 de
300 4656 389 4711 Jesus.
