3210 5392
261 403 315 462 160
649 390 1103 472 L1rrsnnnounoarnrrsraes

181 588 183 591 -
258 548 425 629 equidem
439 565 639 612 sermonem
659 566 680 612 a
700 558 735 612 te
755 547 890 612 audire.
906 547 975 612 Sed
993 548 1097 628 quid?
1108 547 1194 610 talia
1207 547 1303 627 apud
1319 564 1387 610 nos
1409 549 1496 610 reci·

261 664 384 720 tantur
399 656 537 719 crebro.
554 655 660 719 Faxit
674 654 772 718 Deus
784 655 939 735 optimus
954 655 1131 718 maximus
1150 654 1203 718 vti
1223 671 1289 734 pro
1313 655 1408 717 votis
1423 655 1498 717 ani·

261 779 411 839 morum,
428 771 528 825 tanto
543 762 619 825 zelo
635 762 847 826 sectantium
861 761 1014 841 gloriam
1033 760 1208 838 eiusdem,
1230 760 1425 842 aliquando
1439 777 1498 823 ac·

258 869 369 933 eldat.
385 868 434 932 At
450 878 560 948 certe,
578 869 821 932 amantissime
832 867 950 946 Pater,
964 883 1029 931 nec
1045 884 1179 948 negare
1191 885 1257 931 nec
1269 867 1499 932 dissimulare

259 977 427 1039 celareue
454 992 658 1056 possumuS,
681 966 900 1056 quantopere
932 975 1151 1039 doluerimus
1179 975 1280 1038 viros
1306 977 1499 1039 nonnullos

262 1083 347 1146 nine
372 1083 421 1145 ita
436 1083 537 1146 breui
559 1081 753 1148 traductos.
780 1083 917 1146 Verum
941 1082 1025 1160 quid
1051 1099 1151 1162 agas,
1173 1082 1233 1145 vbi
1247 1099 1416 1162 suprema
1437 1083 1500 1146 illa

152 1210 156 1215 ·
265 1199 370 1269 atque
385 1188 751 1269 incomprehensibilis
763 1188 944 1269 Sapientia
957 1197 1091 1252 statuat
1104 1206 1148 1252 ac
1163 1188 1296 1268 dirigat
1313 1189 1500 1253 uniuersa?

264 1297 300 1360 id
324 1296 467 1377 quidem
491 1296 706 1360 tutissimum
727 1312 806 1358 esse
828 1295 980 1376 videtur,
1006 1296 1042 1358 in
1068 1296 1233 1359 omnibus
1247 1304 1282 1359 et
1297 1312 1361 1375 per
1376 1296 1499 1359 omnia

265 1405 380 1484 ipsam
404 1404 566 1482 laudare,
598 1403 665 1483 ipsi
690 1402 898 1466 benedicere
923 1412 1029 1483 atque
1054 1403 1122 1483 ipsi
1146 1402 1305 1466 funditus
1330 1403 1500 1467 assentiri

264 1519 407 1574 nostras
422 1510 508 1573 eniti
526 1518 673 1573 mentes.

325 1617 428 1696 Quod
453 1616 604 1697 desuper
631 1616 676 1680 ad
700 1616 738 1680 P.
765 1614 805 1679 T.
835 1616 1060 1681 scribendum
1085 1617 1251 1695 arbitrer,
1276 1625 1502 1697 compertum

266 1724 378 1787 habeo
393 1723 492 1801 nihil,
518 1724 555 1786 ni
579 1723 750 1802 deprecer
771 1722 951 1788 Christum
972 1724 1092 1806 jesum
1118 1723 1310 1788 Dominum
1335 1733 1502 1788 nostrum

264 1830 304 1894 P.
320 1831 361 1894 T.
378 1842 483 1910 atque
503 1848 568 1893 nos
583 1847 707 1894 omnes
724 1830 830 1894 insui
846 1847 968 1894 amore
982 1840 1018 1894 et
1034 1831 1154 1910 gratia
1169 1831 1386 1911 sempiterna
1414 1849 1502 1896 con·

143 1925 147 1932 ⁸
263 1956 412 2002 seruare
427 1938 603 2017 dignetur.
619 1938 745 2001 Amen.

325 2044 552 2124 Methymnae
566 2044 703 2124 Campi,
720 2045 833 2125 pridie
848 2043 1026 2109 Calendas
1042 2044 1217 2109 Octobris,

326 2151 473 2216 Filiolus
487 2152 654 2231 indignus
669 2160 704 2214 et
720 2153 886 2216 minimus
902 2152 939 2216 P.
957 2153 998 2216 T.

881 2367 1087 2449 †Josa1·ttus
1108 2386 1156 2431 na
1178 2366 1358 2447 Acosrn†

329 2689 595 2770 Superscrrpiio
610 2689 648 2751 in
659 2696 792 2768 quarta
803 2691 960 2770 pragma:
974 2635 1058 2754 lifts.
1077 2688 1124 2754 Al
1135 2708 1220 2772 muy
1234 2690 1313 2754 R.‘¹o
1335 2693 1372 2756 in
1388 2692 1505 2757 Chro.

266 2796 393 2874 Padre,
418 2799 450 2860 el
473 2795 511 2860 P.
535 2796 600 2859 M.⁰
621 2796 760 2876 Ignatio
781 2796 825 2860 de
849 2798 986 2876 Loyola
1010 2796 1193 2877 Prepdsito
1219 2798 1376 2863 General
1399 2799 1444 2865 de
1466 2802 1504 2864 la

265 2904 465 2985 Campania
481 2904 524 2966 de
546 2904 661 2986 Jesus.

329 3012 383 3074 En
397 3010 523 3075 Roma.

327 3117 411 3180 Alia
426 3135 553 3180 manu:
571 3117 658 3180 1554.
675 3118 828 3196 Medina,
845 3120 1105 3201 quadrimestre
1120 3120 1200 3184 dell'
1218 3123 1326 3184 ult.¹¹¹o
1338 3120 1425 3186 ΒΜ

329 3224 424 3287 Nihil
439 3234 492 3287 est
508 3224 564 3287 hic
580 3225 676 3304 quod
687 3226 732 3288 ad
748 3244 954 3290 communes
969 3237 1105 3307 spectet
1119 3228 1258 3292 litteras
1275 3227 1295 3292 ¹.

340 3331 537 3410 Vestigium
551 3347 652 3394 cerae
667 3333 798 3395 rubrae
813 3339 846 3396 et
862 3333 992 3412 sigilli.

313 3607 323 3640 ¹
351 3607 398 3651 llls
408 3608 503 3653 similia
513 3605 679 3661 reperiuntur
689 3606 730 3649 lile
739 3611 911 3654 monumentis
921 3611 1099 3665 superscripta
1109 3613 1143 3654 ab
1151 3622 1189 3665 eo,
1199 3613 1241 3664 qui
1255 3612 1352 3666 primus
1362 3621 1395 3655 ea
1406 3612 1505 3657 instre-

271 3681 320 3732 vlt,
329 3685 358 3723 ut
367 3678 508 3734 inspiceret
519 3689 552 3721 an
563 3676 625 3732 qnid
635 3683 704 3719 esset
713 3680 778 3731 quod
790 3681 822 3723 ad
834 3682 968 3725 historiam
981 3682 1088 3725 laceret.
