<?xml version="1.0" encoding="UTF-8"?>
<!DOCTYPE html PUBLIC "-//W3C//DTD XHTML 1.0 Transitional//EN"
    "http://www.w3.org/TR/xhtml1/DTD/xhtml1-transitional.dtd">
<html xmlns="http://www.w3.org/1999/xhtml" xml:lang="en" lang="en">
 <head>
  <title>
</title>
<meta http-equiv="Content-Type" content="text/html;charset=utf-8" />
  <meta name='ocr-system' content='tesseract 3.04.00' />
  <meta name='ocr-capabilities' content='ocr_page ocr_carea ocr_par ocr_line ocrx_word'/>
</head>
<body>
  <div class='ocr_page' id='page_1' title='image "./litteraequadrim02jesugoog_0185.png"; bbox 0 0 3240 5386; ppageno 0'>
   <div class='ocr_carea' id='block_1_1' title="bbox 196 427 1040 495">
    <p class='ocr_par' dir='ltr' id='par_1_1' title="bbox 196 427 1040 495">
     <span class='ocr_line' id='line_1_1' title="bbox 196 427 1040 495; baseline -0.001 -10"><span class='ocrx_word' id='word_1_1' title='bbox 196 429 250 485; x_wconf 79' lang='grc'>174</span> <span class='ocrx_word' id='word_1_2' title='bbox 580 427 751 486; x_wconf 68' lang='lat' dir='ltr'>Lutetiae</span> <span class='ocrx_word' id='word_1_3' title='bbox 770 442 1040 495; x_wconf 77' lang='lat' dir='ltr'>ouanernasraas</span> 
     </span>
    </p>
   </div>
   <div class='ocr_carea' id='block_1_2' title="bbox 188 570 1429 3433">
    <p class='ocr_par' dir='ltr' id='par_1_2' title="bbox 192 570 1429 1289">
     <span class='ocr_line' id='line_1_2' title="bbox 193 570 1429 653; baseline -0.004 -17"><span class='ocrx_word' id='word_1_4' title='bbox 193 593 218 636; x_wconf 91' lang='lat' dir='ltr'>a</span> <span class='ocrx_word' id='word_1_5' title='bbox 232 575 344 637; x_wconf 85' lang='lat' dir='ltr'>fratre</span> <span class='ocrx_word' id='word_1_6' title='bbox 358 572 568 638; x_wconf 84' lang='lat' dir='ltr'>Sebastiano</span> <span class='ocrx_word' id='word_1_7' title='bbox 587 573 595 605; x_wconf 83' lang='lat'><strong>¹</strong></span> <span class='ocrx_word' id='word_1_8' title='bbox 615 574 722 650; x_wconf 88' lang='lat' dir='ltr'>edita,</span> <span class='ocrx_word' id='word_1_9' title='bbox 738 580 829 653; x_wconf 86' lang='lat' dir='ltr'>quae</span> <span class='ocrx_word' id='word_1_10' title='bbox 849 582 948 636; x_wconf 87' lang='lat' dir='ltr'>tanta</span> <span class='ocrx_word' id='word_1_11' title='bbox 963 572 1093 652; x_wconf 85' lang='lat' dir='ltr'>gratia,</span> <span class='ocrx_word' id='word_1_12' title='bbox 1111 571 1234 634; x_wconf 87' lang='lat' dir='ltr'>ordine</span> <span class='ocrx_word' id='word_1_13' title='bbox 1256 579 1292 633; x_wconf 93' lang='lat' dir='ltr'>et</span> <span class='ocrx_word' id='word_1_14' title='bbox 1305 570 1429 633; x_wconf 91' lang='lat' dir='ltr'>iucun-</span> 
     </span>
     <span class='ocr_line' id='line_1_3' title="bbox 192 676 1429 760; baseline -0.005 -16"><span class='ocrx_word' id='word_1_15' title='bbox 192 682 304 744; x_wconf 87' lang='lat' dir='ltr'><strong>ditate</strong></span> <span class='ocrx_word' id='word_1_16' title='bbox 319 692 373 745; x_wconf 92' lang='lat' dir='ltr'>est</span> <span class='ocrx_word' id='word_1_17' title='bbox 387 682 633 760; x_wconf 78' lang='lat' dir='ltr'>pronunciata,</span> <span class='ocrx_word' id='word_1_18' title='bbox 649 692 687 743; x_wconf 91' lang='lat' dir='ltr'>ut</span> <span class='ocrx_word' id='word_1_19' title='bbox 703 697 827 744; x_wconf 91' lang='lat' dir='ltr'>rursus</span> <span class='ocrx_word' id='word_1_20' title='bbox 842 688 1065 759; x_wconf 78' lang='lat' dir='ltr'>expeteretur</span> <span class='ocrx_word' id='word_1_21' title='bbox 1078 695 1120 741; x_wconf 94' lang='lat' dir='ltr'>ac</span> <span class='ocrx_word' id='word_1_22' title='bbox 1133 686 1310 756; x_wconf 85' lang='lat' dir='ltr'>ageretur.</span> <span class='ocrx_word' id='word_1_23' title='bbox 1323 676 1429 740; x_wconf 87' lang='lat' dir='ltr'>Adeo</span> 
     </span>
     <span class='ocr_line' id='line_1_4' title="bbox 195 783 1428 867; baseline -0.005 -16"><span class='ocrx_word' id='word_1_24' title='bbox 195 788 364 851; x_wconf 89' lang='lat' dir='ltr'>commoti</span> <span class='ocrx_word' id='word_1_25' title='bbox 389 787 529 851; x_wconf 83' lang='lat' dir='ltr'>fuerunt</span> <span class='ocrx_word' id='word_1_26' title='bbox 545 805 617 851; x_wconf 91' lang='lat' dir='ltr'>vna</span> <span class='ocrx_word' id='word_1_27' title='bbox 642 788 785 867; x_wconf 91' lang='lat' dir='ltr'>quidam</span> <span class='ocrx_word' id='word_1_28' title='bbox 811 787 976 850; x_wconf 89' lang='lat' dir='ltr'>honorati</span> <span class='ocrx_word' id='word_1_29' title='bbox 1000 783 1246 864; x_wconf 84' lang='lat' dir='ltr'>(interfuerunt</span> <span class='ocrx_word' id='word_1_30' title='bbox 1270 784 1364 845; x_wconf 90' lang='lat' dir='ltr'>enim</span> <span class='ocrx_word' id='word_1_31' title='bbox 1391 793 1428 846; x_wconf 92' lang='lat' dir='ltr'>et</span> 
     </span>
     <span class='ocr_line' id='line_1_5' title="bbox 194 890 1427 974; baseline -0.006 -15"><span class='ocrx_word' id='word_1_32' title='bbox 194 894 386 959; x_wconf 82' lang='lat' dir='ltr'>Senatores</span> <span class='ocrx_word' id='word_1_33' title='bbox 408 905 442 958; x_wconf 89' lang='lat' dir='ltr'>et</span> <span class='ocrx_word' id='word_1_34' title='bbox 458 895 628 959; x_wconf 90' lang='lat' dir='ltr'>Canonici</span> <span class='ocrx_word' id='word_1_35' title='bbox 651 905 756 974; x_wconf 86' lang='lat' dir='ltr'>atque</span> <span class='ocrx_word' id='word_1_36' title='bbox 772 894 948 957; x_wconf 88' lang='lat' dir='ltr'>Doctores</span> <span class='ocrx_word' id='word_1_37' title='bbox 970 904 1004 956; x_wconf 88' lang='lat' dir='ltr'>et</span> <span class='ocrx_word' id='word_1_38' title='bbox 1030 893 1175 972; x_wconf 90' lang='lat' dir='ltr'>equites;</span> <span class='ocrx_word' id='word_1_39' title='bbox 1200 902 1235 954; x_wconf 90' lang='lat' dir='ltr'>et</span> <span class='ocrx_word' id='word_1_40' title='bbox 1255 892 1329 970; x_wconf 93' lang='lat' dir='ltr'>ipse</span> <span class='ocrx_word' id='word_1_41' title='bbox 1345 890 1427 970; x_wconf 90' lang='lat' dir='ltr'>Epi·</span> 
     </span>
     <span class='ocr_line' id='line_1_6' title="bbox 194 998 1428 1083; baseline -0.005 -19"><span class='ocrx_word' id='word_1_42' title='bbox 194 1019 326 1083; x_wconf 91' lang='lat' dir='ltr'>scopus</span> <span class='ocrx_word' id='word_1_43' title='bbox 340 1001 351 1033; x_wconf 85' lang='lat'>&#39;</span> <span class='ocrx_word' id='word_1_44' title='bbox 367 1002 548 1078; x_wconf 81' lang='lat' dir='ltr'>adfuisset,</span> <span class='ocrx_word' id='word_1_45' title='bbox 565 1004 632 1066; x_wconf 88' lang='lat' dir='ltr'>nisi</span> <span class='ocrx_word' id='word_1_46' title='bbox 650 1003 753 1081; x_wconf 86' lang='lat' dir='ltr'>graui</span> <span class='ocrx_word' id='word_1_47' title='bbox 768 1013 803 1064; x_wconf 92' lang='lat' dir='ltr'>et</span> <span class='ocrx_word' id='word_1_48' title='bbox 818 1010 967 1081; x_wconf 90' lang='lat' dir='ltr'>urgente</span> <span class='ocrx_word' id='word_1_49' title='bbox 982 1002 1126 1079; x_wconf 87' lang='lat' dir='ltr'>negotio</span> <span class='ocrx_word' id='word_1_50' title='bbox 1140 998 1263 1061; x_wconf 86' lang='lat' dir='ltr'>fuisset</span> <span class='ocrx_word' id='word_1_51' title='bbox 1278 1014 1428 1060; x_wconf 90' lang='lat' dir='ltr'>reuoca·</span> 
     </span>
     <span class='ocr_line' id='line_1_7' title="bbox 194 1105 1428 1187; baseline -0.002 -17"><span class='ocrx_word' id='word_1_52' title='bbox 194 1111 276 1186; x_wconf 89' lang='lat' dir='ltr'>tus),</span> <span class='ocrx_word' id='word_1_53' title='bbox 293 1119 332 1172; x_wconf 90' lang='lat' dir='ltr'>vt</span> <span class='ocrx_word' id='word_1_54' title='bbox 347 1108 442 1172; x_wconf 88' lang='lat' dir='ltr'>Patri</span> <span class='ocrx_word' id='word_1_55' title='bbox 458 1109 626 1172; x_wconf 85' lang='lat' dir='ltr'>dicerent:</span> <span class='ocrx_word' id='word_1_56' title='bbox 651 1126 744 1172; x_wconf 89' lang='lat' dir='ltr'>nunc</span> <span class='ocrx_word' id='word_1_57' title='bbox 766 1126 852 1171; x_wconf 89' lang='lat' dir='ltr'>sane</span> <span class='ocrx_word' id='word_1_58' title='bbox 873 1126 911 1170; x_wconf 91' lang='lat' dir='ltr'>re</span> <span class='ocrx_word' id='word_1_59' title='bbox 931 1108 1008 1187; x_wconf 92' lang='lat' dir='ltr'>ipsa</span> <span class='ocrx_word' id='word_1_60' title='bbox 1025 1105 1262 1185; x_wconf 90' lang='lat' dir='ltr'>comperimus</span> <span class='ocrx_word' id='word_1_61' title='bbox 1282 1112 1428 1167; x_wconf 88' lang='lat' dir='ltr'>vestros</span> 
     </span>
     <span class='ocr_line' id='line_1_8' title="bbox 192 1214 1115 1289; baseline -0.002 -12"><span class='ocrx_word' id='word_1_62' title='bbox 192 1216 334 1279; x_wconf 91' lang='lat' dir='ltr'>labores</span> <span class='ocrx_word' id='word_1_63' title='bbox 349 1226 384 1277; x_wconf 90' lang='lat' dir='ltr'>et</span> <span class='ocrx_word' id='word_1_64' title='bbox 399 1217 546 1279; x_wconf 87' lang='lat' dir='ltr'>sudores</span> <span class='ocrx_word' id='word_1_65' title='bbox 561 1218 597 1279; x_wconf 92' lang='lat' dir='ltr'>in</span> <span class='ocrx_word' id='word_1_66' title='bbox 612 1218 792 1281; x_wconf 90' lang='lat' dir='ltr'>iuuentute</span> <span class='ocrx_word' id='word_1_67' title='bbox 807 1214 1031 1289; x_wconf 89' lang='lat' dir='ltr'>instituenda,</span> <span class='ocrx_word' id='word_1_68' title='bbox 1050 1223 1115 1276; x_wconf 90' lang='lat' dir='ltr'>etc.</span> 
     </span>
    </p>

    <p class='ocr_par' dir='ltr' id='par_1_3' title="bbox 191 1320 1427 1830">
     <span class='ocr_line' id='line_1_9' title="bbox 253 1320 1427 1400; baseline -0.004 -16"><span class='ocrx_word' id='word_1_69' title='bbox 253 1322 361 1385; x_wconf 91' lang='lat' dir='ltr'>Horis</span> <span class='ocrx_word' id='word_1_70' title='bbox 376 1324 675 1397; x_wconf 86' lang='lat' dir='ltr'>antemeridianis,</span> <span class='ocrx_word' id='word_1_71' title='bbox 689 1324 794 1386; x_wconf 89' lang='lat' dir='ltr'>vnius</span> <span class='ocrx_word' id='word_1_72' title='bbox 808 1323 918 1385; x_wconf 90' lang='lat' dir='ltr'>horae</span> <span class='ocrx_word' id='word_1_73' title='bbox 933 1332 968 1383; x_wconf 89' lang='lat' dir='ltr'>et</span> <span class='ocrx_word' id='word_1_74' title='bbox 987 1323 1066 1400; x_wconf 92' lang='lat' dir='ltr'>plus</span> <span class='ocrx_word' id='word_1_75' title='bbox 1089 1320 1277 1396; x_wconf 88' lang='lat' dir='ltr'>curriculo,</span> <span class='ocrx_word' id='word_1_76' title='bbox 1293 1333 1427 1397; x_wconf 88' lang='lat' dir='ltr'>proue-</span> 
     </span>
     <span class='ocr_line' id='line_1_10' title="bbox 192 1425 1427 1511; baseline -0.006 -18"><span class='ocrx_word' id='word_1_77' title='bbox 192 1430 367 1493; x_wconf 86' lang='lat' dir='ltr'>ctioribus</span> <span class='ocrx_word' id='word_1_78' title='bbox 388 1430 556 1493; x_wconf 89' lang='lat' dir='ltr'>studiosis</span> <span class='ocrx_word' id='word_1_79' title='bbox 581 1432 716 1511; x_wconf 90' lang='lat' dir='ltr'>primae</span> <span class='ocrx_word' id='word_1_80' title='bbox 739 1430 864 1493; x_wconf 89' lang='lat' dir='ltr'>classis</span> <span class='ocrx_word' id='word_1_81' title='bbox 879 1439 1002 1509; x_wconf 90' lang='lat' dir='ltr'>repeto</span> <span class='ocrx_word' id='word_1_82' title='bbox 1019 1429 1171 1490; x_wconf 89' lang='lat' dir='ltr'>breuiter</span> <span class='ocrx_word' id='word_1_83' title='bbox 1186 1425 1427 1489; x_wconf 88' lang='lat' dir='ltr'>institutiones</span> 
     </span>
     <span class='ocr_line' id='line_1_11' title="bbox 191 1531 1426 1617; baseline -0.006 -17"><span class='ocrx_word' id='word_1_84' title='bbox 191 1537 460 1616; x_wconf 60' lang='lat' dir='ltr'>grammaticae</span> <span class='ocrx_word' id='word_1_85' title='bbox 478 1539 645 1616; x_wconf 84' lang='lat' dir='ltr'>praelego</span> <span class='ocrx_word' id='word_1_86' title='bbox 661 1539 812 1617; x_wconf 91' lang='lat' dir='ltr'>primam</span> <span class='ocrx_word' id='word_1_87' title='bbox 827 1536 1077 1600; x_wconf 89' lang='lat' dir='ltr'>Demosthenis</span> <span class='ocrx_word' id='word_1_88' title='bbox 1091 1533 1334 1612; x_wconf 90' lang='lat' dir='ltr'>Philippicam.</span> <span class='ocrx_word' id='word_1_89' title='bbox 1351 1531 1426 1593; x_wconf 92' lang='lat' dir='ltr'>Ho-</span> 
     </span>
     <span class='ocr_line' id='line_1_12' title="bbox 192 1641 1425 1724; baseline -0.005 -18"><span class='ocrx_word' id='word_1_90' title='bbox 192 1644 244 1706; x_wconf 91' lang='lat' dir='ltr'>ris</span> <span class='ocrx_word' id='word_1_91' title='bbox 268 1661 376 1724; x_wconf 93' lang='lat' dir='ltr'>porro</span> <span class='ocrx_word' id='word_1_92' title='bbox 402 1644 666 1723; x_wconf 67' lang='lat' dir='ltr'>pomeridianis</span> <span class='ocrx_word' id='word_1_93' title='bbox 694 1645 844 1707; x_wconf 88' lang='lat' dir='ltr'>duarum</span> <span class='ocrx_word' id='word_1_94' title='bbox 867 1644 1034 1706; x_wconf 89' lang='lat' dir='ltr'>horarum</span> <span class='ocrx_word' id='word_1_95' title='bbox 1060 1641 1259 1716; x_wconf 87' lang='lat' dir='ltr'>interuallo,</span> <span class='ocrx_word' id='word_1_96' title='bbox 1289 1656 1425 1701; x_wconf 90' lang='lat' dir='ltr'>enarro</span> 
     </span>
     <span class='ocr_line' id='line_1_13' title="bbox 192 1749 1136 1830; baseline -0.003 -16"><span class='ocrx_word' id='word_1_97' title='bbox 192 1749 359 1814; x_wconf 90' lang='lat' dir='ltr'>Isocratis</span> <span class='ocrx_word' id='word_1_98' title='bbox 374 1752 569 1815; x_wconf 88' lang='lat' dir='ltr'>orationem</span> <span class='ocrx_word' id='word_1_99' title='bbox 584 1752 628 1815; x_wconf 90' lang='lat' dir='ltr'>de</span> <span class='ocrx_word' id='word_1_100' title='bbox 643 1767 753 1830; x_wconf 89' lang='lat' dir='ltr'>regno</span> <span class='ocrx_word' id='word_1_101' title='bbox 768 1761 802 1813; x_wconf 91' lang='lat' dir='ltr'>et</span> <span class='ocrx_word' id='word_1_102' title='bbox 816 1750 999 1814; x_wconf 87' lang='lat' dir='ltr'>Ciceronis</span> <span class='ocrx_word' id='word_1_103' title='bbox 1011 1749 1136 1812; x_wconf 86' lang='lat' dir='ltr'>officia.</span> 
     </span>
    </p>

    <p class='ocr_par' dir='ltr' id='par_1_4' title="bbox 188 1855 1424 2348">
     <span class='ocr_line' id='line_1_14' title="bbox 253 1855 1424 1922; baseline -0.003 -1"><span class='ocrx_word' id='word_1_104' title='bbox 253 1857 378 1921; x_wconf 91' lang='lat' dir='ltr'>Frater</span> <span class='ocrx_word' id='word_1_105' title='bbox 402 1857 632 1922; x_wconf 83' lang='lat' dir='ltr'>Sebastianus</span> <span class='ocrx_word' id='word_1_106' title='bbox 666 1858 764 1921; x_wconf 92' lang='lat' dir='ltr'>boris</span> <span class='ocrx_word' id='word_1_107' title='bbox 802 1857 1090 1921; x_wconf 85' lang='lat' dir='ltr'>antemeridianis</span> <span class='ocrx_word' id='word_1_108' title='bbox 1119 1855 1424 1919; x_wconf 89' lang='lat' dir='ltr'>constructionem</span> 
     </span>
     <span class='ocr_line' id='line_1_15' title="bbox 190 1960 1421 2045; baseline -0.001 -19"><span class='ocrx_word' id='word_1_109' title='bbox 190 1966 380 2028; x_wconf 90' lang='lat' dir='ltr'>uerborum</span> <span class='ocrx_word' id='word_1_110' title='bbox 395 1976 429 2028; x_wconf 86' lang='lat' dir='ltr'>et</span> <span class='ocrx_word' id='word_1_111' title='bbox 445 1965 638 2028; x_wconf 90' lang='lat' dir='ltr'>secundum</span> <span class='ocrx_word' id='word_1_112' title='bbox 652 1965 779 2027; x_wconf 90' lang='lat' dir='ltr'>librum</span> <span class='ocrx_word' id='word_1_113' title='bbox 794 1965 1023 2045; x_wconf 89' lang='lat' dir='ltr'>epistolarum</span> <span class='ocrx_word' id='word_1_114' title='bbox 1034 1963 1260 2026; x_wconf 86' lang='lat' dir='ltr'>familiarium</span> <span class='ocrx_word' id='word_1_115' title='bbox 1272 1960 1284 1992; x_wconf 79' lang='lat'>³</span> <span class='ocrx_word' id='word_1_116' title='bbox 1297 1962 1421 2035; x_wconf 86' lang='lat' dir='ltr'>tradit,</span> 
     </span>
     <span class='ocr_line' id='line_1_16' title="bbox 193 2070 1424 2152; baseline -0.002 -19"><span class='ocrx_word' id='word_1_117' title='bbox 193 2082 239 2149; x_wconf 88' lang='lat' dir='ltr'>et,</span> <span class='ocrx_word' id='word_1_118' title='bbox 258 2071 339 2135; x_wconf 92' lang='lat' dir='ltr'>dum</span> <span class='ocrx_word' id='word_1_119' title='bbox 355 2073 431 2134; x_wconf 91' lang='lat' dir='ltr'>eius</span> <span class='ocrx_word' id='word_1_120' title='bbox 446 2071 608 2152; x_wconf 88' lang='lat' dir='ltr'>discipuli</span> <span class='ocrx_word' id='word_1_121' title='bbox 623 2073 863 2152; x_wconf 88' lang='lat' dir='ltr'>prouectiores</span> <span class='ocrx_word' id='word_1_122' title='bbox 878 2072 963 2134; x_wconf 92' lang='lat' dir='ltr'>mihi</span> <span class='ocrx_word' id='word_1_123' title='bbox 979 2072 1064 2133; x_wconf 92' lang='lat' dir='ltr'>dant</span> <span class='ocrx_word' id='word_1_124' title='bbox 1085 2086 1240 2149; x_wconf 90' lang='lat' dir='ltr'>operam,</span> <span class='ocrx_word' id='word_1_125' title='bbox 1257 2070 1424 2131; x_wconf 89' lang='lat' dir='ltr'>enucleat</span> 
     </span>
     <span class='ocr_line' id='line_1_17' title="bbox 188 2175 1422 2258; baseline -0.002 -19"><span class='ocrx_word' id='word_1_126' title='bbox 188 2178 342 2240; x_wconf 89' lang='lat' dir='ltr'>caeteris</span> <span class='ocrx_word' id='word_1_127' title='bbox 357 2179 537 2241; x_wconf 89' lang='lat' dir='ltr'>nominum</span> <span class='ocrx_word' id='word_1_128' title='bbox 552 2195 697 2256; x_wconf 86' lang='lat' dir='ltr'>genera.</span> <span class='ocrx_word' id='word_1_129' title='bbox 714 2178 865 2258; x_wconf 87' lang='lat' dir='ltr'>Vesperi</span> <span class='ocrx_word' id='word_1_130' title='bbox 880 2177 1071 2257; x_wconf 84' lang='lat' dir='ltr'>Virgilium</span> <span class='ocrx_word' id='word_1_131' title='bbox 1094 2186 1200 2256; x_wconf 91' lang='lat' dir='ltr'>atque</span> <span class='ocrx_word' id='word_1_132' title='bbox 1215 2175 1422 2238; x_wconf 87' lang='lat' dir='ltr'>Terentium</span> 
     </span>
     <span class='ocr_line' id='line_1_18' title="bbox 189 2286 795 2348; baseline -0.002 -3"><span class='ocrx_word' id='word_1_133' title='bbox 189 2293 227 2345; x_wconf 87' lang='lat' dir='ltr'>et</span> <span class='ocrx_word' id='word_1_134' title='bbox 242 2294 355 2347; x_wconf 91' lang='lat' dir='ltr'>artem</span> <span class='ocrx_word' id='word_1_135' title='bbox 370 2286 664 2348; x_wconf 87' lang='lat' dir='ltr'>versificatoriam</span> <span class='ocrx_word' id='word_1_136' title='bbox 680 2286 795 2348; x_wconf 92' lang='lat' dir='ltr'>docet.</span> 
     </span>
    </p>

    <p class='ocr_par' dir='ltr' id='par_1_5' title="bbox 190 2390 1421 2881">
     <span class='ocr_line' id='line_1_19' title="bbox 250 2390 1419 2471; baseline 0.002 -19"><span class='ocrx_word' id='word_1_137' title='bbox 250 2390 377 2454; x_wconf 91' lang='lat' dir='ltr'>Frater</span> <span class='ocrx_word' id='word_1_138' title='bbox 401 2390 559 2471; x_wconf 88' lang='lat' dir='ltr'>Baptista</span> <span class='ocrx_word' id='word_1_139' title='bbox 583 2409 687 2454; x_wconf 86' lang='lat' dir='ltr'>mane</span> <span class='ocrx_word' id='word_1_140' title='bbox 713 2390 843 2454; x_wconf 89' lang='lat' dir='ltr'>Donati</span> <span class='ocrx_word' id='word_1_141' title='bbox 869 2391 1011 2454; x_wconf 77' lang='lat' dir='ltr'>diocto</span> <span class='ocrx_word' id='word_1_142' title='bbox 1032 2390 1200 2469; x_wconf 83' lang='lat' dir='ltr'>partibus</span> <span class='ocrx_word' id='word_1_143' title='bbox 1222 2390 1379 2454; x_wconf 90' lang='lat' dir='ltr'>libellum</span> <span class='ocrx_word' id='word_1_144' title='bbox 1395 2390 1419 2467; x_wconf 79' lang='lat'>⁴,</span> 
     </span>
     <span class='ocr_line' id='line_1_20' title="bbox 192 2495 1419 2577; baseline 0.001 -19"><span class='ocrx_word' id='word_1_145' title='bbox 192 2496 374 2559; x_wconf 89' lang='lat' dir='ltr'>nominum</span> <span class='ocrx_word' id='word_1_146' title='bbox 388 2514 533 2576; x_wconf 84' lang='lat' dir='ltr'>genera,</span> <span class='ocrx_word' id='word_1_147' title='bbox 556 2509 590 2560; x_wconf 93' lang='lat' dir='ltr'>et</span> <span class='ocrx_word' id='word_1_148' title='bbox 610 2498 757 2561; x_wconf 84' lang='lat' dir='ltr'>Catonis</span> <span class='ocrx_word' id='word_1_149' title='bbox 777 2499 929 2561; x_wconf 89' lang='lat' dir='ltr'>disticha</span> <span class='ocrx_word' id='word_1_150' title='bbox 945 2495 956 2527; x_wconf 82' lang='lat'>³</span> <span class='ocrx_word' id='word_1_151' title='bbox 971 2498 1136 2577; x_wconf 85' lang='lat' dir='ltr'>explicat.</span> <span class='ocrx_word' id='word_1_152' title='bbox 1160 2496 1312 2576; x_wconf 89' lang='lat' dir='ltr'>Vesperi</span> <span class='ocrx_word' id='word_1_153' title='bbox 1330 2514 1419 2560; x_wconf 84' lang='lat' dir='ltr'>vero</span> 
     </span>
     <span class='ocr_line' id='line_1_21' title="bbox 191 2602 1418 2681; baseline 0.001 -16"><span class='ocrx_word' id='word_1_154' title='bbox 191 2605 335 2681; x_wconf 82' lang='lat' dir='ltr'>regulas</span> <span class='ocrx_word' id='word_1_155' title='bbox 353 2603 504 2668; x_wconf 89' lang='lat' dir='ltr'>Guarlni</span> <span class='ocrx_word' id='word_1_156' title='bbox 521 2602 762 2667; x_wconf 78' lang='lat' dir='ltr'>Veronensis⁶</span> <span class='ocrx_word' id='word_1_157' title='bbox 786 2616 820 2667; x_wconf 92' lang='lat' dir='ltr'>et</span> <span class='ocrx_word' id='word_1_158' title='bbox 844 2605 1020 2666; x_wconf 80' lang='lat' dir='ltr'>Andriam</span> <span class='ocrx_word' id='word_1_159' title='bbox 1035 2603 1192 2667; x_wconf 89' lang='lat' dir='ltr'>Terentii</span> <span class='ocrx_word' id='word_1_160' title='bbox 1207 2613 1364 2667; x_wconf 87' lang='lat' dir='ltr'>enarrat:</span> <span class='ocrx_word' id='word_1_161' title='bbox 1382 2605 1418 2666; x_wconf 90' lang='lat' dir='ltr'>in</span> 
     </span>
     <span class='ocr_line' id='line_1_22' title="bbox 192 2710 1421 2791; baseline 0.001 -19"><span class='ocrx_word' id='word_1_162' title='bbox 192 2711 317 2773; x_wconf 89' lang='lat' dir='ltr'>vltima</span> <span class='ocrx_word' id='word_1_163' title='bbox 346 2710 487 2774; x_wconf 90' lang='lat' dir='ltr'>demum</span> <span class='ocrx_word' id='word_1_164' title='bbox 513 2714 700 2775; x_wconf 87' lang='lat' dir='ltr'>traduntur</span> <span class='ocrx_word' id='word_1_165' title='bbox 731 2712 944 2774; x_wconf 88' lang='lat' dir='ltr'>incunabula</span> <span class='ocrx_word' id='word_1_166' title='bbox 970 2713 1112 2791; x_wconf 83' lang='lat' dir='ltr'>linguae</span> <span class='ocrx_word' id='word_1_167' title='bbox 1137 2712 1268 2774; x_wconf 88' lang='lat' dir='ltr'>latinae</span> <span class='ocrx_word' id='word_1_168' title='bbox 1296 2721 1331 2774; x_wconf 90' lang='lat' dir='ltr'>et</span> <span class='ocrx_word' id='word_1_169' title='bbox 1360 2729 1421 2774; x_wconf 91' lang='lat' dir='ltr'>ru·</span> 
     </span>
     <span class='ocr_line' id='line_1_23' title="bbox 190 2816 362 2881; baseline 0.012 -3"><span class='ocrx_word' id='word_1_170' title='bbox 190 2816 362 2881; x_wconf 90' lang='lat' dir='ltr'>dimenta.</span> 
     </span>
    </p>

    <p class='ocr_par' dir='ltr' id='par_1_6' title="bbox 189 2924 1424 3433">
     <span class='ocr_line' id='line_1_24' title="bbox 253 2924 1421 3011; baseline 0.001 -25"><span class='ocrx_word' id='word_1_171' title='bbox 253 2925 351 2987; x_wconf 89' lang='lat' dir='ltr'>Hora</span> <span class='ocrx_word' id='word_1_172' title='bbox 367 2927 480 3005; x_wconf 93' lang='lat' dir='ltr'>prima</span> <span class='ocrx_word' id='word_1_173' title='bbox 502 2928 667 3006; x_wconf 82' lang='lat' dir='ltr'>praelego</span> <span class='ocrx_word' id='word_1_174' title='bbox 683 2925 851 2988; x_wconf 86' lang='lat' dir='ltr'>frutribus</span> <span class='ocrx_word' id='word_1_175' title='bbox 866 2927 1008 2988; x_wconf 86' lang='lat' dir='ltr'>tertium</span> <span class='ocrx_word' id='word_1_176' title='bbox 1030 2927 1157 3011; x_wconf 83' lang='lat' dir='ltr'>librum</span> <span class='ocrx_word' id='word_1_177' title='bbox 1172 2924 1272 2988; x_wconf 88' lang='lat' dir='ltr'>Fabii</span> <span class='ocrx_word' id='word_1_178' title='bbox 1291 2925 1312 2987; x_wconf 72' lang='lat'>¹:</span> <span class='ocrx_word' id='word_1_179' title='bbox 1331 2926 1421 2988; x_wconf 83' lang='lat' dir='ltr'>hora</span> 
     </span>
     <span class='ocr_line' id='line_1_25' title="bbox 192 3030 1423 3112; baseline 0.002 -21"><span class='ocrx_word' id='word_1_180' title='bbox 192 3032 348 3094; x_wconf 86' lang='lat' dir='ltr'>secunda</span> <span class='ocrx_word' id='word_1_181' title='bbox 364 3051 474 3112; x_wconf 92' lang='lat' dir='ltr'>usque</span> <span class='ocrx_word' id='word_1_182' title='bbox 489 3033 533 3094; x_wconf 92' lang='lat' dir='ltr'>ad</span> <span class='ocrx_word' id='word_1_183' title='bbox 554 3035 696 3096; x_wconf 89' lang='lat' dir='ltr'>tertiam</span> <span class='ocrx_word' id='word_1_184' title='bbox 717 3033 953 3096; x_wconf 89' lang='lat' dir='ltr'>institutiones</span> <span class='ocrx_word' id='word_1_185' title='bbox 973 3032 1138 3096; x_wconf 87' lang='lat' dir='ltr'>Clenardi</span> <span class='ocrx_word' id='word_1_186' title='bbox 1152 3030 1175 3099; x_wconf 71' lang='lat'>³.</span> <span class='ocrx_word' id='word_1_187' title='bbox 1197 3045 1231 3095; x_wconf 87' lang='lat' dir='ltr'>et</span> <span class='ocrx_word' id='word_1_188' title='bbox 1251 3033 1423 3095; x_wconf 89' lang='lat' dir='ltr'>Isocratis</span> 
     </span>
     <span class='ocr_line' id='line_1_26' title="bbox 191 3138 1422 3216; baseline 0.003 -17"><span class='ocrx_word' id='word_1_189' title='bbox 191 3138 344 3216; x_wconf 90' lang='lat' dir='ltr'>primam</span> <span class='ocrx_word' id='word_1_190' title='bbox 369 3141 575 3202; x_wconf 88' lang='lat' dir='ltr'>orationem.</span> <span class='ocrx_word' id='word_1_191' title='bbox 604 3140 792 3202; x_wconf 88' lang='lat' dir='ltr'>Caeterum</span> <span class='ocrx_word' id='word_1_192' title='bbox 815 3157 894 3202; x_wconf 88' lang='lat' dir='ltr'>cum</span> <span class='ocrx_word' id='word_1_193' title='bbox 922 3141 1078 3202; x_wconf 89' lang='lat' dir='ltr'>intuerer</span> <span class='ocrx_word' id='word_1_194' title='bbox 1104 3151 1176 3202; x_wconf 91' lang='lat' dir='ltr'>tum</span> <span class='ocrx_word' id='word_1_195' title='bbox 1191 3139 1321 3202; x_wconf 88' lang='lat' dir='ltr'>fratres</span> <span class='ocrx_word' id='word_1_196' title='bbox 1346 3152 1422 3203; x_wconf 91' lang='lat' dir='ltr'>tum</span> 
     </span>
     <span class='ocr_line' id='line_1_27' title="bbox 193 3243 1423 3326; baseline 0.004 -21"><span class='ocrx_word' id='word_1_197' title='bbox 193 3243 332 3308; x_wconf 91' lang='lat' dir='ltr'>Patrem</span> <span class='ocrx_word' id='word_1_198' title='bbox 359 3246 462 3308; x_wconf 90' lang='lat' dir='ltr'>huius</span> <span class='ocrx_word' id='word_1_199' title='bbox 487 3248 575 3309; x_wconf 91' lang='lat' dir='ltr'>artis</span> <span class='ocrx_word' id='word_1_200' title='bbox 601 3249 778 3310; x_wconf 85' lang='lat' dir='ltr'>oratoriae</span> <span class='ocrx_word' id='word_1_201' title='bbox 803 3247 1184 3326; x_wconf 70' lang='lat' dir='ltr'>perstudiosos,&#39;statui</span> <span class='ocrx_word' id='word_1_202' title='bbox 1211 3248 1423 3325; x_wconf 90' lang='lat' dir='ltr'>partitiones</span> 
     </span>
     <span class='ocr_line' id='line_1_28' title="bbox 189 3350 1424 3433; baseline 0.004 -21"><span class='ocrx_word' id='word_1_203' title='bbox 189 3350 551 3431; x_wconf 80' lang='lat' dir='ltr'>oratorias⁹addere,</span> <span class='ocrx_word' id='word_1_204' title='bbox 572 3354 698 3431; x_wconf 87' lang='lat' dir='ltr'>quibus</span> <span class='ocrx_word' id='word_1_205' title='bbox 722 3352 805 3415; x_wconf 88' lang='lat' dir='ltr'>nibil</span> <span class='ocrx_word' id='word_1_206' title='bbox 832 3353 1114 3432; x_wconf 86' lang='lat' dir='ltr'>magnificentius</span> <span class='ocrx_word' id='word_1_207' title='bbox 1140 3366 1173 3417; x_wconf 94' lang='lat' dir='ltr'>et</span> <span class='ocrx_word' id='word_1_208' title='bbox 1200 3356 1424 3433; x_wconf 84' lang='lat' dir='ltr'>praeclarius</span> 
     </span>
    </p>
   </div>
   <div class='ocr_carea' id='block_1_3' title="bbox 184 3572 1424 4569">
    <p class='ocr_par' dir='ltr' id='par_1_7' title="bbox 202 3572 1421 3638">
     <span class='ocr_line' id='line_1_29' title="bbox 202 3572 1421 3638; baseline 0.004 -13"><span class='ocrx_word' id='word_1_209' title='bbox 202 3572 205 3579; x_wconf 77' lang='grc'><strong>’</strong></span> <span class='ocrx_word' id='word_1_210' title='bbox 231 3585 238 3615; x_wconf 87' lang='lat'><strong>¹</strong></span> <span class='ocrx_word' id='word_1_211' title='bbox 268 3582 355 3637; x_wconf 86' lang='lat' dir='ltr'>Neque</span> <span class='ocrx_word' id='word_1_212' title='bbox 367 3584 442 3638; x_wconf 77' lang='lat' dir='ltr'>hujus</span> <span class='ocrx_word' id='word_1_213' title='bbox 453 3595 594 3637; x_wconf 82' lang='lat' dir='ltr'>cognomen</span> <span class='ocrx_word' id='word_1_214' title='bbox 606 3585 689 3637; x_wconf 87' lang='lat' dir='ltr'>aperit</span> <span class='ocrx_word' id='word_1_215' title='bbox 707 3583 839 3627; x_wconf 67' lang='lat' dir='ltr'>Porticus</span> <span class='ocrx_word' id='word_1_216' title='bbox 857 3586 881 3628; x_wconf 89' lang='lat' dir='ltr'>in</span> <span class='ocrx_word' id='word_1_217' title='bbox 898 3586 1023 3629; x_wconf 83' lang='lat' dir='ltr'>Ciironi&#39;co</span> <span class='ocrx_word' id='word_1_218' title='bbox 1040 3593 1065 3628; x_wconf 91' lang='lat' dir='ltr'>et</span> <span class='ocrx_word' id='word_1_219' title='bbox 1083 3588 1108 3628; x_wconf 90' lang='lat' dir='ltr'>in</span> <span class='ocrx_word' id='word_1_220' title='bbox 1119 3586 1223 3637; x_wconf 81' lang='lat' dir='ltr'>litteris,</span> <span class='ocrx_word' id='word_1_221' title='bbox 1236 3598 1268 3629; x_wconf 79' lang='lat' dir='ltr'>ax</span> <span class='ocrx_word' id='word_1_222' title='bbox 1288 3597 1364 3638; x_wconf 68' lang='lat' dir='ltr'>cam„</span> <span class='ocrx_word' id='word_1_223' title='bbox 1387 3590 1421 3631; x_wconf 77' lang='lat' dir='ltr'>:iil</span> 
     </span>
    </p>

    <p class='ocr_par' dir='ltr' id='par_1_8' title="bbox 191 3654 620 3700">
     <span class='ocr_line' id='line_1_30' title="bbox 191 3654 620 3700; baseline 0.007 -3"><span class='ocrx_word' id='word_1_224' title='bbox 191 3655 218 3698; x_wconf 89' lang='lat' dir='ltr'>P.</span> <span class='ocrx_word' id='word_1_225' title='bbox 230 3654 397 3700; x_wconf 79' lang='lat' dir='ltr'>Franciscum</span> <span class='ocrx_word' id='word_1_226' title='bbox 410 3657 533 3700; x_wconf 88' lang='lat' dir='ltr'>Palmium</span> <span class='ocrx_word' id='word_1_227' title='bbox 546 3657 620 3700; x_wconf 82' lang='lat' dir='ltr'>datis.</span> 
     </span>
    </p>

    <p class='ocr_par' dir='ltr' id='par_1_9' title="bbox 230 3727 708 3782">
     <span class='ocr_line' id='line_1_31' title="bbox 230 3727 708 3782; baseline -0.002 -10"><span class='ocrx_word' id='word_1_228' title='bbox 230 3728 240 3756; x_wconf 74' lang='lat'><strong>²</strong></span> <span class='ocrx_word' id='word_1_229' title='bbox 267 3727 379 3778; x_wconf 80' lang='lat' dir='ltr'>‚loannes</span> <span class='ocrx_word' id='word_1_230' title='bbox 391 3728 542 3782; x_wconf 78' lang='lat' dir='ltr'>Campeggi,</span> <span class='ocrx_word' id='word_1_231' title='bbox 552 3728 708 3772; x_wconf 79' lang='lat' dir='ltr'>Caidtnalis.</span> 
     </span>
    </p>

    <p class='ocr_par' dir='ltr' id='par_1_10' title="bbox 229 3797 408 3844">
     <span class='ocr_line' id='line_1_32' title="bbox 229 3797 408 3844; baseline 0.017 -3"><span class='ocrx_word' id='word_1_232' title='bbox 229 3799 240 3829; x_wconf 68' lang='grc' dir='ltr'><strong>ὓ</strong></span> <span class='ocrx_word' id='word_1_233' title='bbox 268 3797 408 3844; x_wconf 89' lang='lat' dir='ltr'>Ciceronis.</span> 
     </span>
    </p>

    <p class='ocr_par' dir='ltr' id='par_1_11' title="bbox 228 3871 623 3926">
     <span class='ocr_line' id='line_1_33' title="bbox 228 3871 623 3926; baseline 0.003 -11"><span class='ocrx_word' id='word_1_234' title='bbox 228 3875 240 3904; x_wconf 69' lang='lat'>⁴</span> <span class='ocrx_word' id='word_1_235' title='bbox 268 3871 335 3915; x_wconf 87' lang='lat' dir='ltr'>Vide</span> <span class='ocrx_word' id='word_1_236' title='bbox 345 3883 433 3926; x_wconf 86' lang='lat' dir='ltr'>supra,</span> <span class='ocrx_word' id='word_1_237' title='bbox 448 3879 465 3915; x_wconf 84' lang='lat' dir='ltr'>t.</span> <span class='ocrx_word' id='word_1_238' title='bbox 478 3884 493 3921; x_wconf 82' lang='lat' dir='ltr'>i.</span> <span class='ocrx_word' id='word_1_239' title='bbox 502 3884 564 3926; x_wconf 77' lang='lat' dir='ltr'>pag.</span> <span class='ocrx_word' id='word_1_240' title='bbox 576 3873 623 3916; x_wconf 66' lang='lat' dir='ltr'>aa.</span> 
     </span>
    </p>

    <p class='ocr_par' dir='ltr' id='par_1_12' title="bbox 187 3942 1421 4069">
     <span class='ocr_line' id='line_1_34' title="bbox 226 3942 1421 4003; baseline 0.005 -17"><span class='ocrx_word' id='word_1_241' title='bbox 226 3942 237 3973; x_wconf 78' lang='lat'><strong>⁵</strong></span> <span class='ocrx_word' id='word_1_242' title='bbox 266 3943 375 3987; x_wconf 77' lang='lat' dir='ltr'>Catonis</span> <span class='ocrx_word' id='word_1_243' title='bbox 388 3943 508 3987; x_wconf 73' lang='lat' dir='ltr'>Disticha</span> <span class='ocrx_word' id='word_1_244' title='bbox 521 3946 635 3986; x_wconf 86' lang='lat' dir='ltr'>moralia</span> <span class='ocrx_word' id='word_1_245' title='bbox 646 3957 706 3987; x_wconf 83' lang='lat' dir='ltr'>cum</span> <span class='ocrx_word' id='word_1_246' title='bbox 718 3946 826 3989; x_wconf 76' lang='lat' dir='ltr'>scholiis</span> <span class='ocrx_word' id='word_1_247' title='bbox 837 3945 900 3989; x_wconf 81' lang='lat' dir='ltr'>Des.</span> <span class='ocrx_word' id='word_1_248' title='bbox 921 3946 1029 3989; x_wconf 72' lang='lat' dir='ltr'>Erasini</span> <span class='ocrx_word' id='word_1_249' title='bbox 1049 3946 1229 3989; x_wconf 80' lang='lat' dir='ltr'>Rntrroiiami.</span> <span class='ocrx_word' id='word_1_250' title='bbox 1248 3946 1314 3990; x_wconf 85' lang='lat' dir='ltr'>Vide</span> <span class='ocrx_word' id='word_1_251' title='bbox 1329 3959 1421 4003; x_wconf 78' lang='lat' dir='ltr'>supra,</span> 
     </span>
     <span class='ocr_line' id='line_1_35' title="bbox 187 4017 454 4069; baseline 0.007 -12"><span class='ocrx_word' id='word_1_252' title='bbox 187 4021 206 4057; x_wconf 89' lang='lat' dir='ltr'>t.</span> <span class='ocrx_word' id='word_1_253' title='bbox 218 4024 235 4062; x_wconf 84' lang='lat' dir='ltr'>t.</span> <span class='ocrx_word' id='word_1_254' title='bbox 246 4027 306 4069; x_wconf 76' lang='lat' dir='ltr'>pag.</span> <span class='ocrx_word' id='word_1_255' title='bbox 320 4017 360 4059; x_wconf 69' lang='lat'>62¹7</span> <span class='ocrx_word' id='word_1_256' title='bbox 371 4023 396 4060; x_wconf 82' lang='lat' dir='ltr'>et</span> <span class='ocrx_word' id='word_1_257' title='bbox 406 4017 454 4059; x_wconf 72' lang='lat'>077.</span> 
     </span>
    </p>

    <p class='ocr_par' dir='ltr' id='par_1_13' title="bbox 184 4084 1424 4500">
     <span class='ocr_line' id='line_1_36' title="bbox 225 4084 1422 4144; baseline 0.003 -14"><span class='ocrx_word' id='word_1_258' title='bbox 225 4084 237 4117; x_wconf 76' lang='lat'><strong>⁰</strong></span> <span class='ocrx_word' id='word_1_259' title='bbox 264 4087 336 4131; x_wconf 88' lang='lat' dir='ltr'>Nunc</span> <span class='ocrx_word' id='word_1_260' title='bbox 348 4089 452 4131; x_wconf 81' lang='lat' dir='ltr'>tandem</span> <span class='ocrx_word' id='word_1_261' title='bbox 462 4095 533 4131; x_wconf 79' lang='lat' dir='ltr'>certo</span> <span class='ocrx_word' id='word_1_262' title='bbox 544 4089 673 4132; x_wconf 82' lang='lat' dir='ltr'>affirmare</span> <span class='ocrx_word' id='word_1_263' title='bbox 684 4100 818 4143; x_wconf 86' lang='lat' dir='ltr'>possumus</span> <span class='ocrx_word' id='word_1_264' title='bbox 829 4091 945 4143; x_wconf 85' lang='lat' dir='ltr'>quisnam</span> <span class='ocrx_word' id='word_1_265' title='bbox 958 4092 1000 4133; x_wconf 84' lang='lat' dir='ltr'>ille</span> <span class='ocrx_word' id='word_1_266' title='bbox 1011 4091 1197 4143; x_wconf 79' lang='lat' dir='ltr'>grammaticus</span> <span class='ocrx_word' id='word_1_267' title='bbox 1207 4091 1249 4141; x_wconf 82' lang='lat' dir='ltr'>sit,</span> <span class='ocrx_word' id='word_1_268' title='bbox 1261 4101 1337 4144; x_wconf 89' lang='lat' dir='ltr'>quem</span> <span class='ocrx_word' id='word_1_269' title='bbox 1355 4091 1422 4134; x_wconf 80' lang='lat' dir='ltr'>Var-</span> 
     </span>
     <span class='ocr_line' id='line_1_37' title="bbox 186 4158 1420 4217; baseline 0.005 -16"><span class='ocrx_word' id='word_1_270' title='bbox 186 4161 272 4208; x_wconf 84' lang='lat' dir='ltr'>ni&#39;nm,</span> <span class='ocrx_word' id='word_1_271' title='bbox 287 4158 426 4211; x_wconf 83' lang='lat' dir='ltr'>Variaiim,</span> <span class='ocrx_word' id='word_1_272' title='bbox 441 4159 537 4202; x_wconf 79' lang='lat' dir='ltr'>Verino</span> <span class='ocrx_word' id='word_1_273' title='bbox 548 4160 674 4214; x_wconf 81' lang='lat' dir='ltr'>appellari</span> <span class='ocrx_word' id='word_1_274' title='bbox 686 4173 702 4203; x_wconf 83' lang='lat' dir='ltr'>a</span> <span class='ocrx_word' id='word_1_275' title='bbox 713 4162 831 4204; x_wconf 72' lang='lat' dir='ltr'>Potisco</span> <span class='ocrx_word' id='word_1_276' title='bbox 844 4162 954 4204; x_wconf 84' lang='lat' dir='ltr'>vidimus</span> <span class='ocrx_word' id='word_1_277' title='bbox 965 4163 989 4204; x_wconf 89' lang='lat' dir='ltr'>ln</span> <span class='ocrx_word' id='word_1_278' title='bbox 1002 4162 1136 4213; x_wconf 79' lang='lat' dir='ltr'>Chronico,</span> <span class='ocrx_word' id='word_1_279' title='bbox 1146 4168 1165 4204; x_wconf 93' lang='lat' dir='ltr'>t.</span> <span class='ocrx_word' id='word_1_280' title='bbox 1177 4173 1212 4215; x_wconf 89' lang='lat' dir='ltr'>iv,</span> <span class='ocrx_word' id='word_1_281' title='bbox 1231 4174 1294 4217; x_wconf 73' lang='lat' dir='ltr'>pag.</span> <span class='ocrx_word' id='word_1_282' title='bbox 1305 4162 1420 4207; x_wconf 73' lang='lat' dir='ltr'>aa.-Es·.</span> 
     </span>
     <span class='ocr_line' id='line_1_38' title="bbox 184 4230 1424 4285; baseline 0.004 -12"><span class='ocrx_word' id='word_1_283' title='bbox 184 4231 265 4283; x_wconf 78' lang='lat' dir='ltr'>igitur</span> <span class='ocrx_word' id='word_1_284' title='bbox 276 4230 392 4281; x_wconf 88' lang='lat' dir='ltr'>Guarini,</span> <span class='ocrx_word' id='word_1_285' title='bbox 402 4234 445 4274; x_wconf 83' lang='lat' dir='ltr'>vol</span> <span class='ocrx_word' id='word_1_286' title='bbox 456 4232 580 4281; x_wconf 86' lang='lat' dir='ltr'>Guarino.</span> <span class='ocrx_word' id='word_1_287' title='bbox 592 4244 667 4285; x_wconf 85' lang='lat' dir='ltr'>quem</span> <span class='ocrx_word' id='word_1_288' title='bbox 687 4233 730 4276; x_wconf 86' lang='lat' dir='ltr'>alil</span> <span class='ocrx_word' id='word_1_289' title='bbox 744 4232 841 4276; x_wconf 83' lang='lat' dir='ltr'>Varlno</span> <span class='ocrx_word' id='word_1_290' title='bbox 861 4241 966 4282; x_wconf 86' lang='lat' dir='ltr'>vocant,</span> <span class='ocrx_word' id='word_1_291' title='bbox 983 4234 1103 4276; x_wconf 84' lang='lat' dir='ltr'>Veronae</span> <span class='ocrx_word' id='word_1_292' title='bbox 1125 4241 1200 4277; x_wconf 81' lang='lat' dir='ltr'>natus</span> <span class='ocrx_word' id='word_1_293' title='bbox 1217 4245 1283 4277; x_wconf 85' lang='lat' dir='ltr'>anno</span> <span class='ocrx_word' id='word_1_294' title='bbox 1301 4234 1362 4283; x_wconf 78' lang='lat'>1³70.</span> <span class='ocrx_word' id='word_1_295' title='bbox 1373 4234 1424 4278; x_wconf 81' lang='lat' dir='ltr'>Fe·</span> 
     </span>
     <span class='ocr_line' id='line_1_39' title="bbox 185 4303 1424 4360; baseline 0.005 -16"><span class='ocrx_word' id='word_1_296' title='bbox 185 4303 287 4346; x_wconf 84' lang='lat' dir='ltr'>rrarlae</span> <span class='ocrx_word' id='word_1_297' title='bbox 298 4313 414 4346; x_wconf 84' lang='lat' dir='ltr'>mortuus</span> <span class='ocrx_word' id='word_1_298' title='bbox 427 4303 478 4345; x_wconf 66' lang='lat'>1160</span> <span class='ocrx_word' id='word_1_299' title='bbox 497 4304 562 4346; x_wconf 89' lang='lat' dir='ltr'>Euin</span> <span class='ocrx_word' id='word_1_300' title='bbox 569 4304 771 4358; x_wconf 69' lang='lat' dir='ltr'>ferrariensem</span> <span class='ocrx_word' id='word_1_301' title='bbox 790 4308 925 4347; x_wconf 83' lang='lat' dir='ltr'>auctorem</span> <span class='ocrx_word' id='word_1_302' title='bbox 942 4307 1057 4359; x_wconf 82' lang='lat' dir='ltr'>appellat</span> <span class='ocrx_word' id='word_1_303' title='bbox 1069 4306 1116 4348; x_wconf 85' lang='lat' dir='ltr'>Por</span> <span class='ocrx_word' id='word_1_304' title='bbox 1125 4316 1213 4357; x_wconf 75' lang='lat' dir='ltr'>iscus.</span> <span class='ocrx_word' id='word_1_305' title='bbox 1224 4307 1240 4349; x_wconf 88' lang='lat'>1.</span> <span class='ocrx_word' id='word_1_306' title='bbox 1259 4317 1289 4358; x_wconf 77' lang='lat' dir='ltr'>c..</span> <span class='ocrx_word' id='word_1_307' title='bbox 1304 4307 1365 4360; x_wconf 85' lang='lat' dir='ltr'>qula</span> <span class='ocrx_word' id='word_1_308' title='bbox 1377 4318 1424 4360; x_wconf 90' lang='lat' dir='ltr'>po·</span> 
     </span>
     <span class='ocr_line' id='line_1_40' title="bbox 185 4374 1420 4431; baseline 0.004 -16"><span class='ocrx_word' id='word_1_309' title='bbox 185 4379 310 4416; x_wconf 82' lang='lat' dir='ltr'>streniam</span> <span class='ocrx_word' id='word_1_310' title='bbox 320 4374 391 4417; x_wconf 87' lang='lat' dir='ltr'>vitae</span> <span class='ocrx_word' id='word_1_311' title='bbox 403 4381 503 4427; x_wconf 86' lang='lat' dir='ltr'>partem</span> <span class='ocrx_word' id='word_1_312' title='bbox 516 4374 654 4419; x_wconf 78' lang='lat' dir='ltr'>Ferrariae</span> <span class='ocrx_word' id='word_1_313' title='bbox 670 4375 873 4429; x_wconf 74' lang='lat' dir='ltr'>exegit-Liber</span> <span class='ocrx_word' id='word_1_314' title='bbox 887 4386 1008 4424; x_wconf 77' lang='lat' dir='ltr'>autema</span> <span class='ocrx_word' id='word_1_315' title='bbox 1021 4376 1136 4429; x_wconf 61' lang='lat' dir='ltr'>Sclplone</span> <span class='ocrx_word' id='word_1_316' title='bbox 1148 4378 1189 4419; x_wconf 84' lang='lat' dir='ltr'>bie</span> <span class='ocrx_word' id='word_1_317' title='bbox 1201 4377 1364 4431; x_wconf 78' lang='lat' dir='ltr'>indigltatus,</span> <span class='ocrx_word' id='word_1_318' title='bbox 1377 4385 1420 4422; x_wconf 84' lang='lat' dir='ltr'>cst</span> 
     </span>
     <span class='ocr_line' id='line_1_41' title="bbox 185 4444 1088 4500; baseline 0.002 -13"><span class='ocrx_word' id='word_1_319' title='bbox 185 4444 306 4496; x_wconf 79' lang='lat' dir='ltr'>Regiiiiie</span> <span class='ocrx_word' id='word_1_320' title='bbox 320 4447 550 4498; x_wconf 81' lang='lat' dir='ltr'>grammaticales,</span> <span class='ocrx_word' id='word_1_321' title='bbox 561 4449 670 4500; x_wconf 86' lang='lat' dir='ltr'>primum</span> <span class='ocrx_word' id='word_1_322' title='bbox 682 4448 766 4491; x_wconf 87' lang='lat' dir='ltr'>editus</span> <span class='ocrx_word' id='word_1_323' title='bbox 777 4449 847 4492; x_wconf 87' lang='lat' dir='ltr'>eirca</span> <span class='ocrx_word' id='word_1_324' title='bbox 857 4461 898 4492; x_wconf 88' lang='lat' dir='ltr'>an.</span> <span class='ocrx_word' id='word_1_325' title='bbox 911 4449 962 4491; x_wconf 83' lang='lat' dir='ltr'>tt70</span> <span class='ocrx_word' id='word_1_326' title='bbox 973 4450 997 4492; x_wconf 89' lang='lat' dir='ltr'>in</span> <span class='ocrx_word' id='word_1_327' title='bbox 1008 4449 1043 4490; x_wconf 81' lang='lat' dir='ltr'>t.⁰</span> <span class='ocrx_word' id='word_1_328' title='bbox 1086 4452 1088 4457; x_wconf 89' lang='lat'>&#39;</span> 
     </span>
    </p>

    <p class='ocr_par' dir='ltr' id='par_1_14' title="bbox 227 4516 987 4569">
     <span class='ocr_line' id='line_1_42' title="bbox 227 4516 987 4569; baseline 0.004 -10"><span class='ocrx_word' id='word_1_329' title='bbox 227 4517 237 4546; x_wconf 77' lang='lat'>⁷</span> <span class='ocrx_word' id='word_1_330' title='bbox 266 4516 349 4560; x_wconf 76' lang='lat' dir='ltr'>ltirci</span> <span class='ocrx_word' id='word_1_331' title='bbox 360 4517 434 4560; x_wconf 74' lang='lat' dir='ltr'>Fnaii</span> <span class='ocrx_word' id='word_1_332' title='bbox 445 4518 603 4569; x_wconf 65' lang='lat' dir='ltr'>Quintiliani</span> <span class='ocrx_word' id='word_1_333' title='bbox 617 4519 654 4562; x_wconf 84' lang='lat' dir='ltr'>D&#39;e</span> <span class='ocrx_word' id='word_1_334' title='bbox 663 4520 835 4563; x_wconf 81' lang='lat' dir='ltr'>Institutione</span> <span class='ocrx_word' id='word_1_335' title='bbox 848 4520 987 4564; x_wconf 77' lang='lat' dir='ltr'>oratoria?</span> 
     </span>
    </p>
   </div>
   <div class='ocr_carea' id='block_1_4' title="bbox 225 4589 1261 4707">
    <p class='ocr_par' dir='ltr' id='par_1_15' title="bbox 225 4589 1261 4707">
     <span class='ocr_line' id='line_1_43' title="bbox 225 4589 1261 4645; baseline 0.004 -14"><span class='ocrx_word' id='word_1_336' title='bbox 225 4589 236 4616; x_wconf 75' lang='lat'><strong>⁸</strong></span> <span class='ocrx_word' id='word_1_337' title='bbox 264 4589 370 4631; x_wconf 68' lang='lat' dir='ltr'>Nicoini</span> <span class='ocrx_word' id='word_1_338' title='bbox 382 4589 514 4632; x_wconf 69' lang='lat' dir='ltr'>Cinaram</span> <span class='ocrx_word' id='word_1_339' title='bbox 524 4589 713 4633; x_wconf 82' lang='lat' dir='ltr'>Institutiones</span> <span class='ocrx_word' id='word_1_340' title='bbox 723 4592 943 4634; x_wconf 81' lang='lat' dir='ltr'>absolutissimae</span> <span class='ocrx_word' id='word_1_341' title='bbox 955 4593 982 4634; x_wconf 85' lang='lat' dir='ltr'>t&#39;tt</span> <span class='ocrx_word' id='word_1_342' title='bbox 993 4603 1119 4644; x_wconf 79' lang='lat' dir='ltr'>graecam</span> <span class='ocrx_word' id='word_1_343' title='bbox 1131 4594 1261 4645; x_wconf 77' lang='lat' dir='ltr'>linguam.</span> 
     </span>
     <span class='ocr_line' id='line_1_44' title="bbox 225 4660 1136 4707; baseline 0.004 -3"><span class='ocrx_word' id='word_1_344' title='bbox 225 4660 237 4689; x_wconf 73' lang='lat'>³¹</span> <span class='ocrx_word' id='word_1_345' title='bbox 264 4661 296 4705; x_wconf 86' lang='lat' dir='ltr'>ll.</span> <span class='ocrx_word' id='word_1_346' title='bbox 308 4661 336 4704; x_wconf 88' lang='lat' dir='ltr'>T.</span> <span class='ocrx_word' id='word_1_347' title='bbox 349 4660 483 4704; x_wconf 72' lang='lat' dir='ltr'>Ciceronis</span> <span class='ocrx_word' id='word_1_348' title='bbox 497 4662 677 4706; x_wconf 76' lang='lat' dir='ltr'>Partitionum</span> <span class='ocrx_word' id='word_1_349' title='bbox 688 4664 764 4707; x_wconf 74' lang='lat' dir='ltr'>liiii-r.</span> <span class='ocrx_word' id='word_1_350' title='bbox 1134 4670 1136 4675; x_wconf 90' lang='lat'>&#39;</span> 
     </span>
    </p>
   </div>
   <div class='ocr_carea' id='block_1_5' title="bbox 0 0 1624 5386">
    <p class='ocr_par' dir='ltr' id='par_1_16' title="bbox 0 0 1624 5386">
     <span class='ocr_line' id='line_1_45' title="bbox 0 0 1624 5386; baseline 0 2"><span class='ocrx_word' id='word_1_351' title='bbox 0 0 1624 5386; x_wconf 95' lang='lat' dir='ltr'> </span> 
     </span>
    </p>
   </div>
  </div>
 </body>
</html>
