3210 5392
562 1128 829 1213 CDXXXIV

128 1471 327 1546 Alphonsus
342 1470 539 1531 Hernandez

167 1570 261 1628 Patri
274 1569 402 1641 ignatio
418 1569 458 1627 de
470 1569 608 1642 Loyola.

206 1667 335 1738 Genua,
353 1666 388 1724 10
400 1666 555 1727 Octobris
572 1667 642 1727 luto
654 1668 674 1722 ¹.

663 1898 738 2017 nis

140 2191 349 2256 Reuerende
366 2193 402 2255 in
418 2192 560 2256 Christo
583 2191 700 2256 Pater.

141 2298 219 2362 Pax
234 2298 377 2362 Christi.

142 2404 319 2485 Quoniam
334 2406 493 2486 pluribus
504 2406 624 2469 uerbis
636 2406 778 2469 minime
790 2406 991 2486 delectam,
1005 2405 1064 2469 ubi
1076 2404 1225 2468 materia
1236 2406 1310 2468 bre·

90 2513 136 2576 tis
155 2511 316 2588 offertur,
341 2511 531 2575 admodum
551 2512 770 2575 obseruande
792 2513 828 2575 in
848 2511 989 2576 Christo
1009 2510 1127 2588 Pater,
1150 2510 1312 2574 dabimus

90 2635 231 2698 >peram
247 2626 285 2680 ut
299 2618 455 2681 breuiter
470 2636 524 2697 ea,
541 2636 631 2698 quae
645 2617 701 2680 his
715 2619 874 2699 proxime
890 2619 1020 2699 elapsis
1031 2619 1051 2680 4
1064 2617 1245 2681 mensibus
1257 2617 1313 2679 hic

90 2726 181 2806 lacta
197 2736 290 2803 sunt,
311 2726 607 2806 perstringamus.
623 2724 715 2788 Nam
736 2727 804 2788 hoc
820 2725 912 2789 idem
928 2725 1116 2804 angustiae
1131 2725 1311 2805 temporis,

90 2833 212 2913 quibus
227 2849 305 2894 sum
319 2831 544 2909 interclusus,
561 2851 582 2894 a
594 2848 650 2895 me
664 2834 845 2911 postulare
860 2833 1035 2909 uidentur3
1052 2831 1113 2894 uix
1128 2831 1221 2895 enim
1236 2848 1313 2911 pos·

90 2957 163 3003 sum
179 2939 312 3017 aliquid
328 2939 497 3017 temporis
516 2938 572 3000 his
591 2939 702 3001 literis
721 2938 913 3002 exarandis
935 2938 1172 3018 suppeditare3
1194 2945 1245 2999 tot
1265 2936 1314 2999 di·

90 3045 242 3123 stringor
268 3045 573 3124 occupationibus:
600 3055 731 3120 tamen,
757 3062 838 3110 cum
863 3044 1089 3108 sanctissima
1116 3041 1314 3106 obedientia

90 3153 171 3216 nihi
188 3164 269 3215 ante
285 3153 406 3214 oculos
427 3163 646 3230 uersaretur,
667 3153 775 3216 malui
790 3154 858 3216 hoc
883 3168 973 3215 onus
992 3150 1127 3228 subire,
1143 3165 1250 3230 quam
1271 3149 1315 3211 ab

90 3262 149 3323 illa
163 3268 410 3322 transuersum
425 3259 533 3338 (quod
548 3259 657 3336 aiunt)
672 3259 821 3339 digitum
835 3258 1027 3322 discedere.

147 3364 266 3444 Atque
289 3374 327 3427 ut
350 3382 370 3428 a
391 3366 684 3443 confessionibus,
704 3383 795 3444 quae
814 3366 882 3445 piis
901 3364 1101 3428 hominibus
1121 3373 1156 3426 et
1178 3362 1315 3441 angelis

90 3472 155 3535 Dei
169 3471 339 3551 gaudium
355 3471 597 3552 laetitiamque
609 3471 736 3535 afferre
748 3473 872 3549 solent,
886 3471 1024 3534 initium
1037 3486 1186 3548 sumam,
1200 3469 1236 3531 in
1247 3468 1314 3532 his·

90 3596 128 3640 ce
157 3578 329 3640 bellorum
356 3578 563 3641 tumultibus
587 3586 622 3640 et
646 3578 855 3641 barbaricae
881 3578 1007 3640 classis
1036 3586 1130 3656 metu
1160 3575 1318 3657 plerique

90 3683 351 3761 confessisunt,
369 3684 487 3746 oblata
503 3685 713 3764 praesertim
725 3685 913 3747 occasione
924 3685 1019 3756 sacri
1027 3682 1180 3762 jubilaei;
1197 3690 1318 3762 totque

90 3791 135 3854 ad
154 3807 222 3853 nos
242 3799 430 3862 uenerunt,
452 3799 489 3852 ut
510 3791 571 3853 uix
590 3791 712 3854 liceret
737 3789 823 3854 ΚΝ*
845 3789 1008 3853 Patribus
1028 3789 1159 3852 nostris
1178 3788 1317 3851 seriatis

90 3897 198 3960 etiam
214 3895 338 3958 diebus
353 3914 374 3958 a
390 3897 520 3975 templo
535 3896 673 3959 abesse.
690 3896 796 3960 Dedit
810 3898 899 3959 haec
915 3913 972 3960 res
987 3895 1144 3959 merendi
1160 3893 1314 3957 occasio·

89 4020 183 4065 nem.
201 4000 292 4065 Nam
308 4003 428 4082 aliqui,
444 4003 589 4083 quinon
605 4012 865 4067 consueuerant
879 4003 948 4065 nisi
963 4003 1072 4065 semel
1095 4002 1131 4064 in
1145 4018 1238 4063 anno
1252 4000 1318 4063 cri-

90 4109 186 4172 mina
197 4126 262 4172 sua
275 4110 452 4188 detegere,
464 4127 486 4172 a
498 4109 629 4173 nostris
641 4110 802 4190 patribus
816 4108 949 4172 inducti
964 4107 1182 4188 frequentius
1189 4123 1228 4169 se
1240 4104 1318 4169 Deo

89 4216 321 4278 reconciliare
343 4218 467 4295 solent;
493 4217 550 4278 cui
569 4234 639 4296 quo
664 4217 806 4295 dignius
825 4216 991 4294 deinceps
1005 4215 1201 4278 adhaerere
1216 4223 1250 4276 et
1264 4231 1318 4276 sa·

90 4339 188 4385 cram
200 4322 461 4385 Eucharistiam
473 4322 700 4403 frequentare
712 4334 867 4403 possent,
879 4321 1045 4402 quicquid
1056 4321 1212 4399 sceleriS,
1224 4319 1320 4400 quod

133 4598 141 4628 ¹
172 4598 361 4652 Autographae
373 4597 397 4640 in
409 4597 469 4641 lolio
480 4598 584 4651 duplici,
593 4609 635 4642 nu.
647 4598 687 4641 192
697 4605 722 4641 et
735 4598 857 4642 iou-Eu
868 4605 894 4641 et
904 4597 1082 4653 apographum
1091 4598 1235 4650 exemplum
1245 4597 1323 4640 omni·

95 4680 126 4711 no
137 4669 221 4712 simile
233 4671 257 4713 in
269 4668 331 4712 lolio
342 4669 404 4711 ltcm
414 4668 518 4722 duplici.
529 4681 552 4712 n.
568 4670 612 4712 l9l.
