<?xml version="1.0" encoding="UTF-8"?>
<!DOCTYPE html PUBLIC "-//W3C//DTD XHTML 1.0 Transitional//EN"
    "http://www.w3.org/TR/xhtml1/DTD/xhtml1-transitional.dtd">
<html xmlns="http://www.w3.org/1999/xhtml" xml:lang="en" lang="en">
 <head>
  <title>
</title>
<meta http-equiv="Content-Type" content="text/html;charset=utf-8" />
  <meta name='ocr-system' content='tesseract 3.04.00' />
  <meta name='ocr-capabilities' content='ocr_page ocr_carea ocr_par ocr_line ocrx_word'/>
</head>
<body>
  <div class='ocr_page' id='page_1' title='image "./litteraequadrim02jesugoog_0775.png"; bbox 0 0 3240 5386; ppageno 0'>
   <div class='ocr_carea' id='block_1_1' title="bbox 184 427 1027 496">
    <p class='ocr_par' dir='ltr' id='par_1_1' title="bbox 184 427 1027 496">
     <span class='ocr_line' id='line_1_1' title="bbox 184 427 1027 496; baseline 0.002 -10"><span class='ocrx_word' id='word_1_1' title='bbox 184 428 239 488; x_wconf 69' lang='grc'>764</span> <span class='ocrx_word' id='word_1_2' title='bbox 575 427 1027 496; x_wconf 72' lang='lat' dir='ltr'>Lnruuanounomuesraus</span> 
     </span>
    </p>
   </div>
   <div class='ocr_carea' id='block_1_2' title="bbox 185 573 1431 3640">
    <p class='ocr_par' dir='ltr' id='par_1_2' title="bbox 185 573 1430 2572">
     <span class='ocr_line' id='line_1_2' title="bbox 244 573 1414 654; baseline 0.003 -18"><span class='ocrx_word' id='word_1_3' title='bbox 244 573 318 636; x_wconf 88' lang='lat' dir='ltr'>Eae</span> <span class='ocrx_word' id='word_1_4' title='bbox 332 574 535 651; x_wconf 67' lang='lat' dir='ltr'>conciones</span> <span class='ocrx_word' id='word_1_5' title='bbox 553 591 643 654; x_wconf 89' lang='lat' dir='ltr'>quae</span> <span class='ocrx_word' id='word_1_6' title='bbox 658 574 694 636; x_wconf 92' lang='lat' dir='ltr'>in</span> <span class='ocrx_word' id='word_1_7' title='bbox 708 575 839 654; x_wconf 92' lang='lat' dir='ltr'>templo</span> <span class='ocrx_word' id='word_1_8' title='bbox 853 582 975 638; x_wconf 91' lang='lat' dir='ltr'>nostro</span> <span class='ocrx_word' id='word_1_9' title='bbox 987 574 1030 637; x_wconf 89' lang='lat' dir='ltr'>de</span> <span class='ocrx_word' id='word_1_10' title='bbox 1042 575 1208 638; x_wconf 91' lang='lat' dir='ltr'>doctrina</span> <span class='ocrx_word' id='word_1_11' title='bbox 1220 575 1414 639; x_wconf 87' lang='lat' dir='ltr'>christiana</span> 
     </span>
     <span class='ocr_line' id='line_1_3' title="bbox 185 679 1417 762; baseline 0.004 -21"><span class='ocrx_word' id='word_1_12' title='bbox 185 679 310 742; x_wconf 91' lang='lat' dir='ltr'>haberi</span> <span class='ocrx_word' id='word_1_13' title='bbox 325 681 450 757; x_wconf 88' lang='lat' dir='ltr'>solent,</span> <span class='ocrx_word' id='word_1_14' title='bbox 467 690 634 744; x_wconf 86' lang='lat' dir='ltr'>accurate</span> <span class='ocrx_word' id='word_1_15' title='bbox 646 691 679 744; x_wconf 92' lang='lat' dir='ltr'>et</span> <span class='ocrx_word' id='word_1_16' title='bbox 690 681 876 761; x_wconf 84' lang='lat' dir='ltr'>diligenter</span> <span class='ocrx_word' id='word_1_17' title='bbox 888 681 939 760; x_wconf 89' lang='lat' dir='ltr'>(vt</span> <span class='ocrx_word' id='word_1_18' title='bbox 951 698 1057 762; x_wconf 88' lang='lat' dir='ltr'>saepe</span> <span class='ocrx_word' id='word_1_19' title='bbox 1069 683 1245 762; x_wconf 90' lang='lat' dir='ltr'>scriptum</span> <span class='ocrx_word' id='word_1_20' title='bbox 1258 684 1327 760; x_wconf 86' lang='lat' dir='ltr'>est)</span> <span class='ocrx_word' id='word_1_21' title='bbox 1340 700 1417 746; x_wconf 90' lang='lat' dir='ltr'>cou-</span> 
     </span>
     <span class='ocr_line' id='line_1_4' title="bbox 188 786 1420 867; baseline 0.002 -18"><span class='ocrx_word' id='word_1_22' title='bbox 188 786 383 864; x_wconf 91' lang='lat' dir='ltr'>tinuantur,</span> <span class='ocrx_word' id='word_1_23' title='bbox 399 797 433 849; x_wconf 90' lang='lat' dir='ltr'>et</span> <span class='ocrx_word' id='word_1_24' title='bbox 448 787 614 867; x_wconf 84' lang='lat' dir='ltr'>frequens</span> <span class='ocrx_word' id='word_1_25' title='bbox 628 804 758 867; x_wconf 89' lang='lat' dir='ltr'>magua</span> <span class='ocrx_word' id='word_1_26' title='bbox 774 806 854 852; x_wconf 93' lang='lat' dir='ltr'>cum</span> <span class='ocrx_word' id='word_1_27' title='bbox 873 788 1069 851; x_wconf 90' lang='lat' dir='ltr'>animorum</span> <span class='ocrx_word' id='word_1_28' title='bbox 1088 788 1244 852; x_wconf 90' lang='lat' dir='ltr'>utilitate</span> <span class='ocrx_word' id='word_1_29' title='bbox 1255 800 1292 852; x_wconf 91' lang='lat' dir='ltr'>et</span> <span class='ocrx_word' id='word_1_30' title='bbox 1305 790 1420 853; x_wconf 84' lang='lat' dir='ltr'>iructn</span> 
     </span>
     <span class='ocr_line' id='line_1_5' title="bbox 186 893 1421 975; baseline 0.004 -20"><span class='ocrx_word' id='word_1_31' title='bbox 186 893 231 956; x_wconf 91' lang='lat' dir='ltr'>ad</span> <span class='ocrx_word' id='word_1_32' title='bbox 247 911 308 956; x_wconf 88' lang='lat' dir='ltr'>eas</span> <span class='ocrx_word' id='word_1_33' title='bbox 321 894 503 957; x_wconf 91' lang='lat' dir='ltr'>hominum</span> <span class='ocrx_word' id='word_1_34' title='bbox 518 894 555 958; x_wconf 89' lang='lat' dir='ltr'>tit</span> <span class='ocrx_word' id='word_1_35' title='bbox 570 911 775 958; x_wconf 86' lang='lat' dir='ltr'><strong>concursus.</strong></span> <span class='ocrx_word' id='word_1_36' title='bbox 791 894 974 958; x_wconf 86' lang='lat' dir='ltr'><strong>Habentur</strong></span> <span class='ocrx_word' id='word_1_37' title='bbox 989 896 1056 958; x_wconf 92' lang='lat' dir='ltr'>hae</span> <span class='ocrx_word' id='word_1_38' title='bbox 1071 894 1145 958; x_wconf 85' lang='lat' dir='ltr'>sere</span> <span class='ocrx_word' id='word_1_39' title='bbox 1160 912 1311 975; x_wconf 84' lang='lat' dir='ltr'>semper</span> <span class='ocrx_word' id='word_1_40' title='bbox 1324 915 1345 959; x_wconf 91' lang='lat' dir='ltr'>a</span> <span class='ocrx_word' id='word_1_41' title='bbox 1358 897 1421 960; x_wconf 86' lang='lat' dir='ltr'>Pa·</span> 
     </span>
     <span class='ocr_line' id='line_1_6' title="bbox 185 1000 1421 1083; baseline 0.002 -20"><span class='ocrx_word' id='word_1_42' title='bbox 185 1010 239 1063; x_wconf 91' lang='lat' dir='ltr'>tre</span> <span class='ocrx_word' id='word_1_43' title='bbox 253 1000 446 1064; x_wconf 90' lang='lat' dir='ltr'>Melchiore</span> <span class='ocrx_word' id='word_1_44' title='bbox 461 1000 562 1078; x_wconf 91' lang='lat' dir='ltr'>Cota,</span> <span class='ocrx_word' id='word_1_45' title='bbox 579 1002 755 1065; x_wconf 91' lang='lat' dir='ltr'>interdum</span> <span class='ocrx_word' id='word_1_46' title='bbox 769 1002 875 1064; x_wconf 89' lang='lat' dir='ltr'>etiam</span> <span class='ocrx_word' id='word_1_47' title='bbox 892 1002 1071 1083; x_wconf 87' lang='lat' dir='ltr'>(quoniam</span> <span class='ocrx_word' id='word_1_48' title='bbox 1089 1002 1120 1065; x_wconf 92' lang='lat' dir='ltr'>is</span> <span class='ocrx_word' id='word_1_49' title='bbox 1141 1012 1206 1064; x_wconf 91' lang='lat' dir='ltr'>aut</span> <span class='ocrx_word' id='word_1_50' title='bbox 1226 1002 1264 1065; x_wconf 92' lang='lat' dir='ltr'>in</span> <span class='ocrx_word' id='word_1_51' title='bbox 1290 1005 1421 1083; x_wconf 90' lang='lat' dir='ltr'>templo</span> 
     </span>
     <span class='ocr_line' id='line_1_7' title="bbox 188 1108 1425 1189; baseline 0.002 -20"><span class='ocrx_word' id='word_1_52' title='bbox 188 1108 345 1170; x_wconf 83' lang='lat' dir='ltr'>maximo</span> <span class='ocrx_word' id='word_1_53' title='bbox 360 1118 420 1170; x_wconf 90' lang='lat' dir='ltr'>aut</span> <span class='ocrx_word' id='word_1_54' title='bbox 437 1108 473 1170; x_wconf 91' lang='lat' dir='ltr'>in</span> <span class='ocrx_word' id='word_1_55' title='bbox 488 1109 567 1171; x_wconf 89' lang='lat' dir='ltr'>aliis</span> <span class='ocrx_word' id='word_1_56' title='bbox 581 1108 684 1171; x_wconf 84' lang='lat' dir='ltr'>huius</span> <span class='ocrx_word' id='word_1_57' title='bbox 698 1109 796 1171; x_wconf 89' lang='lat' dir='ltr'>vrbis</span> <span class='ocrx_word' id='word_1_58' title='bbox 810 1110 948 1189; x_wconf 92' lang='lat' dir='ltr'>templis</span> <span class='ocrx_word' id='word_1_59' title='bbox 959 1126 1216 1189; x_wconf 89' lang='lat' dir='ltr'>nonnunquam</span> <span class='ocrx_word' id='word_1_60' title='bbox 1228 1112 1425 1173; x_wconf 88' lang='lat' dir='ltr'>conciona-</span> 
     </span>
     <span class='ocr_line' id='line_1_8' title="bbox 188 1214 1425 1296; baseline 0.002 -19"><span class='ocrx_word' id='word_1_61' title='bbox 188 1215 256 1292; x_wconf 88' lang='lat' dir='ltr'>tur)</span> <span class='ocrx_word' id='word_1_62' title='bbox 273 1231 403 1294; x_wconf 90' lang='lat' dir='ltr'>magna</span> <span class='ocrx_word' id='word_1_63' title='bbox 420 1232 557 1296; x_wconf 91' lang='lat' dir='ltr'>quoque</span> <span class='ocrx_word' id='word_1_64' title='bbox 573 1214 789 1279; x_wconf 89' lang='lat' dir='ltr'>audientium</span> <span class='ocrx_word' id='word_1_65' title='bbox 811 1215 1075 1295; x_wconf 84' lang='lat' dir='ltr'>approbatione,</span> <span class='ocrx_word' id='word_1_66' title='bbox 1097 1216 1208 1279; x_wconf 91' lang='lat' dir='ltr'>abeo</span> <span class='ocrx_word' id='word_1_67' title='bbox 1229 1227 1340 1296; x_wconf 88' lang='lat' dir='ltr'>patre</span> <span class='ocrx_word' id='word_1_68' title='bbox 1362 1216 1425 1280; x_wconf 92' lang='lat' dir='ltr'>ha·</span> 
     </span>
     <span class='ocr_line' id='line_1_9' title="bbox 187 1320 1426 1402; baseline 0.001 -20"><span class='ocrx_word' id='word_1_69' title='bbox 187 1321 325 1399; x_wconf 91' lang='lat' dir='ltr'>bentur,</span> <span class='ocrx_word' id='word_1_70' title='bbox 343 1322 402 1402; x_wconf 93' lang='lat' dir='ltr'>qui</span> <span class='ocrx_word' id='word_1_71' title='bbox 417 1322 656 1385; x_wconf 89' lang='lat' dir='ltr'>conscientiae</span> <span class='ocrx_word' id='word_1_72' title='bbox 671 1338 777 1384; x_wconf 92' lang='lat' dir='ltr'>casus</span> <span class='ocrx_word' id='word_1_73' title='bbox 792 1323 936 1402; x_wconf 83' lang='lat' dir='ltr'>exponit</span> <span class='ocrx_word' id='word_1_74' title='bbox 952 1320 973 1380; x_wconf 90' lang='lat'>¹.</span> <span class='ocrx_word' id='word_1_75' title='bbox 994 1322 1126 1385; x_wconf 91' lang='lat' dir='ltr'>Eorum</span> <span class='ocrx_word' id='word_1_76' title='bbox 1146 1331 1285 1398; x_wconf 89' lang='lat' dir='ltr'>autem,</span> <span class='ocrx_word' id='word_1_77' title='bbox 1303 1324 1367 1402; x_wconf 93' lang='lat' dir='ltr'>qui</span> <span class='ocrx_word' id='word_1_78' title='bbox 1383 1322 1426 1385; x_wconf 92' lang='lat' dir='ltr'>ad</span> 
     </span>
     <span class='ocr_line' id='line_1_10' title="bbox 187 1427 1422 1508; baseline 0.001 -19"><span class='ocrx_word' id='word_1_79' title='bbox 187 1427 253 1490; x_wconf 90' lang='lat' dir='ltr'>has</span> <span class='ocrx_word' id='word_1_80' title='bbox 279 1429 469 1491; x_wconf 89' lang='lat' dir='ltr'>conciones</span> <span class='ocrx_word' id='word_1_81' title='bbox 491 1429 716 1506; x_wconf 90' lang='lat' dir='ltr'>conueniunt,</span> <span class='ocrx_word' id='word_1_82' title='bbox 737 1446 821 1508; x_wconf 91' lang='lat' dir='ltr'>pars</span> <span class='ocrx_word' id='word_1_83' title='bbox 842 1429 1009 1504; x_wconf 84' lang='lat' dir='ltr'>maxima,</span> <span class='ocrx_word' id='word_1_84' title='bbox 1032 1428 1203 1508; x_wconf 89' lang='lat' dir='ltr'>multique</span> <span class='ocrx_word' id='word_1_85' title='bbox 1226 1440 1422 1508; x_wconf 80' lang='lat' dir='ltr'>praeterea</span> 
     </span>
     <span class='ocr_line' id='line_1_11' title="bbox 188 1532 1428 1616; baseline 0.002 -20"><span class='ocrx_word' id='word_1_86' title='bbox 188 1535 247 1597; x_wconf 88' lang='lat' dir='ltr'>alii</span> <span class='ocrx_word' id='word_1_87' title='bbox 266 1552 477 1616; x_wconf 87' lang='lat' dir='ltr'>unoquoque</span> <span class='ocrx_word' id='word_1_88' title='bbox 493 1532 639 1598; x_wconf 79' lang='lat' dir='ltr'>mense&#39;</span> <span class='ocrx_word' id='word_1_89' title='bbox 659 1536 702 1599; x_wconf 91' lang='lat' dir='ltr'>de</span> <span class='ocrx_word' id='word_1_90' title='bbox 721 1536 877 1615; x_wconf 88' lang='lat' dir='ltr'>peccatis</span> <span class='ocrx_word' id='word_1_91' title='bbox 898 1534 1118 1598; x_wconf 89' lang='lat' dir='ltr'>confitentur.</span> <span class='ocrx_word' id='word_1_92' title='bbox 1142 1535 1182 1598; x_wconf 92' lang='lat' dir='ltr'>ld</span> <span class='ocrx_word' id='word_1_93' title='bbox 1202 1535 1319 1598; x_wconf 92' lang='lat' dir='ltr'>etiam</span> <span class='ocrx_word' id='word_1_94' title='bbox 1340 1553 1428 1598; x_wconf 90' lang='lat' dir='ltr'>non·</span> 
     </span>
     <span class='ocr_line' id='line_1_12' title="bbox 188 1641 1426 1723; baseline 0.002 -21"><span class='ocrx_word' id='word_1_95' title='bbox 188 1642 273 1704; x_wconf 93' lang='lat' dir='ltr'>nulli</span> <span class='ocrx_word' id='word_1_96' title='bbox 294 1652 422 1705; x_wconf 92' lang='lat' dir='ltr'>octauo</span> <span class='ocrx_word' id='word_1_97' title='bbox 442 1660 581 1723; x_wconf 90' lang='lat' dir='ltr'>quoque</span> <span class='ocrx_word' id='word_1_98' title='bbox 603 1642 659 1705; x_wconf 91' lang='lat' dir='ltr'>die</span> <span class='ocrx_word' id='word_1_99' title='bbox 678 1641 840 1705; x_wconf 82' lang='lat' dir='ltr'>factitant</span> <span class='ocrx_word' id='word_1_100' title='bbox 859 1650 893 1704; x_wconf 90' lang='lat' dir='ltr'>et</span> <span class='ocrx_word' id='word_1_101' title='bbox 908 1651 1176 1705; x_wconf 90' lang='lat' dir='ltr'>sacrosanctum</span> <span class='ocrx_word' id='word_1_102' title='bbox 1192 1641 1335 1705; x_wconf 81' lang='lat' dir='ltr'>Christi</span> <span class='ocrx_word' id='word_1_103' title='bbox 1351 1661 1426 1705; x_wconf 89' lang='lat' dir='ltr'>cor·</span> 
     </span>
     <span class='ocr_line' id='line_1_13' title="bbox 188 1748 1427 1828; baseline 0 -17"><span class='ocrx_word' id='word_1_104' title='bbox 188 1766 255 1828; x_wconf 89' lang='lat' dir='ltr'>pus</span> <span class='ocrx_word' id='word_1_105' title='bbox 270 1749 458 1828; x_wconf 90' lang='lat' dir='ltr'>accipiunt.</span> <span class='ocrx_word' id='word_1_106' title='bbox 476 1748 515 1812; x_wconf 92' lang='lat' dir='ltr'>In</span> <span class='ocrx_word' id='word_1_107' title='bbox 531 1749 586 1813; x_wconf 91' lang='lat' dir='ltr'>his</span> <span class='ocrx_word' id='word_1_108' title='bbox 600 1749 706 1812; x_wconf 89' lang='lat' dir='ltr'>rebus</span> <span class='ocrx_word' id='word_1_109' title='bbox 720 1748 844 1811; x_wconf 89' lang='lat' dir='ltr'>Patres</span> <span class='ocrx_word' id='word_1_110' title='bbox 859 1760 1063 1811; x_wconf 89' lang='lat' dir='ltr'>uersantur:</span> <span class='ocrx_word' id='word_1_111' title='bbox 1080 1763 1203 1810; x_wconf 91' lang='lat' dir='ltr'>eorum</span> <span class='ocrx_word' id='word_1_112' title='bbox 1225 1748 1427 1811; x_wconf 84' lang='lat' dir='ltr'>confessio·</span> 
     </span>
     <span class='ocr_line' id='line_1_14' title="bbox 189 1851 1426 1935; baseline -0.001 -17"><span class='ocrx_word' id='word_1_113' title='bbox 189 1872 252 1918; x_wconf 92' lang='lat' dir='ltr'>nes</span> <span class='ocrx_word' id='word_1_114' title='bbox 268 1856 426 1933; x_wconf 89' lang='lat' dir='ltr'>audiunt,</span> <span class='ocrx_word' id='word_1_115' title='bbox 443 1857 502 1935; x_wconf 91' lang='lat' dir='ltr'>qui</span> <span class='ocrx_word' id='word_1_116' title='bbox 518 1855 612 1935; x_wconf 90' lang='lat' dir='ltr'>apud</span> <span class='ocrx_word' id='word_1_117' title='bbox 626 1872 692 1918; x_wconf 90' lang='lat' dir='ltr'>uos</span> <span class='ocrx_word' id='word_1_118' title='bbox 706 1854 816 1917; x_wconf 89' lang='lat' dir='ltr'>literis</span> <span class='ocrx_word' id='word_1_119' title='bbox 831 1853 916 1916; x_wconf 91' lang='lat' dir='ltr'>dant</span> <span class='ocrx_word' id='word_1_120' title='bbox 931 1870 1091 1934; x_wconf 74' lang='lat' dir='ltr'>operam,</span> <span class='ocrx_word' id='word_1_121' title='bbox 1107 1851 1232 1916; x_wconf 90' lang='lat' dir='ltr'>eadem</span> <span class='ocrx_word' id='word_1_122' title='bbox 1250 1854 1298 1916; x_wconf 93' lang='lat' dir='ltr'>de</span> <span class='ocrx_word' id='word_1_123' title='bbox 1316 1872 1426 1917; x_wconf 80' lang='lat' dir='ltr'>causa</span> 
     </span>
     <span class='ocr_line' id='line_1_15' title="bbox 191 1960 1429 2042; baseline -0.002 -17"><span class='ocrx_word' id='word_1_124' title='bbox 191 1980 229 2025; x_wconf 92' lang='lat' dir='ltr'>se</span> <span class='ocrx_word' id='word_1_125' title='bbox 245 1963 290 2024; x_wconf 89' lang='lat' dir='ltr'>ad</span> <span class='ocrx_word' id='word_1_126' title='bbox 305 1974 475 2041; x_wconf 89' lang='lat' dir='ltr'>aegrotos</span> <span class='ocrx_word' id='word_1_127' title='bbox 497 1980 603 2042; x_wconf 87' lang='lat' dir='ltr'>saepe</span> <span class='ocrx_word' id='word_1_128' title='bbox 623 1961 825 2038; x_wconf 71' lang='lat' dir='ltr'>conferunt,</span> <span class='ocrx_word' id='word_1_129' title='bbox 850 1963 1036 2040; x_wconf 84' lang='lat' dir='ltr'>generales</span> <span class='ocrx_word' id='word_1_130' title='bbox 1058 1960 1207 2023; x_wconf 90' lang='lat' dir='ltr'>audiunt</span> <span class='ocrx_word' id='word_1_131' title='bbox 1228 1960 1429 2024; x_wconf 84' lang='lat' dir='ltr'>confessio·</span> 
     </span>
     <span class='ocr_line' id='line_1_16' title="bbox 189 2068 1424 2149; baseline -0.001 -18"><span class='ocrx_word' id='word_1_132' title='bbox 189 2086 270 2147; x_wconf 86' lang='lat' dir='ltr'>nes;</span> <span class='ocrx_word' id='word_1_133' title='bbox 289 2070 380 2133; x_wconf 91' lang='lat' dir='ltr'>inter</span> <span class='ocrx_word' id='word_1_134' title='bbox 395 2088 467 2143; x_wconf 89' lang='lat' dir='ltr'>eos,</span> <span class='ocrx_word' id='word_1_135' title='bbox 485 2071 544 2149; x_wconf 90' lang='lat' dir='ltr'>qui</span> <span class='ocrx_word' id='word_1_136' title='bbox 559 2069 640 2132; x_wconf 92' lang='lat' dir='ltr'>odio</span> <span class='ocrx_word' id='word_1_137' title='bbox 652 2068 833 2145; x_wconf 89' lang='lat' dir='ltr'>dissident,</span> <span class='ocrx_word' id='word_1_138' title='bbox 847 2069 1001 2146; x_wconf 84' lang='lat' dir='ltr'>gratiam</span> <span class='ocrx_word' id='word_1_139' title='bbox 1014 2075 1248 2146; x_wconf 89' lang='lat' dir='ltr'>componunt;</span> <span class='ocrx_word' id='word_1_140' title='bbox 1264 2068 1424 2130; x_wconf 91' lang='lat' dir='ltr'>animam</span> 
     </span>
     <span class='ocr_line' id='line_1_17' title="bbox 194 2173 1428 2256; baseline -0.002 -18"><span class='ocrx_word' id='word_1_141' title='bbox 194 2186 341 2256; x_wconf 85' lang='lat' dir='ltr'>agentes</span> <span class='ocrx_word' id='word_1_142' title='bbox 356 2178 392 2239; x_wconf 92' lang='lat' dir='ltr'>in</span> <span class='ocrx_word' id='word_1_143' title='bbox 407 2177 485 2256; x_wconf 84' lang='lat' dir='ltr'>ipso</span> <span class='ocrx_word' id='word_1_144' title='bbox 499 2178 595 2240; x_wconf 90' lang='lat' dir='ltr'>uitae</span> <span class='ocrx_word' id='word_1_145' title='bbox 611 2177 768 2239; x_wconf 88' lang='lat' dir='ltr'>discessu</span> <span class='ocrx_word' id='word_1_146' title='bbox 783 2175 956 2238; x_wconf 91' lang='lat' dir='ltr'>adiuvant</span> <span class='ocrx_word' id='word_1_147' title='bbox 971 2176 999 2252; x_wconf 74' lang='lat'>⁸3</span> <span class='ocrx_word' id='word_1_148' title='bbox 1016 2175 1198 2252; x_wconf 89' lang='lat' dir='ltr'>multaque</span> <span class='ocrx_word' id='word_1_149' title='bbox 1214 2173 1288 2236; x_wconf 90' lang='lat' dir='ltr'>alia</span> <span class='ocrx_word' id='word_1_150' title='bbox 1308 2174 1428 2236; x_wconf 91' lang='lat' dir='ltr'>huius·</span> 
     </span>
     <span class='ocr_line' id='line_1_18' title="bbox 191 2278 1430 2362; baseline -0.004 -17"><span class='ocrx_word' id='word_1_151' title='bbox 191 2283 286 2345; x_wconf 88' lang='lat' dir='ltr'>modi</span> <span class='ocrx_word' id='word_1_152' title='bbox 316 2283 361 2346; x_wconf 90' lang='lat' dir='ltr'>ad</span> <span class='ocrx_word' id='word_1_153' title='bbox 391 2284 622 2347; x_wconf 86' lang='lat' dir='ltr'>christianam</span> <span class='ocrx_word' id='word_1_154' title='bbox 651 2283 818 2362; x_wconf 89' lang='lat' dir='ltr'>pictatem</span> <span class='ocrx_word' id='word_1_155' title='bbox 844 2280 1055 2362; x_wconf 87' lang='lat' dir='ltr'>pertinentia</span> <span class='ocrx_word' id='word_1_156' title='bbox 1083 2278 1262 2358; x_wconf 91' lang='lat' dir='ltr'>efficiunt,</span> <span class='ocrx_word' id='word_1_157' title='bbox 1298 2281 1430 2360; x_wconf 87' lang='lat' dir='ltr'>quibus</span> 
     </span>
     <span class='ocr_line' id='line_1_19' title="bbox 191 2385 1425 2467; baseline -0.003 -16"><span class='ocrx_word' id='word_1_158' title='bbox 191 2389 354 2452; x_wconf 91' lang='lat' dir='ltr'>omnibus</span> <span class='ocrx_word' id='word_1_159' title='bbox 378 2390 535 2454; x_wconf 85' lang='lat' dir='ltr'>maxima</span> <span class='ocrx_word' id='word_1_160' title='bbox 556 2389 747 2452; x_wconf 90' lang='lat' dir='ltr'>immortali</span> <span class='ocrx_word' id='word_1_161' title='bbox 766 2387 843 2450; x_wconf 89' lang='lat' dir='ltr'>Deo</span> <span class='ocrx_word' id='word_1_162' title='bbox 863 2387 979 2467; x_wconf 89' lang='lat' dir='ltr'>gloria</span> <span class='ocrx_word' id='word_1_163' title='bbox 999 2386 1174 2449; x_wconf 86' lang='lat' dir='ltr'>tribuitur.</span> <span class='ocrx_word' id='word_1_164' title='bbox 1195 2385 1307 2449; x_wconf 88' lang='lat' dir='ltr'>Faxit</span> <span class='ocrx_word' id='word_1_165' title='bbox 1330 2388 1361 2449; x_wconf 92' lang='lat' dir='ltr'>is</span> <span class='ocrx_word' id='word_1_166' title='bbox 1386 2397 1425 2449; x_wconf 90' lang='lat' dir='ltr'>vt</span> 
     </span>
     <span class='ocr_line' id='line_1_20' title="bbox 192 2489 1268 2572; baseline -0.003 -15"><span class='ocrx_word' id='word_1_167' title='bbox 192 2505 320 2559; x_wconf 90' lang='lat' dir='ltr'>cuncta</span> <span class='ocrx_word' id='word_1_168' title='bbox 336 2496 425 2558; x_wconf 90' lang='lat' dir='ltr'>haec</span> <span class='ocrx_word' id='word_1_169' title='bbox 440 2495 485 2559; x_wconf 87' lang='lat' dir='ltr'>ad</span> <span class='ocrx_word' id='word_1_170' title='bbox 500 2497 576 2559; x_wconf 91' lang='lat' dir='ltr'>eius</span> <span class='ocrx_word' id='word_1_171' title='bbox 589 2496 730 2558; x_wconf 90' lang='lat' dir='ltr'>laudem</span> <span class='ocrx_word' id='word_1_172' title='bbox 744 2495 810 2557; x_wconf 91' lang='lat' dir='ltr'>rite</span> <span class='ocrx_word' id='word_1_173' title='bbox 826 2503 859 2556; x_wconf 92' lang='lat' dir='ltr'>et</span> <span class='ocrx_word' id='word_1_174' title='bbox 874 2493 1045 2556; x_wconf 87' lang='lat' dir='ltr'>foeliciter</span> <span class='ocrx_word' id='word_1_175' title='bbox 1058 2489 1268 2572; x_wconf 87' lang='lat' dir='ltr'>procedant.</span> 
     </span>
    </p>

    <p class='ocr_par' dir='ltr' id='par_1_3' title="bbox 191 2598 1431 3640">
     <span class='ocr_line' id='line_1_21' title="bbox 250 2598 1425 2664; baseline -0.002 -1"><span class='ocrx_word' id='word_1_176' title='bbox 250 2600 328 2664; x_wconf 92' lang='lat' dir='ltr'>Hoc</span> <span class='ocrx_word' id='word_1_177' title='bbox 344 2610 462 2664; x_wconf 91' lang='lat' dir='ltr'>autem</span> <span class='ocrx_word' id='word_1_178' title='bbox 476 2602 532 2664; x_wconf 83' lang='lat' dir='ltr'>X.i</span> <span class='ocrx_word' id='word_1_179' title='bbox 552 2602 706 2664; x_wconf 91' lang='lat' dir='ltr'>aduentu</span> <span class='ocrx_word' id='word_1_180' title='bbox 722 2601 880 2663; x_wconf 91' lang='lat' dir='ltr'>nonnulli</span> <span class='ocrx_word' id='word_1_181' title='bbox 893 2599 1017 2662; x_wconf 89' lang='lat' dir='ltr'>Patres</span> <span class='ocrx_word' id='word_1_182' title='bbox 1033 2598 1069 2660; x_wconf 92' lang='lat' dir='ltr'>in</span> <span class='ocrx_word' id='word_1_183' title='bbox 1084 2613 1268 2661; x_wconf 87' lang='lat' dir='ltr'>carcerem</span> <span class='ocrx_word' id='word_1_184' title='bbox 1283 2599 1425 2662; x_wconf 87' lang='lat' dir='ltr'>iuerunt</span> 
     </span>
     <span class='ocr_line' id='line_1_22' title="bbox 191 2704 1424 2784; baseline -0.002 -14"><span class='ocrx_word' id='word_1_185' title='bbox 191 2719 230 2770; x_wconf 90' lang='lat' dir='ltr'>vt</span> <span class='ocrx_word' id='word_1_186' title='bbox 245 2709 444 2772; x_wconf 90' lang='lat' dir='ltr'>uinctorum</span> <span class='ocrx_word' id='word_1_187' title='bbox 460 2709 699 2772; x_wconf 61' lang='lat' dir='ltr'>coufemiones</span> <span class='ocrx_word' id='word_1_188' title='bbox 715 2708 886 2784; x_wconf 87' lang='lat' dir='ltr'>audirent,</span> <span class='ocrx_word' id='word_1_189' title='bbox 904 2717 937 2769; x_wconf 89' lang='lat' dir='ltr'>et</span> <span class='ocrx_word' id='word_1_190' title='bbox 952 2704 1076 2768; x_wconf 91' lang='lat' dir='ltr'>diebus</span> <span class='ocrx_word' id='word_1_191' title='bbox 1089 2704 1258 2767; x_wconf 90' lang='lat' dir='ltr'>mercurii</span> <span class='ocrx_word' id='word_1_192' title='bbox 1282 2705 1330 2768; x_wconf 92' lang='lat' dir='ltr'>ad</span> <span class='ocrx_word' id='word_1_193' title='bbox 1350 2708 1424 2768; x_wconf 91' lang='lat' dir='ltr'>uin-</span> 
     </span>
     <span class='ocr_line' id='line_1_23' title="bbox 192 2810 1425 2893; baseline -0.004 -17"><span class='ocrx_word' id='word_1_194' title='bbox 192 2823 269 2876; x_wconf 90' lang='lat' dir='ltr'>ctos</span> <span class='ocrx_word' id='word_1_195' title='bbox 285 2816 474 2877; x_wconf 87' lang='lat' dir='ltr'>conciones</span> <span class='ocrx_word' id='word_1_196' title='bbox 489 2815 675 2893; x_wconf 91' lang='lat' dir='ltr'>habebant,</span> <span class='ocrx_word' id='word_1_197' title='bbox 692 2822 726 2876; x_wconf 92' lang='lat' dir='ltr'>et</span> <span class='ocrx_word' id='word_1_198' title='bbox 741 2814 915 2876; x_wconf 93' lang='lat' dir='ltr'>dominico</span> <span class='ocrx_word' id='word_1_199' title='bbox 931 2810 1084 2892; x_wconf 91' lang='lat' dir='ltr'>quodam</span> <span class='ocrx_word' id='word_1_200' title='bbox 1099 2810 1154 2873; x_wconf 92' lang='lat' dir='ltr'>die</span> <span class='ocrx_word' id='word_1_201' title='bbox 1178 2812 1284 2873; x_wconf 92' lang='lat' dir='ltr'>multi</span> <span class='ocrx_word' id='word_1_202' title='bbox 1309 2829 1356 2875; x_wconf 86' lang='lat' dir='ltr'>ex</span> <span class='ocrx_word' id='word_1_203' title='bbox 1375 2812 1425 2873; x_wconf 90' lang='lat' dir='ltr'>eis</span> 
     </span>
     <span class='ocr_line' id='line_1_24' title="bbox 192 2922 1424 3001; baseline -0.002 -20"><span class='ocrx_word' id='word_1_204' title='bbox 192 2932 460 2983; x_wconf 84' lang='lat' dir='ltr'>sacrosanctum</span> <span class='ocrx_word' id='word_1_205' title='bbox 476 2922 531 2984; x_wconf 55' lang='grc' dir='ltr'>Χ]</span> <span class='ocrx_word' id='word_1_206' title='bbox 552 2939 681 3001; x_wconf 87' lang='lat' dir='ltr'>corpus</span> <span class='ocrx_word' id='word_1_207' title='bbox 697 2928 925 3000; x_wconf 88' lang='lat' dir='ltr'>acceperunt;</span> <span class='ocrx_word' id='word_1_208' title='bbox 952 2935 1019 2997; x_wconf 91' lang='lat' dir='ltr'>qua</span> <span class='ocrx_word' id='word_1_209' title='bbox 1046 2935 1147 2979; x_wconf 87' lang='lat' dir='ltr'>exre</span> <span class='ocrx_word' id='word_1_210' title='bbox 1169 2933 1330 2995; x_wconf 87' lang='lat' dir='ltr'>magnus</span> <span class='ocrx_word' id='word_1_211' title='bbox 1349 2935 1424 2997; x_wconf 88' lang='lat' dir='ltr'>per·</span> 
     </span>
     <span class='ocr_line' id='line_1_25' title="bbox 192 3024 1425 3108; baseline -0.002 -19"><span class='ocrx_word' id='word_1_212' title='bbox 192 3041 314 3106; x_wconf 86' lang='lat' dir='ltr'>ceptus</span> <span class='ocrx_word' id='word_1_213' title='bbox 323 3040 375 3090; x_wconf 85' lang='lat' dir='ltr'>est</span> <span class='ocrx_word' id='word_1_214' title='bbox 387 3029 532 3090; x_wconf 84' lang='lat' dir='ltr'>fructus.</span> <span class='ocrx_word' id='word_1_215' title='bbox 545 3030 683 3108; x_wconf 54' lang='lat' dir='ltr'>liquam</span> <span class='ocrx_word' id='word_1_216' title='bbox 696 3029 800 3089; x_wconf 86' lang='lat' dir='ltr'>etiam</span> <span class='ocrx_word' id='word_1_217' title='bbox 812 3045 856 3089; x_wconf 87' lang='lat' dir='ltr'>ex</span> <span class='ocrx_word' id='word_1_218' title='bbox 867 3026 962 3087; x_wconf 85' lang='lat' dir='ltr'>fonte</span> <span class='ocrx_word' id='word_1_219' title='bbox 974 3025 1112 3104; x_wconf 88' lang='lat' dir='ltr'>publico</span> <span class='ocrx_word' id='word_1_220' title='bbox 1125 3024 1320 3102; x_wconf 88' lang='lat' dir='ltr'>aliquoties</span> <span class='ocrx_word' id='word_1_221' title='bbox 1334 3044 1425 3087; x_wconf 91' lang='lat' dir='ltr'>com·</span> 
     </span>
     <span class='ocr_line' id='line_1_26' title="bbox 194 3131 1425 3215; baseline 0.001 -22"><span class='ocrx_word' id='word_1_222' title='bbox 194 3146 399 3212; x_wconf 77' lang='lat' dir='ltr'>portarun13</span> <span class='ocrx_word' id='word_1_223' title='bbox 417 3153 579 3215; x_wconf 86' lang='lat' dir='ltr'>quaeres</span> <span class='ocrx_word' id='word_1_224' title='bbox 601 3138 790 3197; x_wconf 91' lang='lat' dir='ltr'>multorum</span> <span class='ocrx_word' id='word_1_225' title='bbox 812 3134 950 3194; x_wconf 90' lang='lat' dir='ltr'>animos</span> <span class='ocrx_word' id='word_1_226' title='bbox 970 3131 1013 3192; x_wconf 91' lang='lat' dir='ltr'>ad</span> <span class='ocrx_word' id='word_1_227' title='bbox 1036 3131 1192 3192; x_wconf 91' lang='lat' dir='ltr'>diuinam</span> <span class='ocrx_word' id='word_1_228' title='bbox 1213 3131 1425 3200; x_wconf 79' lang='lat' dir='ltr'>bonitatem.</span> 
     </span>
     <span class='ocr_line' id='line_1_27' title="bbox 192 3235 1427 3319; baseline -0.002 -18"><span class='ocrx_word' id='word_1_229' title='bbox 192 3259 236 3302; x_wconf 87' lang='lat' dir='ltr'>ex</span> <span class='ocrx_word' id='word_1_230' title='bbox 253 3260 321 3319; x_wconf 91' lang='lat' dir='ltr'>qua</span> <span class='ocrx_word' id='word_1_231' title='bbox 338 3243 455 3303; x_wconf 86' lang='lat' dir='ltr'>omnia</span> <span class='ocrx_word' id='word_1_232' title='bbox 471 3253 647 3318; x_wconf 87' lang='lat' dir='ltr'>emanant,</span> <span class='ocrx_word' id='word_1_233' title='bbox 666 3240 878 3302; x_wconf 89' lang='lat' dir='ltr'>laudandam</span> <span class='ocrx_word' id='word_1_234' title='bbox 894 3237 1071 3300; x_wconf 87' lang='lat' dir='ltr'>excitauit.</span> <span class='ocrx_word' id='word_1_235' title='bbox 1089 3235 1238 3298; x_wconf 84' lang='lat' dir='ltr'>Tradita</span> <span class='ocrx_word' id='word_1_236' title='bbox 1251 3239 1427 3300; x_wconf 86' lang='lat' dir='ltr'>exercitia</span> 
     </span>
     <span class='ocr_line' id='line_1_28' title="bbox 193 3343 1431 3427; baseline 0.001 -20"><span class='ocrx_word' id='word_1_237' title='bbox 193 3359 273 3409; x_wconf 86' lang='lat' dir='ltr'>sunt</span> <span class='ocrx_word' id='word_1_238' title='bbox 302 3349 511 3427; x_wconf 86' lang='lat' dir='ltr'>quibusdum</span> <span class='ocrx_word' id='word_1_239' title='bbox 536 3347 870 3425; x_wconf 88' lang='lat' dir='ltr'>sanctimonialibus,</span> <span class='ocrx_word' id='word_1_240' title='bbox 893 3345 985 3425; x_wconf 92' lang='lat' dir='ltr'>quod</span> <span class='ocrx_word' id='word_1_241' title='bbox 1007 3361 1077 3405; x_wconf 91' lang='lat' dir='ltr'>non</span> <span class='ocrx_word' id='word_1_242' title='bbox 1100 3343 1322 3407; x_wconf 86' lang='lat' dir='ltr'>mediocrem</span> <span class='ocrx_word' id='word_1_243' title='bbox 1345 3347 1431 3425; x_wconf 81' lang='lat' dir='ltr'>ipsis</span> 
     </span>
     <span class='ocr_line' id='line_1_29' title="bbox 193 3450 1430 3541; baseline 0.002 -27"><span class='ocrx_word' id='word_1_244' title='bbox 193 3455 381 3517; x_wconf 83' lang='lat' dir='ltr'>utilitatem</span> <span class='ocrx_word' id='word_1_245' title='bbox 398 3457 523 3517; x_wconf 87' lang='lat' dir='ltr'>attulit.</span> <span class='ocrx_word' id='word_1_246' title='bbox 542 3455 701 3541; x_wconf 83' lang='lat' dir='ltr'>Denique</span> <span class='ocrx_word' id='word_1_247' title='bbox 717 3455 835 3516; x_wconf 90' lang='lat' dir='ltr'>omnia</span> <span class='ocrx_word' id='word_1_248' title='bbox 852 3452 939 3529; x_wconf 81' lang='lat' dir='ltr'>(Deo</span> <span class='ocrx_word' id='word_1_249' title='bbox 955 3450 1084 3530; x_wconf 85' lang='lat' dir='ltr'>gratia)</span> <span class='ocrx_word' id='word_1_250' title='bbox 1101 3467 1233 3528; x_wconf 88' lang='lat' dir='ltr'>magno</span> <span class='ocrx_word' id='word_1_251' title='bbox 1250 3468 1338 3514; x_wconf 92' lang='lat' dir='ltr'>cum</span> <span class='ocrx_word' id='word_1_252' title='bbox 1357 3456 1430 3516; x_wconf 89' lang='lat' dir='ltr'>ani-</span> 
     </span>
     <span class='ocr_line' id='line_1_30' title="bbox 195 3557 1121 3640; baseline -0.005 -20"><span class='ocrx_word' id='word_1_253' title='bbox 195 3576 330 3622; x_wconf 91' lang='lat' dir='ltr'>morum</span> <span class='ocrx_word' id='word_1_254' title='bbox 347 3561 463 3623; x_wconf 80' lang='lat' dir='ltr'>fructu</span> <span class='ocrx_word' id='word_1_255' title='bbox 480 3579 646 3640; x_wconf 89' lang='lat' dir='ltr'>prospere</span> <span class='ocrx_word' id='word_1_256' title='bbox 661 3561 900 3638; x_wconf 82' lang='lat' dir='ltr'>foeliciterque</span> <span class='ocrx_word' id='word_1_257' title='bbox 916 3557 1121 3638; x_wconf 90' lang='lat' dir='ltr'>procedunt.</span> 
     </span>
    </p>
   </div>
   <div class='ocr_carea' id='block_1_3' title="bbox 194 3664 1439 4283">
    <p class='ocr_par' dir='ltr' id='par_1_4' title="bbox 194 3664 1439 4283">
     <span class='ocr_line' id='line_1_31' title="bbox 257 3664 1431 3746; baseline 0.002 -18"><span class='ocrx_word' id='word_1_258' title='bbox 257 3667 345 3728; x_wconf 79' lang='lat' dir='ltr'>Cum</span> <span class='ocrx_word' id='word_1_259' title='bbox 361 3678 461 3746; x_wconf 85' lang='lat' dir='ltr'>pater</span> <span class='ocrx_word' id='word_1_260' title='bbox 477 3669 618 3746; x_wconf 90' lang='lat' dir='ltr'>quidam</span> <span class='ocrx_word' id='word_1_261' title='bbox 634 3668 679 3729; x_wconf 90' lang='lat' dir='ltr'>ad</span> <span class='ocrx_word' id='word_1_262' title='bbox 699 3667 881 3730; x_wconf 88' lang='lat' dir='ltr'>cuiusdam</span> <span class='ocrx_word' id='word_1_263' title='bbox 901 3664 1056 3726; x_wconf 89' lang='lat' dir='ltr'>mulieris</span> <span class='ocrx_word' id='word_1_264' title='bbox 1076 3679 1209 3740; x_wconf 86' lang='lat' dir='ltr'>aegrae</span> <span class='ocrx_word' id='word_1_265' title='bbox 1231 3665 1431 3730; x_wconf 84' lang='lat' dir='ltr'>consessio·</span> 
     </span>
     <span class='ocr_line' id='line_1_32' title="bbox 194 3770 1430 3851; baseline 0.004 -19"><span class='ocrx_word' id='word_1_266' title='bbox 194 3790 273 3833; x_wconf 91' lang='lat' dir='ltr'>nem</span> <span class='ocrx_word' id='word_1_267' title='bbox 290 3774 501 3835; x_wconf 84' lang='lat' dir='ltr'>audiendam</span> <span class='ocrx_word' id='word_1_268' title='bbox 518 3784 771 3851; x_wconf 87' lang='lat' dir='ltr'>accerseretur,</span> <span class='ocrx_word' id='word_1_269' title='bbox 795 3774 840 3834; x_wconf 91' lang='lat' dir='ltr'>ibi</span> <span class='ocrx_word' id='word_1_270' title='bbox 856 3770 1025 3833; x_wconf 86' lang='lat' dir='ltr'>intellexit</span> <span class='ocrx_word' id='word_1_271' title='bbox 1045 3771 1120 3831; x_wconf 89' lang='lat' dir='ltr'>eius</span> <span class='ocrx_word' id='word_1_272' title='bbox 1142 3770 1307 3835; x_wconf 92' lang='lat' dir='ltr'>mulieris</span> <span class='ocrx_word' id='word_1_273' title='bbox 1324 3776 1430 3837; x_wconf 89' lang='lat' dir='ltr'>mari-</span> 
     </span>
     <span class='ocr_line' id='line_1_33' title="bbox 194 3876 1434 3960; baseline 0.004 -22"><span class='ocrx_word' id='word_1_274' title='bbox 194 3889 266 3939; x_wconf 93' lang='lat' dir='ltr'>tum</span> <span class='ocrx_word' id='word_1_275' title='bbox 283 3898 363 3942; x_wconf 91' lang='lat' dir='ltr'>cum</span> <span class='ocrx_word' id='word_1_276' title='bbox 379 3881 530 3958; x_wconf 79' lang='lat' dir='ltr'>quodam</span> <span class='ocrx_word' id='word_1_277' title='bbox 546 3883 615 3942; x_wconf 87' lang='lat' dir='ltr'>alio</span> <span class='ocrx_word' id='word_1_278' title='bbox 631 3881 831 3943; x_wconf 91' lang='lat' dir='ltr'>inimicitias</span> <span class='ocrx_word' id='word_1_279' title='bbox 847 3879 975 3941; x_wconf 88' lang='lat' dir='ltr'>habere</span> <span class='ocrx_word' id='word_1_280' title='bbox 991 3876 1013 3952; x_wconf 77' lang='lat'>⁸,</span> <span class='ocrx_word' id='word_1_281' title='bbox 1031 3877 1282 3954; x_wconf 90' lang='lat' dir='ltr'>ideoque·cum</span> <span class='ocrx_word' id='word_1_282' title='bbox 1299 3898 1346 3942; x_wconf 93' lang='lat' dir='ltr'>eo</span> <span class='ocrx_word' id='word_1_283' title='bbox 1358 3883 1434 3960; x_wconf 87' lang='lat' dir='ltr'>agit</span> 
     </span>
     <span class='ocr_line' id='line_1_34' title="bbox 194 3983 1435 4068; baseline 0.005 -23"><span class='ocrx_word' id='word_1_284' title='bbox 194 3997 232 4046; x_wconf 79' lang='lat' dir='ltr'>vt</span> <span class='ocrx_word' id='word_1_285' title='bbox 248 3986 450 4048; x_wconf 88' lang='lat' dir='ltr'>inimicitius</span> <span class='ocrx_word' id='word_1_286' title='bbox 466 3989 631 4067; x_wconf 88' lang='lat' dir='ltr'>deponat.</span> <span class='ocrx_word' id='word_1_287' title='bbox 645 3986 775 4049; x_wconf 91' lang='lat' dir='ltr'>Diuina</span> <span class='ocrx_word' id='word_1_288' title='bbox 788 3986 895 4064; x_wconf 93' lang='lat' dir='ltr'>igitur</span> <span class='ocrx_word' id='word_1_289' title='bbox 907 3984 1063 4045; x_wconf 88' lang='lat' dir='ltr'>bonitate</span> <span class='ocrx_word' id='word_1_290' title='bbox 1075 3983 1283 4058; x_wconf 90' lang='lat' dir='ltr'>adiuuante,</span> <span class='ocrx_word' id='word_1_291' title='bbox 1300 4004 1342 4048; x_wconf 92' lang='lat' dir='ltr'>re</span> <span class='ocrx_word' id='word_1_292' title='bbox 1359 4006 1435 4068; x_wconf 89' lang='lat' dir='ltr'>per-</span> 
     </span>
     <span class='ocr_line' id='line_1_35' title="bbox 195 4089 1436 4169; baseline 0.006 -19"><span class='ocrx_word' id='word_1_293' title='bbox 195 4090 287 4152; x_wconf 85' lang='lat' dir='ltr'>lecta</span> <span class='ocrx_word' id='word_1_294' title='bbox 305 4093 477 4155; x_wconf 86' lang='lat' dir='ltr'>discessit.</span> <span class='ocrx_word' id='word_1_295' title='bbox 496 4095 601 4156; x_wconf 90' lang='lat' dir='ltr'>Pater</span> <span class='ocrx_word' id='word_1_296' title='bbox 617 4095 705 4155; x_wconf 87' lang='lat' dir='ltr'>alius</span> <span class='ocrx_word' id='word_1_297' title='bbox 721 4111 800 4155; x_wconf 91' lang='lat' dir='ltr'>cum</span> <span class='ocrx_word' id='word_1_298' title='bbox 817 4092 931 4153; x_wconf 91' lang='lat' dir='ltr'>uirum</span> <span class='ocrx_word' id='word_1_299' title='bbox 947 4090 1134 4169; x_wconf 89' lang='lat' dir='ltr'>quemdam</span> <span class='ocrx_word' id='word_1_300' title='bbox 1148 4089 1313 4154; x_wconf 90' lang='lat' dir='ltr'>nobilem</span> <span class='ocrx_word' id='word_1_301' title='bbox 1330 4095 1436 4157; x_wconf 81' lang='lat' dir='ltr'>simili</span> 
     </span>
     <span class='ocr_line' id='line_1_36' title="bbox 194 4196 1439 4283; baseline 0.006 -27"><span class='ocrx_word' id='word_1_302' title='bbox 194 4196 237 4258; x_wconf 85' lang='lat' dir='ltr'>de</span> <span class='ocrx_word' id='word_1_303' title='bbox 254 4216 291 4259; x_wconf 90' lang='lat' dir='ltr'>re</span> <span class='ocrx_word' id='word_1_304' title='bbox 308 4201 525 4277; x_wconf 88' lang='lat' dir='ltr'>conueniret,</span> <span class='ocrx_word' id='word_1_305' title='bbox 542 4211 677 4262; x_wconf 91' lang='lat' dir='ltr'>tantum</span> <span class='ocrx_word' id='word_1_306' title='bbox 690 4200 809 4260; x_wconf 91' lang='lat' dir='ltr'>diuina</span> <span class='ocrx_word' id='word_1_307' title='bbox 822 4215 888 4277; x_wconf 88' lang='lat' dir='ltr'>ope</span> <span class='ocrx_word' id='word_1_308' title='bbox 900 4196 1061 4258; x_wconf 87' lang='lat' dir='ltr'>effectum</span> <span class='ocrx_word' id='word_1_309' title='bbox 1073 4203 1126 4256; x_wconf 85' lang='lat' dir='ltr'>est</span> <span class='ocrx_word' id='word_1_310' title='bbox 1138 4206 1188 4267; x_wconf 81' lang='lat' dir='ltr'>vt,</span> <span class='ocrx_word' id='word_1_311' title='bbox 1204 4196 1439 4283; x_wconf 86' lang='lat' dir='ltr'>simulatque</span> 
     </span>
    </p>
   </div>
   <div class='ocr_carea' id='block_1_4' title="bbox 193 4353 407 4366">
    <p class='ocr_par' dir='ltr' id='par_1_5' title="bbox 193 4353 407 4366">
     <span class='ocr_line' id='line_1_37' title="bbox 193 4353 407 4366; baseline 0.023 -5"><span class='ocrx_word' id='word_1_312' title='bbox 193 4353 407 4366; x_wconf 62' lang='lat' dir='ltr'>u—‹—</span> 
     </span>
    </p>
   </div>
   <div class='ocr_carea' id='block_1_5' title="bbox 233 4435 1439 4703">
    <p class='ocr_par' dir='ltr' id='par_1_6' title="bbox 237 4435 509 4490">
     <span class='ocr_line' id='line_1_38' title="bbox 237 4435 509 4490; baseline 0.018 -15"><span class='ocrx_word' id='word_1_313' title='bbox 237 4437 242 4463; x_wconf 79' lang='lat'><strong>¹</strong></span> <span class='ocrx_word' id='word_1_314' title='bbox 275 4435 509 4490; x_wconf 74' lang='lat' dir='ltr'>1‘.t1areusJ0rge.</span> 
     </span>
    </p>

    <p class='ocr_par' dir='ltr' id='par_1_7' title="bbox 234 4505 1439 4635">
     <span class='ocr_line' id='line_1_39' title="bbox 234 4505 1439 4561; baseline 0.007 -14"><span class='ocrx_word' id='word_1_315' title='bbox 234 4507 244 4533; x_wconf 70' lang='lat'><strong>²</strong></span> <span class='ocrx_word' id='word_1_316' title='bbox 274 4508 333 4549; x_wconf 58' lang='lat' dir='ltr'>:ltin</span> <span class='ocrx_word' id='word_1_317' title='bbox 345 4519 435 4550; x_wconf 74' lang='lat' dir='ltr'>munus</span> <span class='ocrx_word' id='word_1_318' title='bbox 445 4511 601 4560; x_wconf 79' lang='lat' dir='ltr'>emendavit,</span> <span class='ocrx_word' id='word_1_319' title='bbox 613 4511 661 4552; x_wconf 91' lang='lat' dir='ltr'>hoc</span> <span class='ocrx_word' id='word_1_320' title='bbox 671 4510 794 4560; x_wconf 82' lang='lat' dir='ltr'>scribens,</span> <span class='ocrx_word' id='word_1_321' title='bbox 805 4518 851 4561; x_wconf 90' lang='lat' dir='ltr'>pro</span> <span class='ocrx_word' id='word_1_322' title='bbox 863 4514 1016 4557; x_wconf 82' lang='lat' dir='ltr'>unoquoque</span> <span class='ocrx_word' id='word_1_323' title='bbox 1028 4514 1130 4553; x_wconf 85' lang='lat' dir='ltr'>mense,</span> <span class='ocrx_word' id='word_1_324' title='bbox 1139 4505 1262 4557; x_wconf 79' lang='lat' dir='ltr'>singulis</span> <span class='ocrx_word' id='word_1_325' title='bbox 1283 4516 1439 4557; x_wconf 76' lang='lat' dir='ltr'>mensibus.</span> 
     </span>
     <span class='ocr_line' id='line_1_40' title="bbox 234 4575 1296 4635; baseline 0.005 -17"><span class='ocrx_word' id='word_1_326' title='bbox 234 4575 245 4605; x_wconf 80' lang='lat'><strong>³</strong></span> <span class='ocrx_word' id='word_1_327' title='bbox 276 4577 322 4619; x_wconf 84' lang='lat' dir='ltr'>Hic</span> <span class='ocrx_word' id='word_1_328' title='bbox 335 4579 413 4620; x_wconf 86' lang='lat' dir='ltr'>etiam</span> <span class='ocrx_word' id='word_1_329' title='bbox 425 4582 461 4622; x_wconf 87' lang='lat' dir='ltr'>sie</span> <span class='ocrx_word' id='word_1_330' title='bbox 472 4582 634 4623; x_wconf 82' lang='lat' dir='ltr'>emendatum</span> <span class='ocrx_word' id='word_1_331' title='bbox 646 4588 693 4623; x_wconf 76' lang='lat' dir='ltr'>est:</span> <span class='ocrx_word' id='word_1_332' title='bbox 704 4580 817 4633; x_wconf 81' lang='lat' dir='ltr'>gratiam</span> <span class='ocrx_word' id='word_1_333' title='bbox 829 4576 982 4635; x_wconf 72' lang='lat' dir='ltr'>conciliant,</span> <span class='ocrx_word' id='word_1_334' title='bbox 994 4575 1139 4617; x_wconf 73' lang='lat' dir='ltr'>morientes</span> <span class='ocrx_word' id='word_1_335' title='bbox 1150 4575 1296 4624; x_wconf 84' lang='lat' dir='ltr'>adiuvant.</span> 
     </span>
    </p>

    <p class='ocr_par' dir='ltr' id='par_1_8' title="bbox 233 4649 557 4703">
     <span class='ocr_line' id='line_1_41' title="bbox 233 4649 557 4703; baseline 0.019 -15"><span class='ocrx_word' id='word_1_336' title='bbox 233 4651 245 4678; x_wconf 76' lang='lat'>⁴</span> <span class='ocrx_word' id='word_1_337' title='bbox 274 4649 557 4703; x_wconf 73' lang='lat' dir='ltr'>Emendatumgerere.</span> 
     </span>
    </p>
   </div>
   <div class='ocr_carea' id='block_1_6' title="bbox 0 0 1638 5386">
    <p class='ocr_par' dir='ltr' id='par_1_9' title="bbox 0 0 1638 5386">
     <span class='ocr_line' id='line_1_42' title="bbox 0 0 1638 5386; baseline 0 0"><span class='ocrx_word' id='word_1_338' title='bbox 0 0 1638 5386; x_wconf 95' lang='lat' dir='ltr'> </span> 
     </span>
    </p>
   </div>
  </div>
 </body>
</html>
