3210 5392
179 431 234 492 438
563 429 735 489 errsxns
754 446 1025 499 ouxoannssrxes

178 577 273 640 xime
288 579 459 657 sequenti,
476 588 663 659 postquam
684 578 866 641 confessus
891 588 955 656 est,
973 579 1008 640 in
1028 577 1225 657 Collegium
1247 587 1351 640 nostri

180 685 326 760 uenerit,
345 695 378 747 et
394 685 453 765 qui
470 695 575 748 antea
590 685 708 766 tepida
724 685 877 766 quadam
896 684 1038 748 uiuendi
1061 685 1200 748 ratione
1220 693 1351 747 content

179 800 267 869 erat,
283 809 377 854 nunc
395 792 520 856 maiori
534 792 674 856 feruore
689 810 727 855 se
743 802 854 855 totum
865 792 984 855 tradat
999 792 1181 855 exercitiis
1198 791 1350 872 pietatis.

239 896 320 960 Alia
337 898 511 978 quaedam
526 898 678 961 foemina
703 900 865 962 confessa
880 907 944 975 est,
967 915 1057 979 quae
1082 915 1146 978 per
1170 910 1268 961 totos
1283 897 1351 976 vigi

180 1003 332 1084 quinque
348 1022 461 1068 annos
476 1007 561 1069 nulli
576 1005 794 1069 confessario
808 1022 910 1068 suam
930 1005 1187 1068 conscientiam
1205 1022 1351 1085 aperuer

181 1127 252 1173 non
267 1111 310 1174 ob
326 1111 421 1174 aliud
441 1113 509 1175 nisi
528 1114 610 1193 quia
625 1111 834 1175 confessarii
856 1112 887 1175 ei
907 1111 1103 1175 suadebant
1125 1120 1163 1175 ut
1184 1112 1351 1191 publicet

180 1217 383 1280 trimonium
395 1219 621 1282 contraheret
632 1219 887 1282 interueniente
898 1219 1094 1282 ministerio
1102 1217 1315 1282 sacerdotis:
1329 1236 1351 1281 n

181 1324 248 1402 uir,
262 1342 342 1387 cum
354 1326 504 1405 quoiam
516 1326 634 1388 multis
645 1325 769 1389 diebus
784 1327 895 1394 uitam
907 1325 1070 1405 degebat,
1087 1328 1163 1390 solo
1176 1326 1340 1388 clanculo

181 1432 400 1495 clandestino
426 1433 651 1496 matrimonio
673 1434 706 1496 ei
731 1433 845 1496 suerat
870 1434 1066 1513 copulatus.
1091 1431 1295 1495 Verebatur
1321 1431 1351 1494 lu

182 1539 307 1600 mulier
322 1539 449 1602 mirum
473 1540 508 1602 in
523 1539 677 1613 modum,
695 1539 725 1602 si
747 1539 782 1601 id
806 1539 899 1619 quod
915 1538 1124 1602 confessarii
1143 1538 1351 1619 praecipieb:

182 1656 427 1726 exequeretur,
440 1648 477 1710 in
488 1664 662 1711 summam
674 1647 907 1725 ignominiam
919 1646 1163 1723 deventuram3
1175 1646 1295 1709 aiebat
1305 1663 1351 1708 en:

184 1752 245 1830 qui
258 1768 314 1815 me
330 1771 422 1816 nunc
438 1753 553 1817 denuo
574 1753 609 1816 id
629 1753 766 1816 efficere
786 1753 1015 1833 conspicient,
1033 1752 1178 1816 credent
1192 1752 1290 1815 haud
1308 1752 1351 1815 du

183 1860 315 1922 nullum
331 1870 435 1923 antea
450 1861 687 1940 praecessisse
703 1860 979 1938 matrimonium,
999 1876 1113 1939 neque
1132 1875 1189 1922 me
1209 1859 1351 1938 coniuge

182 1964 244 2027 sed
259 1967 491 2029 concubinam
511 1967 663 2030 hominis
683 1966 787 2029 huius
807 1967 978 2029 hactenus
998 1965 1168 2029 extitisse.
1190 1965 1270 2028 Hoc
1291 1965 1351 2027 ita<

183 2073 377 2136 retinaculo
404 2073 585 2137 daemonis
610 2073 784 2137 industria
810 2074 963 2150 detenta,
990 2074 1086 2136 nulla
1107 2073 1248 2137 ratione
1272 2073 1351 2135 uole

182 2180 415 2244 saluberrimo
436 2181 618 2244 Ecclesiae
639 2181 683 2243 de
703 2180 924 2243 confessione
946 2189 1137 2261 praecepto
1152 2181 1351 2261 obtempera

182 2284 289 2349 Venit
305 2288 371 2350 hoc
392 2287 437 2350 ad
456 2305 561 2350 aures
583 2287 767 2350 cuiusdam
784 2285 900 2349 Patris
918 2287 1043 2362 nostri,
1067 2287 1127 2367 qui
1148 2303 1318 2367 magnam
1335 2286 1351 2349 d

180 2394 339 2473 gentiam
352 2394 510 2457 adhibuit
526 2402 563 2456 ut
584 2393 672 2456 haec
693 2394 818 2457 mulier
842 2392 1079 2469 confiteretur,
1104 2403 1139 2456 et
1160 2394 1210 2456 ita
1233 2392 1351 2457 confes

180 2503 313 2564 riorum
328 2500 432 2563 dictis
447 2500 583 2563 audiret
599 2500 643 2563 de
658 2500 796 2580 publice
812 2500 1054 2562 contrahendo
1070 2500 1309 2579 matrimonio,
1323 2512 1351 2562 ut

182 2609 313 2670 nullam
325 2607 557 2687 ignominiam
568 2607 671 2669 huius
683 2607 849 2676 mulieris,
863 2623 969 2687 quam
982 2607 1058 2686 ipsa
1070 2608 1274 2681 uerebatur,
1287 2623 1345 2669 res

182 2714 291 2777 deret:
303 2714 421 2794 itaque
432 2712 748 2792 Archiepiscopum
757 2714 929 2774 allocutus
941 2723 975 2775 et
989 2729 1068 2775 eum
1080 2711 1293 2790 sacrificum,
1307 2729 1351 2793 qu

181 2822 258 2902 ipsa
268 2821 313 2884 ad
325 2821 392 2884 hoc
404 2820 627 2883 commodum
639 2820 755 2898 elegit,
767 2819 891 2881 eodem
902 2817 1006 2881 modo
1020 2829 1054 2881 et
1065 2819 1192 2882 eodem
1202 2820 1294 2897 loco,
1307 2835 1351 2899 qu

179 2930 257 3009 ipsa
274 2927 476 3008 postulauit,
494 2927 675 3004 negotium
692 2926 840 3005 peregit,
864 2926 984 3003 sicque
1004 2924 1169 2988 effectum
1188 2935 1255 3001 est,
1282 2935 1351 2989 utn

182 3036 246 3098 lier
269 3037 356 3097 haec
377 3034 612 3096 miserrimum
638 3043 769 3095 statum
793 3033 931 3112 peccati
953 3032 1159 3109 deseruerit,
1182 3041 1351 3112 antequat

180 3143 301 3205 diuino
313 3142 486 3221 supplicio
498 3141 533 3202 in
545 3157 587 3202 eo
599 3141 931 3220 deprehenderetur.
947 3140 1070 3202 Mulier
1082 3140 1189 3202 etiam
1200 3141 1271 3202 alia
1288 3140 1351 3202 aui

181 3267 263 3313 cum
278 3266 346 3328 quo
362 3258 496 3327 septem
512 3249 567 3309 uel
582 3257 662 3309 octo
678 3247 781 3309 annis
797 3248 907 3309 uitam
927 3257 1060 3325 egerat,
1082 3246 1198 3310 fuerat
1221 3246 1351 3310 disiunt

181 3368 257 3419 tum
272 3356 316 3418 ob
331 3354 605 3434 imprudentium
620 3353 919 3416 confessariorum
935 3353 1132 3429 consilium,
1144 3366 1221 3415 tum
1241 3354 1349 3417 etiam

183 3478 307 3542 preces
326 3461 559 3541 quorumdam
580 3460 772 3537 hominum,
794 3461 853 3539 qui
873 3477 951 3522 eam
974 3461 1211 3522 incitauerant
1238 3469 1277 3522 ut
1292 3477 1351 3522 sec

182 3571 418 3632 committeret
435 3568 656 3630 adulterium.
670 3566 780 3644 Quae,
795 3577 832 3629 ut
844 3567 968 3629 melius
982 3567 1161 3647 tutiusque
1169 3577 1292 3647 posset
1309 3585 1351 3630 ar

184 3677 242 3739 riti
270 3675 482 3738 commercio
505 3675 697 3736 dissociata
720 3691 938 3753 permanere,
961 3675 1083 3752 magni
1108 3673 1270 3736 criminis
1292 3691 1351 3736 sen

182 3784 297 3863 ipsam
309 3791 390 3843 ante
402 3780 552 3843 iudicem
567 3781 759 3856 accusauit,
775 3798 986 3843 asseuerans
1001 3797 1038 3842 se
1051 3791 1132 3843 ante
1147 3781 1351 3844 matrimoni

183 3889 359 3971 quosdam
375 3889 534 3950 homines
555 3905 619 3950 suo
646 3888 773 3950 marito
800 3888 1106 3966 consanguinitate
1126 3888 1339 3951 coniunctos

183 3997 362 4076 gnouisse,
381 4006 414 4057 et
437 3994 584 4074 proinde
610 3994 847 4056 contendebat
867 3995 996 4056 nullius
1018 3993 1196 4056 efficaciae
1219 3993 1351 4073 fuissej

187 4122 282 4167 mum
303 4102 578 4165 matrimonium.
596 4099 683 4164 Cum
704 4117 790 4179 ergo
807 4100 959 4163 adhunc
975 4109 1107 4164 statum
1122 4118 1179 4163 res
1199 4101 1351 4165 deuenis:

186 4210 230 4273 ad
242 4211 429 4291 quemdam
446 4209 608 4271 enostris
622 4209 779 4287 patribus
791 4209 893 4271 huius
910 4208 961 4270 rei
977 4208 1135 4286 cognitio
1149 4209 1325 4288 peruenit,
1341 4225 1351 4269 <

186 4319 305 4381 statim
321 4327 426 4396 atque
451 4317 559 4392 nouit,
578 4317 758 4379 mulierem
773 4316 954 4393 conuenit;
972 4326 1009 4378 ut
1024 4325 1172 4395 peccata
1193 4332 1259 4378 sua
1274 4318 1351 4379 conl

185 4435 283 4488 retur
300 4425 405 4504 (quod
421 4443 442 4486 a
462 4424 579 4486 multis
604 4424 706 4485 annis
731 4441 801 4485 non
825 4424 970 4497 fecerat)
987 4423 1110 4499 suasit,
1133 4422 1292 4504 adeoque
1314 4422 1350 4484 su

186 4531 320 4611 Spiritu
335 4530 466 4595 Sancto
482 4531 516 4592 in
536 4530 757 4593 consessione
774 4541 961 4607 commota,
979 4539 1016 4592 ut
1037 4547 1076 4592 se
1097 4537 1210 4600 totam
1234 4537 1270 4592 et
1285 4545 1351 4592 cun

185 4657 252 4701 sua
266 4640 409 4718 negotia
426 4640 461 4701 in
477 4654 583 4700 manu
598 4636 714 4701 Patris
729 4637 895 4717 posuerit,
913 4636 947 4698 id
963 4637 1077 4698 solum
1092 4645 1298 4714 executura,
1314 4653 1351 4715 qu
