3210 5392
188 401 242 460 tot
573 400 744 460 L1rrsaan
763 413 1034 468 Quanamnsrnas

248 544 361 608 Efficit
376 545 483 607 etiam
499 545 535 607 in
555 545 779 609 scholasticis
800 561 864 625 per
888 544 1080 623 magistros
1105 543 1216 606 multa
1231 541 1363 606 Domin

187 650 291 732 idque
318 663 461 732 propter
486 652 667 715 doctrinae
693 652 911 715 christianae
938 649 1215 731 expositionem,
1240 667 1349 731 quam

188 759 338 838 singulis
353 759 476 823 diebus
492 757 688 836 dominicis,
711 759 747 821 in
768 775 833 821 sua
857 760 1006 837 quisque
1031 759 1124 835 aula,
1140 756 1274 820 habent
1293 756 1363 821 ead

189 865 296 942 hora,
327 883 397 945 qua
422 865 559 944 publice
584 866 714 944 populo
740 865 941 945 exponitur.
969 863 1094 928 Totius
1118 881 1205 928 uero
1231 863 1363 943 probitr

185 973 361 1052 exemplO,
378 972 472 1052 quod
487 972 536 1035 illi
552 971 734 1051 praebent,
752 972 919 1034 commoti
931 972 1147 1049 scholastici,
1160 979 1261 1035 tanta
1274 988 1363 1034 vene

185 1079 283 1142 tione
298 1088 404 1159 atque
420 1079 647 1141 obseruantia
663 1078 788 1141 Patres
802 1096 845 1141 ac
861 1078 1008 1141 Fratres
1023 1076 1212 1142 Societatis
1235 1081 1359 1141 colunt

186 1186 249 1249 uix
264 1185 332 1249 dici
348 1186 470 1265 possit;
488 1185 671 1266 dequibus
691 1186 791 1248 multi
817 1194 898 1248 sunt
912 1185 1002 1248 adeo
1018 1185 1168 1248 studiosi
1191 1185 1352 1264 virtutiS,

187 1301 329 1372 praeter
344 1300 542 1354 menstruas
561 1291 814 1369 confessiones
836 1291 1037 1354 scholarum
1060 1291 1194 1371 regulis
1208 1292 1363 1371 imperat

187 1409 317 1461 octauo
342 1416 480 1478 quoque
501 1398 557 1461 die
584 1397 761 1460 fateantur
786 1384 996 1477 sacramque
1020 1398 1284 1461 Eucharistiam
1311 1415 1363 1462 sut

190 1507 300 1586 piant,
317 1523 383 1569 uec
397 1505 517 1568 dubito
532 1521 593 1567 eos
604 1505 746 1585 saepius
757 1503 793 1568 id
808 1503 916 1568 fuisse
928 1503 1087 1568 facturos
1099 1505 1130 1568 si
1141 1506 1363 1586 permitteret

189 1610 325 1676 Scirem
345 1613 480 1675 utinam
505 1611 703 1690 exprimere
728 1611 809 1690 tibi,
835 1609 908 1674 Rae
928 1609 1045 1688 Pater,
1069 1612 1250 1675 interioris
1270 1621 1363 1676 exter

189 1719 308 1798 risque
323 1718 475 1780 hominis
487 1718 790 1797 compositionem,
817 1718 1087 1782 submissionem
1110 1719 1230 1796 animi,
1255 1719 1363 1783 ardor

188 1825 391 1888 divinarum
406 1842 535 1901 rerum,
553 1824 826 1888 sollicitudinem
841 1825 1091 1890 exercitiorum
1113 1826 1363 1906 spiritualium,

190 1931 417 1994 examinandi
450 1948 662 2012 unoquoque
698 1931 754 1995 die
793 1930 889 1994 facta
923 1933 1062 2011 omnia,
1101 1934 1363 2014 comprecandit

189 2037 314 2116 Deum,
332 2049 369 2101 ut
384 2038 492 2101 animi
507 2038 638 2101 iudicio
652 2038 761 2101 uerba
784 2040 924 2117 singula
944 2037 1110 2119 factaque
1128 2039 1363 2119 ponderandi,

188 2143 331 2207 diuinae
344 2156 543 2224 repugnent
559 2145 743 2223 uoluntati,
757 2145 792 2207 in
805 2145 931 2225 quibus
942 2146 1042 2208 multi
1055 2146 1097 2208 de
1110 2146 1363 2210 scholasticiss

190 2251 379 2329 diligenter
394 2261 572 2314 exercent.
590 2251 667 2330 Ego
683 2268 768 2313 uero
784 2268 865 2314 cum
879 2254 1131 2315 nonnullorum
1144 2254 1180 2315 in
1195 2262 1352 2316 mentem

193 2356 255 2434 nit,
269 2358 398 2437 partim
413 2358 590 2421 accendor
602 2358 856 2435 uehementius
879 2359 1010 2438 partim
1026 2360 1200 2423 iacentem
1216 2376 1337 2424 meum
1353 2376 1363 2421 a

193 2480 290 2526 mum
305 2475 410 2545 atque
424 2466 460 2527 in
477 2465 544 2528 illis
558 2465 646 2545 ipsis
666 2464 772 2527 rebus
798 2464 971 2528 desidiam
984 2466 1216 2546 perspiciens
1240 2467 1363 2530 erubes

252 2568 394 2633 Solebat
409 2571 564 2651 quidam,
581 2572 763 2650 superiore
775 2572 1061 2651 quadragesima,
1078 2572 1154 2636 dies
1170 2573 1307 2654 aliquot
1321 2591 1363 2654 sp

195 2687 230 2740 te
245 2693 311 2740 sua
326 2678 495 2740 ieiunare:
509 2695 589 2741 cum
606 2679 641 2741 in
655 2679 818 2741 morbum
833 2679 1026 2755 incidisset,
1050 2679 1335 2761 imperassetque
1354 2699 1363 2742 r

193 2783 296 2847 dicus
317 2793 356 2846 ut
380 2784 546 2847 carnibus
570 2795 784 2861 uesceretur,
809 2802 876 2847 nec
904 2794 1092 2865 parentum
1116 2786 1259 2865 quidem
1274 2787 1363 2850 iussi

190 2889 310 2953 facere
336 2908 443 2954 ausus
464 2900 528 2966 est,
554 2906 688 2968 suoque
714 2907 812 2954 more
834 2891 991 2954 ieiunare
1017 2893 1170 2968 uolebat;
1194 2892 1259 2955 sed
1281 2893 1363 2956 tand

191 2997 285 3076 quod
299 3008 508 3077 praeceptor
524 3013 610 3058 suus
625 2996 834 3076 imperasset
848 2996 968 3060 facere
984 2998 1152 3061 decreuit:
1173 3017 1324 3062 necesse
1339 3017 1363 3062 e:

191 3104 256 3167 fuit
270 3115 308 3167 ut
324 3104 412 3166 alius
428 3104 474 3167 ad
489 3105 757 3183 praeceptorem
772 3121 792 3165 a
810 3120 879 3183 quo
895 3104 1099 3184 docebatur,
1117 3107 1266 3183 petitum
1282 3107 1364 3187 copi

193 3212 339 3289 ueniret,
368 3229 438 3292 qua
463 3209 557 3287 data,
584 3220 657 3272 tum
683 3210 823 3273 demum
848 3211 943 3274 bono
967 3213 1086 3275 animo
1111 3212 1282 3275 mandata
1298 3230 1363 3275 mer

192 3328 363 3380 executus
379 3330 443 3380 est.

254 3424 405 3501 Quidam
421 3426 510 3488 alius
526 3426 727 3505 primarius,
745 3426 1001 3505 aliquantulum
1017 3435 1187 3506 prouecta
1203 3427 1276 3489 iam
1298 3439 1363 3491 aet:

194 3530 241 3591 ad
256 3540 522 3609 praeceptorem
537 3549 639 3595 suum
654 3531 709 3594 die
726 3532 882 3612 quodam
903 3532 990 3595 flens
1016 3534 1167 3597 accessit
1189 3535 1363 3613 priuatim

194 3636 400 3699 decertare
422 3638 607 3700 mentitum
621 3637 730 3700 fuisse
756 3640 997 3717 superioribus
1018 3640 1152 3703 diebus:
1180 3642 1363 3704 uoluisset

194 3743 232 3806 id
256 3743 348 3823 quod
370 3752 446 3804 erat
467 3743 581 3804 fateri:
599 3754 675 3806 erat
689 3755 807 3807 autem
833 3748 1028 3824 periculum
1044 3766 1087 3809 ne
1113 3748 1287 3826 supplicio
1316 3747 1363 3810 aii

196 3860 304 3928 retur,
318 3866 423 3929 quam
439 3866 513 3911 rem
531 3849 758 3912 vehementer
770 3851 939 3929 magister
955 3854 1030 3916 eius
1047 3854 1244 3916 admiratus
1260 3863 1327 3917 est.

256 3955 357 4018 Alius
372 3965 446 4018 tam
457 3956 708 4019 obseruantem
722 3973 760 4018 se
773 3957 883 4020 uoluit
896 3959 1085 4037 aequitatis
1098 3959 1279 4039 exhibere,
1298 3972 1363 4024 utr

195 4062 242 4125 ad
256 4064 424 4125 lectiones
440 4063 635 4126 audiendas
649 4064 763 4126 serius
777 4065 925 4141 ueniret,
943 4065 988 4126 ad
1012 4077 1253 4129 correctorem
1276 4086 1316 4130 se
1333 4087 1363 4131 re

174 4224 183 4246 ,
196 4170 383 4231 contulerit
395 4173 611 4249 uapuiatum;
620 4171 682 4234 sed
694 4180 904 4252 praeceptor
917 4172 1003 4249 eiuS,
1012 4172 1104 4251 quod
1117 4173 1323 4252 accidisset,
1334 4176 1363 4255 ig

197 4292 268 4350 rus,
286 4276 344 4338 ubi
360 4292 507 4353 puerum
522 4278 778 4356 ingredientem
794 4296 873 4342 sero
889 4278 987 4355 uidit,
1001 4280 1184 4342 uerberari
1196 4281 1308 4360 iubet3
1326 4283 1363 4345 ill

197 4382 270 4443 iam
285 4382 422 4446 dedisse
438 4386 514 4447 eius
530 4384 646 4446 delicti
662 4403 794 4464 poenas
809 4387 1002 4466 respondit.

258 4485 347 4550 Sunt
362 4500 434 4552 tam
449 4490 579 4567 fideleS,
597 4501 633 4553 ut
649 4493 836 4571 pecuniam
861 4494 1019 4573 aliasque
1044 4511 1101 4556 res
1117 4512 1138 4557 a
1153 4513 1192 4557 se
1206 4495 1245 4558 in
1271 4497 1363 4560 aulis

198 4608 319 4676 pertas
344 4598 529 4660 confestim
554 4599 599 4661 ad
615 4617 698 4662 suos
725 4599 884 4662 deserant
910 4602 1111 4680 magistros.
1140 4592 1363 4667 Dominusl]
