3210 5392
604 462 667 519 Aa.
692 463 759 519 1555
1244 462 1294 520 721

90 612 264 674 ucolumes
290 620 326 671 ut
353 609 467 670 nullus
492 606 565 670 fere
591 607 764 669 hactenus
789 606 1002 686 aegrotarit:
1031 623 1153 670 eorum
1179 616 1297 670 autem

90 735 254 792 lumeruS,
271 716 332 797 qui
347 733 385 778 se
400 715 435 777 in
458 714 699 794 spiritualibus
715 706 894 776 exercitiis
915 713 1019 775 simul
1035 724 1217 792 exercent,
1238 715 1298 777 ali-

94 825 210 888 uando
228 824 273 886 ad
289 821 553 903 quaternarium
574 819 793 900 peruenerit,
817 821 866 882 ita
882 831 918 883 ut
938 837 1029 883 unus
1048 831 1108 883 aut
1124 821 1193 884 duo
1211 839 1298 885 nun-

90 949 177 1012 luam
192 930 379 994 defuerint:
397 947 441 990 ex
456 944 607 1008 quorum
622 943 783 1003 numero,
801 927 952 1006 demptis
973 944 1043 990 uno
1066 937 1126 990 aut
1148 927 1296 1007 duobuS,

90 1048 132 1101 ‚ut
148 1039 185 1102 in
199 1048 359 1099 nostram
375 1035 588 1098 Societatem
608 1033 754 1096 admissi
774 1043 872 1111 sunt,
890 1043 951 1096 aut
966 1034 1035 1095 alio
1050 1033 1191 1113 directi,
1215 1035 1297 1097 licet

90 1162 153 1208 ,um
180 1142 375 1221 lachrymis
399 1141 619 1220 postularent
644 1142 680 1203 in
704 1152 908 1202 nostrorum
933 1157 1079 1203 numero
1108 1143 1297 1205 recenseri:

93 1268 195 1314 orum
211 1259 328 1313 tamen
351 1249 387 1311 in
402 1247 643 1327 spiritualibus
664 1246 844 1326 proiectus
866 1264 989 1309 omnes
1011 1264 1097 1310 suae
1119 1249 1300 1327 religionis

90 1358 306 1421 ,dmirantur
323 1354 423 1417 Multi
437 1354 544 1416 etiam
565 1353 722 1431 religiosi
744 1353 811 1415 uiri
834 1370 871 1414 se
892 1354 928 1415 in
944 1355 1299 1433 contemplationibus

93 1472 318 1540 xercuerunt.
337 1460 496 1540 Denique
518 1460 553 1522 in
569 1461 637 1522 hac
653 1459 796 1523 ciuitate
811 1458 971 1522 Societas
986 1470 1108 1523 nostra
1123 1462 1167 1523 ab
1190 1464 1298 1526 omni·

90 1590 149 1646 tus,
166 1581 239 1633 tam
255 1588 275 1631 a
291 1568 475 1631 monachis
490 1584 596 1647 quam
611 1566 852 1629 saecularibus
864 1579 899 1628 et
912 1567 1024 1645 laicis,
1039 1584 1108 1630 uno
1123 1586 1299 1632 consensu
1342 1557 1343 1560 ¹

90 1678 257 1752 nudatur,
274 1675 319 1738 ad
335 1691 439 1754 quam
461 1691 582 1736 omnes
604 1673 801 1748 confluunt,
818 1681 855 1735 ut
878 1691 899 1734 a
921 1675 1180 1737 calamitatibus
1201 1677 1300 1756 spiri-

90 1783 232 1848 ualibus
247 1801 267 1843 a
284 1781 449 1844 Patribus
464 1781 596 1843 nostris
611 1780 819 1855 liberentur;
837 1790 870 1841 et
885 1781 992 1842 etiarn
1007 1799 1028 1842 a
1043 1784 1298 1862 corporalibus

90 1909 167 1972 [uae
183 1900 234 1952 tot
256 1899 356 1964 sunt,
380 1897 416 1949 ut
439 1889 535 1948 solae
555 1887 742 1949 uideantur
762 1887 922 1949 omnibus
941 1889 1113 1967 operariis
1128 1889 1299 1968 indigere:

90 1999 205 2078 puibus
221 1997 395 2057 hactenus
410 1994 619 2055 subuentum
633 2002 686 2055 cst
702 2004 735 2056 et
750 1993 968 2070 subuenitur,
985 1997 1105 2058 multis
1116 1996 1255 2074 quidem
1268 2012 1302 2060 et

90 2103 305 2184 trgentibuS,
322 2101 447 2181 quibus
462 2100 622 2179 oppressi
634 2098 774 2162 fuerant
786 2112 864 2179 post
877 2112 1026 2163 mortem
1037 2102 1075 2165 F.
1090 2103 1248 2167 Thomae
1260 2105 1303 2168 de

90 2212 309 2286 Villanueua,
326 2207 599 2287 Archiepiscopi
614 2206 794 2269 Valentini
814 2213 833 2285 ¹,
851 2208 911 2286 qui
926 2209 1093 2272 vniuersa
1110 2228 1227 2274 annua
1243 2212 1302 2274 sti-

90 2318 206 2381 )endia
233 2316 410 2378 fusissime
439 2314 677 2392 largiebatur,
704 2330 770 2375 nec
791 2314 918 2376 minori
943 2315 1059 2378 studio
1080 2333 1138 2379 res
1164 2330 1305 2381 nostras

90 2424 239 2487 :utabat
257 2423 392 2484 Viuens
412 2421 505 2483 enim
525 2421 559 2482 in
582 2420 700 2482 multis
719 2420 825 2482 rebus
846 2432 880 2482 et
902 2421 1022 2484 arduis
1041 2440 1148 2500 opera
1169 2436 1304 2487 nostro-

90 2549 155 2594 ·um
172 2543 313 2610 patrum
328 2528 508 2605 utebatur;
525 2537 557 2589 et
574 2528 622 2588 ita
638 2527 844 2590 nominatim
859 2528 902 2589 de
918 2528 1065 2606 singulis
1081 2531 1241 2608 patribus
1255 2531 1303 2593 lo·

90 2639 252 2718 luebatur
269 2653 398 2714 eosque
414 2635 503 2696 miro
519 2651 640 2695 amore
655 2634 949 2713 prosequebatur,
965 2646 1003 2696 ut
1022 2637 1164 2713 quando
1179 2638 1306 2716 aliquis

90 2745 289 2820 liscederet,
306 2758 413 2820 aegre
429 2741 546 2816 ferret,
564 2741 759 2802 maximum
774 2752 909 2819 patrem
932 2742 1074 2820 suisque
1094 2743 1220 2805 ouibus
1243 2745 1306 2806 uti-

92 2852 252 2914 issimum
268 2867 306 2911 se
321 2848 482 2910 amisisse
498 2847 722 2924 existimans;
739 2847 775 2908 in
794 2847 870 2909 eius
885 2864 970 2909 uero
992 2849 1087 2911 obitu
1106 2850 1175 2911 duo
1197 2850 1306 2913 millia

90 2959 274 3039 puingenta
290 2970 514 3017 nummorum
530 2969 717 3015 aureorum
733 2953 835 3015 nobis
855 2963 1065 3016 testamento
1080 2957 1224 3034 legauit.

138 3064 179 3128 In
193 3061 312 3126 Natali
327 3060 488 3139 Virginis
503 3059 638 3121 Mariae
653 3060 804 3140 primum
821 3078 962 3123 sacrum
975 3062 1189 3124 celebratum
1206 3066 1307 3127 estin

90 3183 205 3234 rostro
222 3170 363 3248 templo,
383 3166 426 3229 ad
443 3167 536 3246 quod
558 3165 772 3228 audiendum
795 3177 1021 3231 accesserunt
1036 3167 1171 3232 Prorex
1190 3168 1201 3199 ³
1220 3171 1307 3234 eius-

90 3297 148 3360 pue
165 3295 257 3339 uxor
273 3273 296 3353 ³,
312 3275 431 3337 multis
446 3273 606 3353 patriciis
621 3273 708 3334 uiris
722 3273 891 3335 comitati.
909 3272 1146 3338 Concionatus
1162 3288 1214 3339 est
1236 3279 1307 3358 qui·

90 3384 164 3448 lam
181 3384 292 3446 irater
307 3399 386 3444 cum
402 3382 556 3443 maximo
573 3380 729 3442 omnium
744 3383 934 3459 applausu:
950 3382 1074 3445 eodem
1089 3384 1195 3447 etiam
1209 3384 1265 3447 die
1287 3405 1306 3449 a

90 3501 184 3554 texta
200 3490 289 3551 hora
304 3488 477 3551 matutina
492 3505 603 3567 usque
619 3486 663 3548 ad
680 3487 859 3549 meridiem
876 3489 1006 3550 multae
1026 3489 1266 3555 consessiones
1288 3513 1309 3555 a

90 3597 248 3661 Patribus
273 3605 353 3658 sunt
379 3595 533 3670 auditae,
560 3594 784 3673 postmodum
809 3592 883 3656 sere
905 3612 1027 3657 omnes
1048 3596 1309 3664 Eucharistiam

90 3712 328 3783 sumpserunt:
345 3719 389 3764 ex
405 3719 447 3763 eo
464 3710 620 3780 tempore
639 3718 747 3779 usque
763 3700 808 3762 ad
824 3700 917 3762 hunc
933 3701 1026 3764 diem
1041 3703 1086 3765 ad
1101 3707 1310 3770 sumendum

90 3819 346 3874 sacramentum
363 3807 486 3870 altaris
500 3808 684 3869 unanimes
697 3806 887 3884 confluunt,
903 3808 951 3868 ita
963 3818 1001 3871 ut
1013 3809 1042 3870 si
1054 3811 1173 3889 plures
1191 3822 1310 3891 patres

90 3918 120 3980 ln
134 3916 204 3979 hoc
220 3914 377 3994 Collegio
393 3923 526 3991 essent,
544 3914 699 3977 omniurn
718 3930 826 3992 opera
842 3914 1051 3993 indigerent.
1073 3915 1311 3983 Concionator

90 4032 137 4087 est
159 4021 303 4103 quidam
323 4021 433 4084 irater
454 4021 490 4083 in
512 4029 633 4082 nostro
655 4020 784 4098 templo
806 4020 873 4082 hoc
898 4021 1064 4084 aduentu:
1087 4026 1312 4103 prosequitur

90 4133 174 4194 alter
200 4129 310 4192 irater
336 4128 527 4191 conciones
552 4127 735 4189 doctrinae
760 4127 988 4205 christianae,
1016 4146 1096 4191 cum
1117 4130 1313 4196 incredibili

90 4237 288 4301 auditorum
303 4236 472 4298 utilitate:
497 4235 596 4314 pueri
612 4233 782 4296 docentur
803 4233 1001 4297 doctrinam
1024 4236 1059 4298 in
1074 4237 1144 4300 alio
1168 4240 1311 4319 templo,

90 4360 263 4424 pauperes
278 4345 314 4405 in
329 4341 497 4420 hospitio,
517 4341 626 4403 vincti
642 4341 679 4403 in
699 4357 859 4416 carcere,
883 4341 942 4402 ubi
964 4351 998 4404 et
1022 4353 1134 4422 pater,
1159 4346 1217 4425 qui
1236 4347 1315 4410 illos

128 4549 135 4579 ¹
166 4547 236 4591 Obiit
247 4548 269 4591 is
278 4548 315 4590 8.·
326 4547 485 4601 Septembris
498 4544 557 4589 1555.

129 4622 141 4653 ²
170 4619 347 4663 Bernardinus
358 4619 388 4661 de
400 4617 533 4662 Cardenus
544 4624 569 4660 et
581 4617 705 4665 Pachcco.
716 4617 773 4659 Dux
785 4617 815 4659 dc
829 4617 967 4670 llaqneda.

128 4693 140 4725 ³
168 4690 306 4734 Elisabeth
317 4690 348 4733 de
358 4688 482 4733 Vclasco.

213 4779 251 4837 Τ.
266 4797 302 4835 111
