3210 5392
132 480 142 502 Ι
171 407 228 473 538
564 408 1016 475 errarmnouennmnsrnas

235 553 501 634 superscriptio
526 554 565 615 in
590 558 722 632 quarta
743 551 910 630 pagina:
935 552 956 622 †
980 547 1058 611 R.⁶⁰
1076 549 1112 611 in
1139 548 1283 612 Christo
1307 546 1383 615 Patr

175 659 212 722 Ρ.
243 660 380 740 Ignatio
407 662 449 724 de
477 661 629 741 Loyola,
660 658 868 738 Praeposito
893 655 1061 750 Generali
1089 654 1279 721 Societatis
1305 655 1383 738 Jesu

175 768 322 832 Romae.

235 874 321 938 Alt'a
336 892 460 937 manu:
479 874 565 937 1555.
583 871 774 935 Florentia.
793 870 1082 952 Quadrimestres
1094 871 1190 953 Julii.

239 982 285 1045 Et
299 982 387 1045 alia:
400 982 440 1044 27
456 981 491 1044 di
506 979 593 1044 Sett.
612 979 653 1058 Q.
670 978 704 1044 S.

234 1971 382 2044 Jacobus
396 1971 567 2041 Morellus‚

268 2066 321 2126 Ex
334 2069 578 2127 commissione
595 2069 704 2127 Patris
715 2069 888 2127 Paschasil
903 2067 1016 2139 Broet,

308 2167 400 2226 Patri
413 2167 540 2242 Ignatio
555 2168 595 2227 de
608 2166 748 2242 Loyola.

343 2265 495 2333 Parisiis,
509 2265 544 2322 27
566 2265 645 2339 Julii
667 2265 737 2325 1555
762 2265 783 2320 ¹.

746 2472 850 2555 Jesus

241 2687 366 2752 Gratia
381 2697 415 2750 et
433 2706 503 2768 pax
519 2686 592 2750 Da
610 2687 722 2750 nostri
740 2686 824 2769 Jesu
845 2686 977 2751 Christi
999 2687 1194 2751 nobiscum.
1215 2687 1341 2752 Amen.

242 2795 329 2861 Cum
344 2795 569 2876 perspicuum
584 2793 684 2858 nobis
695 2794 740 2868 sit
755 2803 926 2876 quantum
950 2811 1095 2857 sacrum
1118 2795 1188 2858 hoc
1213 2795 1383 2858 institutor

182 2904 309 2983 vbique
321 2904 480 2966 locorum
495 2903 702 2980 celebretur,
717 2911 919 2982 quantaque
930 2901 1050 2965 diuina
1062 2902 1250 2965 clementia
1264 2919 1326 2982 per
1336 2917 1383 2965 θα

182 3027 271 3089 quos
286 3010 352 3073 sibi
366 3010 404 3073 in
418 3027 459 3072 eo
480 3009 626 3086 delegit,
648 3019 829 3088 operetur,
852 3017 957 3088 atque
976 3009 1083 3071 etiam
1103 3009 1295 3071 multorum
1314 3026 1383 3088 prat

182 3117 480 3180 stantissimorum
496 3117 654 3178 virorum
668 3115 891 3178 innotescant
904 3115 1080 3192 seruoreS,
1098 3116 1157 3195 qui
1177 3115 1383 3195 amplissime

185 3222 322 3301 fundos,
339 3241 476 3286 annuos
491 3232 685 3303 prouentus
697 3223 906 3299 vberrimoS,
923 3222 1030 3285 immo
1043 3222 1150 3285 etiam
1162 3222 1302 3301 seipsos
1321 3239 1383 3302 pen

185 3339 242 3392 tus
270 3330 505 3409 abneganteS,
536 3338 700 3409 prompto
722 3329 839 3392 animo
859 3328 936 3391 Deo
956 3329 1111 3391 creatori
1136 3346 1201 3392 suo
1227 3346 1383 3392 consecrt

184 3444 277 3515 runt,
291 3454 349 3498 res
365 3454 451 3499 sane
470 3435 642 3515 stupenda
660 3435 832 3514 grauique
851 3435 959 3514 digna
976 3435 1210 3498 admiratione
1225 3437 1341 3500 videri
1355 3454 1383 3518 pt

185 3551 253 3605 test
268 3543 304 3605 in
319 3543 385 3606 hac
401 3543 490 3605 adeo
506 3542 636 3606 celebri
648 3541 865 3605 Parisiorum
879 3541 1073 3620 academia,
1086 3559 1156 3622 quo
1169 3551 1292 3606 tantus
1308 3544 1383 3607 vnd

185 3666 323 3728 quaque
336 3650 573 3712 studiosorum
585 3649 762 3724 iuuenum,
776 3667 848 3712 non
858 3648 1071 3712 mediocrem
1080 3666 1165 3728 prae
1174 3666 1214 3711 se
1225 3647 1383 3712 ferentiu

184 3754 402 3833 religionem,
420 3772 585 3818 numerus
601 3756 793 3834 concurrit,
810 3766 979 3836 tanquam
1005 3773 1049 3817 ex
1075 3754 1310 3819 refertissimo
1326 3773 1381 3819 ma

185 3879 257 3925 non
271 3863 390 3943 plures
405 3862 592 3942 expiscari,
610 3871 644 3924 et
659 3863 705 3925 ad
719 3879 762 3924 ea
776 3880 866 3942 quae
892 3862 1154 3942 praestantiora
1170 3859 1279 3943 [sunt]
1296 3880 1383 3944 pros

188 3968 327 4046 quenda
344 3968 472 4032 induci.
491 3969 637 4046 Verum,
666 3969 697 4031 si
722 3985 841 4031 rerum
866 3978 1067 4031 nostrarum
1093 3970 1271 4048 procellas
1296 3972 1383 4050 inger

188 4083 309 4155 resque
325 4077 493 4138 tumultus
511 4074 785 4151 consideremus
803 4074 1002 4136 mirandum
1025 4075 1141 4154 magis
1168 4075 1346 4139 videbitur
1362 4095 1383 4139 v

186 4183 278 4245 vllos
292 4182 423 4245 audere
437 4200 503 4244 nos
518 4181 699 4244 accedere.

246 4290 324 4353 Tua
335 4290 453 4368 igitur,
468 4288 787 4352 obseruandissime
798 4286 914 4365 Pater,
927 4305 998 4350 non
1012 4288 1198 4352 mirabitur
1208 4290 1383 4369 paterniter

187 4397 217 4459 si
232 4397 322 4461 adeo
334 4406 523 4474 angustum
540 4395 690 4459 filiorum
710 4411 895 4458 numerum
908 4393 1040 4469 videat,
1062 4410 1175 4474 neque
1191 4397 1287 4459 enim
1301 4399 1383 4476 plur<

230 4639 237 4670 ¹
268 4638 466 4692 Autooeraphae,
477 4645 549 4681 totae
560 4647 636 4679 manu
644 4633 733 4687 Jacobl
745 4634 854 4690 Morelll,
864 4635 889 4678 ln
900 4634 961 4678 lolio
972 4634 1077 4688 dupllcl,
1088 4645 1132 4678 nu.
1143 4634 1185 4679 322
1194 4643 1220 4679 et
1230 4635 1280 4681 323.
