3210 5392
585 423 757 482 LITTERAE
769 438 1041 490 Qusbuluusrmts

684 1099 941 1185 GGGXLVI

248 1441 449 1503 Leonardus
468 1443 586 1504 Kessel

284 1541 376 1601 Patri
389 1539 518 1617 ignatio
532 1542 573 1602 de
586 1543 726 1618 Loyola.

318 1640 468 1715 Colonia,
484 1641 519 1699 tt
530 1642 680 1715 Januarii
695 1643 765 1701 1555
778 1642 799 1699 ¹.

771 1929 847 2048 n'ls

254 2276 380 2341 Gratia
396 2286 430 2342 et
444 2297 516 2359 pax
531 2278 665 2344 Christi
679 2280 823 2344 Domini
837 2280 1033 2344 nobiscum.
1052 2277 1179 2342 Arnen.

254 2383 345 2449 Cum
359 2386 429 2449 mei
442 2387 599 2451 muneris
617 2388 673 2466 sit,
690 2387 767 2451 Rue
783 2388 820 2451 in
841 2387 983 2451 Christo
997 2383 1114 2464 Pater,
1137 2385 1298 2449 scribere
1314 2403 1362 2449 ea
1380 2386 1425 2450 ad

191 2490 231 2554 Ρ.
248 2491 308 2570 V.,
325 2509 415 2572 quae
429 2492 605 2557 Dominus
620 2495 773 2574 optimus
788 2494 965 2557 maximus
978 2501 1132 2574 quatuor
1147 2492 1330 2556 mensibus
1347 2490 1426 2556 istis

187 2600 323 2679 elapsis
337 2602 478 2680 operari
489 2601 657 2680 dignatus
671 2611 726 2665 est
741 2600 785 2664 ad
800 2601 954 2681 gloriam
967 2600 1113 2678 Christi,
1136 2600 1296 2662 conabor
1310 2599 1426 2663 breui·

192 2706 258 2768 bus
270 2708 456 2787 complecti
468 2726 522 2786 ea,
536 2726 626 2788 quae
638 2709 826 2771 scribenda
842 2724 920 2770 sese
936 2705 1098 2783 offerunt,
1114 2711 1156 2769 ot
1158 2705 1333 2784 fratrum
1344 2704 1427 2769 cha·

189 2811 422 2877 rissimorum
432 2814 599 2894 precibus
612 2813 744 2892 adiuti,
753 2813 1005 2896 plussructus
1018 2813 1057 2875 in
1071 2812 1224 2875 Domiti
1233 2811 1342 2875 vitrea
1363 2813 1426 2876 ad·

182 2919 291 2996 serre
311 2920 510 2983 valeamus.
536 2920 577 2984 In
602 2922 726 3001 primis
756 2938 843 2999 ergo
867 2921 910 2983 de
936 2919 1085 2984 Colonia
1108 2936 1224 3000 pauca
1248 2918 1427 2984 dicemus:

187 3025 315 3090 deinde
330 3027 373 3090 de
388 3027 732 3107 Nouiomagensibus
747 3028 877 3108 aliqua.

249 3109 478 3196 Colonienses
499 3151 631 3212 magna
654 3151 720 3196 nos
746 3134 921 3197 charitate
943 3140 1216 3214 prosequuntur,
1231 3132 1326 3196 sicut
1349 3133 1426 3198 iam

186 3239 330 3318 saepius
349 3241 566 3321 scripsimus,
590 3240 741 3303 Senatus
763 3258 806 3303 ac
827 3240 1029 3320 superiores
1051 3240 1088 3303 in
1108 3239 1355 3319 spiritualibus
1381 3259 1427 3304 ac

187 3345 288 3408 ciues
301 3346 390 3409 bene
406 3364 493 3425 erga
508 3345 722 3410 Societatem
737 3346 854 3410 affecti
869 3357 962 3409 sunt.
979 3346 1047 3425 Qui
1063 3363 1149 3409 vero
1158 3345 1352 3426 aliquando
1362 3365 1426 3411 no-

147 3437 150 3444 ’
187 3451 242 3513 bis
257 3454 428 3516 contrarii
446 3453 599 3530 luerunt,
625 3471 747 3517 omnes
769 3473 788 3516 e
810 3455 885 3516 vita
907 3453 1117 3533 migrarunt.
1141 3451 1295 3532 Quidam
1318 3453 1427 3518 Colo·

189 3557 340 3636 niensiS,
367 3559 468 3621 cuius
494 3559 646 3622 reditum
670 3560 770 3622 breui
791 3569 1032 3639 expectamus
1061 3567 1143 3622 ante
1161 3557 1425 3638 prosectionem

184 3681 289 3728 suam
305 3666 509 3728 ostenderat
524 3666 626 3728 nobis
641 3667 785 3729 domum
797 3666 1063 3745 amplissimam,
1081 3666 1117 3727 in
1129 3663 1245 3728 medio
1260 3665 1426 3730 ciuitatis

182 3773 409 3851 collocatam,
431 3790 537 3853 quam
561 3772 729 3836 Societati
744 3773 830 3835 dare
851 3773 993 3836 omnino
1014 3772 1229 3836 intendebat.
1253 3770 1424 3852 Superio-

186 3895 244 3940 res
269 3877 498 3943 Colonienses
523 3896 644 3942 omnes
670 3878 817 3942 infestos
841 3880 1113 3943 concionatores
1137 3879 1349 3958 reiecerunt,
1379 3898 1424 3943 ac

182 3985 441 4064 prohibuerunt
453 4005 497 4050 ne
510 3987 660 4065 amplius
673 3986 981 4066 concionarentur,
995 4003 1188 4067 eorumque
1203 3988 1283 4049 loco
1299 3988 1422 4050 catho-

185 4092 275 4154 licos
294 4094 567 4156 concionatores
587 4093 845 4156 constituerunt
865 4110 935 4157 non
961 4094 1038 4157 sine
1064 4109 1195 4172 magno
1220 4094 1344 4174 populi
1369 4105 1421 4158 tu·

185 4232 385 4244 ——.—

226 4295 235 4327 ¹
263 4296 328 4340 Blne
339 4303 430 4341 extent
440 4297 517 4352 holus
527 4298 654 4353 epistolae
664 4299 791 4352 exempla.
803 4296 917 4341 Primum
927 4298 1030 4352 quidem
1040 4299 1232 4353 autographum
1242 4300 1276 4342 ab
1287 4299 1344 4354 ipso
1354 4298 1421 4343 Leo·

181 4367 266 4410 nardo
274 4367 365 4412 Kessel
376 4377 520 4420 exaratum,
530 4370 605 4413 unlco
615 4377 738 4413 constans
749 4369 818 4420 sollo,
828 4381 853 4413 n.
861 4368 910 4422 310,
921 4377 947 4412 et
958 4380 974 4413 ι
984 4369 1097 4413 Polanco
1107 4370 1190 4414 verlls
1203 4370 1291 4414 lituris
1299 4376 1326 4414 et
1336 4381 1421 4415 emen·

180 4439 331 4483 dationibus
338 4443 632 4495 castigatumAlterum
640 4452 745 4492 veron.
753 4441 1014 4496 309,exautograpbo
1021 4441 1210 4493 slcemendato,
1219 4442 1419 4497 transcriptum.

184 4509 234 4554 Hic
244 4522 322 4565 porro
333 4513 525 4569 autographum
535 4514 658 4557 exhibere
668 4513 787 4566 sufficiet,
797 4513 920 4566 notando,
932 4514 1046 4566 utullus,
1057 4513 1255 4557 characteribus
1266 4513 1365 4558 ltatlcie
1379 4525 1420 4563 ea,

179 4593 249 4636 quae
260 4582 387 4629 Polancus
397 4585 564 4639 cancellevlt;
580 4591 701 4628 caeteras
716 4585 909 4628 emendationes
924 4584 956 4627 nd
973 4585 1071 4628 calcem
1086 4582 1285 4641 uniuscuiusque
1301 4585 1418 4640 patinae

181 4653 350 4708 subllcleudo.
