3210 5392
570 440 741 499 errsmn
760 453 1030 508 ouaomussrnns

238 1463 407 1524 Antonius
422 1463 589 1524 Cordeses

274 1560 367 1620 Patri
380 1560 510 1634 ignatio
524 1561 565 1619 de
580 1560 719 1635 Loyola.

247 1688 251 1695 ·
311 1658 456 1731 Gandia,
475 1658 509 1718 31
525 1659 722 1717 Decembris
739 1658 809 1717 1554
823 1668 842 1714 ².

243 2081 321 2147 R.de
335 2083 371 2145 iu
386 2080 530 2146 Christo
547 2080 664 2144 Pater.

244 2187 386 2267 Gratia,
402 2205 475 2268 pax
488 2197 524 2252 et
539 2205 639 2251 amor
654 2186 796 2252 Domini
811 2189 926 2252 nostri
936 2187 1021 2269 Jesu
1036 2187 1167 2253 Christi
1182 2190 1254 2285 sint
1267 2207 1419 2272 semper

188 2295 410 2360 inomnibus.

243 2401 342 2482 Quae
367 2400 555 2465 scribenda
581 2411 734 2481 quatuor
764 2400 819 2463 his
846 2401 1024 2464 mensibus
1057 2402 1261 2481 obtigerunt
1286 2404 1325 2467 in
1349 2405 1421 2470 hoc

184 2507 378 2572 Gandiensi
403 2507 578 2586 Collegio,
605 2507 829 2587 paucissimis
860 2508 1170 2587 comprehendam.
1197 2507 1421 2591 Scripsimus

183 2615 273 2678 alias
297 2614 395 2678 Tuae
416 2613 493 2677 R.²e
512 2612 573 2676 Pu
594 2630 725 2694 pueros
751 2614 855 2676 huius
881 2614 1000 2694 oppidi
1026 2613 1258 2679 christianam
1284 2617 1419 2682 doctri·

183 2739 283 2800 nam,
298 2721 430 2783 nostris
451 2718 615 2783 Patribus
633 2738 713 2783 eam
733 2720 959 2798 docentibus,
981 2720 1183 2785 addiscere:
1205 2722 1420 2804 scripsimus

183 2829 291 2892 etiam
315 2828 512 2891 uberrimos
531 2826 613 2890 inde
633 2827 754 2906 colligi
773 2826 925 2890 fructus:
943 2827 1188 2908 omnibusque,
1204 2829 1318 2909 quiin
1346 2831 1418 2896 hoc

183 2937 312 3015 populo
335 2933 482 3013 degunt,
504 2950 582 2996 esse
605 2934 674 2997 hoc
695 2933 904 2997 exercitium
928 2951 1035 3013 quam
1059 2935 1321 3014 gratissimum,
1348 2954 1416 3002 nec

184 3044 298 3106 minus
312 3041 550 3105 fructuosum:
567 3041 622 3103 his
645 3041 679 3103 in
700 3040 983 3121 praesentiarum
1008 3041 1121 3104 solum
1145 3041 1329 3123 adiiciam,
1346 3045 1416 3108 sra-

182 3162 271 3213 trem
300 3149 489 3228 quemdam
519 3148 555 3210 in
585 3148 709 3210 eodem
732 3148 903 3210 exercitio
928 3164 1176 3227 perseuerare,
1206 3150 1241 3212 in
1266 3151 1415 3232 longum

183 3267 321 3335 tempus
336 3255 379 3334 (si
393 3254 566 3318 Dominus
581 3254 727 3332 dederit)
743 3266 1068 3333 perseueraturum.

244 3363 345 3426 Alius
360 3380 498 3443 quoque
520 3361 629 3424 irater
649 3371 735 3423 natu
753 3360 1024 3440 grandioribus,
1041 3363 1137 3424 uelut
1157 3362 1348 3444 hactenuS,
1365 3367 1414 3428 in·

184 3479 398 3551 terpretatur
423 3469 622 3531 doctrinam
650 3468 897 3546 christianam;
925 3485 1045 3548 quem,
1073 3479 1110 3531 ut
1135 3470 1299 3549 audiant,
1328 3472 1412 3550 uiri,

183 3579 417 3657 mulieresque
444 3576 673 3656 grandaeuae
702 3575 832 3637 multae
861 3575 906 3637 ad
933 3576 1101 3655 templum
1126 3577 1238 3639 nostri
1264 3576 1412 3657 Collegii

181 3685 369 3748 accedunt.
384 3683 491 3745 Pater
506 3682 665 3762 quidam,
682 3682 823 3744 nomine
838 3679 1095 3745 Santanderius
1108 3680 1136 3760 ¹,
1154 3683 1190 3745 in
1206 3685 1412 3762 praedican-

181 3794 227 3856 do
257 3791 377 3854 diuino
404 3790 513 3852 uerbo
542 3788 684 3867 dexter,
712 3787 900 3869 multisque
929 3789 1121 3852 uirtutibus
1149 3789 1194 3852 ad
1224 3790 1293 3852 hoc
1323 3807 1412 3871 opus

182 3898 435 3981 praestandum
463 3914 484 3958 a
513 3894 665 3958 Domino
695 3894 852 3970 dotatuS,
880 3895 1113 3958 concionatur
1141 3895 1347 3977 frequenter
1376 3898 1412 3960 in

181 4016 303 4068 nostro
318 4003 492 4082 collegio,
511 4019 553 4064 ac
573 4001 680 4064 etiam
702 4002 737 4063 in
752 4002 886 4080 templo
901 4000 1044 4080 maiori,
1062 4019 1168 4082 quam
1183 4002 1305 4067 sedem
1320 4001 1333 4035 ⁸
1351 4023 1414 4069 no-

183 4112 327 4175 minant.
344 4110 411 4190 Qui
425 4109 582 4190 quidem,
600 4123 828 4187 magnacum
847 4107 1035 4170 deuotione
1055 4125 1212 4188 suaeque
1227 4109 1412 4176 doctrinae

181 4218 450 4299 approbatione,
467 4233 488 4277 a
503 4214 640 4278 cunctis
654 4213 815 4292 auditur,
832 4214 869 4276 in
883 4214 985 4277 cuius
999 4214 1051 4276 rei
1067 4214 1309 4280 testimonium
1325 4218 1412 4282 illud

221 4459 230 4490 ¹
260 4457 439 4512 autographa,
460 4457 534 4500 unlco
554 4456 614 4499 lolio
634 4461 765 4508 constans,
781 4466 805 4498 n.
824 4454 872 4498 512.
893 4454 1033 4509 Reperltur
1055 4454 1120 4498 haec
1140 4453 1253 4509 eplstoln
1270 4458 1296 4501 ln
1313 4461 1413 4503 volnnr.

179 4530 240 4634 m?
250 4529 326 4645 ¹l⁵l⁵i5de
339 4602 449 4645 l‘onmcr
463 4599 618 4651 chronicon,
628 4606 646 4642 t.
657 4610 692 4652 ιν,
704 4610 762 4654 pap.
772 4598 819 4650 408,
831 4605 920 4641 annot.
933 4597 954 4639 3.

219 4676 231 4707 ³
257 4675 394 4725 sedem,la
405 4672 461 4716 Seo.
