3210 5392
181 103 236 160 290
568 102 739 161 Llrrnann
753 119 1024 170 ouaoaruesrnes

182 247 352 310 exercitia
367 248 424 311 hic
439 258 473 310 et
488 266 525 310 se
543 246 712 311 Societati
738 248 927 311 dedicauit.
944 247 1096 328 Quidam
1121 249 1333 312 adolescens
1356 249 1412 312 de·

182 365 306 417 cernet
321 364 402 417 octo
417 372 602 432 annorum,
616 356 796 429 cantaber,
807 356 1109 435 sartor‚egregius
1123 356 1267 420 animae
1283 357 1412 436 purita-

182 471 216 524 te
242 472 276 525 et
297 462 533 541 simplicitate,
555 462 744 541 recipietur
766 479 860 524 mox.
883 462 1043 541 Quatuor
1062 462 1122 526 alii
1138 463 1265 527 volunt
1280 464 1410 527 exerci·
1487 506 1490 513 -

182 570 231 631 tin
246 569 377 646 facere,
394 587 543 649 quorum
559 587 651 633 vnus
666 577 718 631 est
743 568 854 632 irater
880 568 996 632 Patris
1015 567 1169 633 Sanctae
1184 570 1325 647 Crucis,
1343 572 1413 650 ille,
1453 626 1490 656 4

182 677 242 756 qui
257 677 339 740 huic
355 677 512 757 Collegio
527 676 674 739 donavit
689 678 837 739 alteram
850 676 953 739 huius
964 676 1090 740 domus
1101 687 1254 759 partem,
1267 678 1329 758 qui
1339 677 1411 758 qui·
1453 715 1490 727 -

181 784 262 848 dem
277 785 446 848 sacerdos
461 796 513 846 est
530 794 564 846 ct
578 784 741 864 puritatis
757 800 919 862 magnae.
937 782 1058 847 Solent
1073 784 1159 848 mihi
1174 786 1242 848 soli
1257 786 1317 848 hic
1331 802 1409 849 con·
1443 822 1479 832 -—

181 891 332 955 iessario
362 892 521 954 confiteri
545 890 812 970 quinquaginta,
840 908 990 971 quorum
1015 908 1146 972 magna
1171 909 1259 973 pars
1284 902 1411 956 octauo
1426 912 1490 957 c

179 1015 321 1079 quoque
336 999 392 1061 die
411 1007 636 1061 sacramenta
662 997 845 1076 recipiunt.
862 996 1098 1062 Confiteretur
1118 998 1204 1062 mihi
1224 1009 1490 1080 praetereas

181 1104 378 1184 Collegium
394 1104 631 1185 quadraginta
646 1104 951 1181 scholasticorum,
969 1104 998 1167 si
1023 1123 1086 1168 eos
1109 1105 1196 1169 mihi
1210 1106 1337 1170 liceret
1350 1122 1490 1187 per-1¹

180 1222 319 1291 tempus
341 1221 376 1275 et
401 1211 652 1292 occupationes
670 1211 760 1273 alias
779 1211 913 1288 audire;
930 1228 1020 1292 quos
1040 1222 1160 1276 autem
1184 1230 1333 1293 possum
1350 1230 1490 1279 eoae«

180 1320 299 1396 audio,
317 1329 511 1381 conaturus
532 1328 693 1380 caeteros
717 1317 823 1379 etiam
850 1316 984 1381 audire.
1005 1316 1123 1382 Audio
1143 1320 1190 1384 ad
1203 1321 1297 1385 haec
1310 1322 1490 1385 colle-e

173 1443 248 1506 -gas
262 1427 409 1489 alterius
423 1424 573 1504 Collegii
598 1424 681 1487 item
706 1423 949 1500 scholasticos,
965 1425 1026 1504 qui
1052 1426 1160 1489 etiam
1185 1425 1490 1508 frequentant„

181 1534 372 1613 collegium
391 1551 460 1613 quo
482 1531 678 1612 spiritualia
693 1539 858 1607 tractent;
879 1550 925 1594 ex
939 1548 1008 1611 qua
1032 1532 1175 1612 quidem
1194 1551 1233 1596 re
1256 1551 1331 1598 non
1344 1552 1422 1599 me·
1440 1542 1490 1590 ἐ

182 1641 339 1705 diocrem
354 1639 541 1702 vtilitatem
556 1638 684 1701 serunt.
698 1638 870 1702 Existimo
883 1637 1039 1701 aduentu
1049 1636 1167 1703 Patris
1178 1641 1295 1704 nostri
1304 1640 1421 1705 Fran·
1443 1649 1490 1698 t

182 1748 268 1811 cisci
291 1746 300 1777 ¹
329 1748 439 1810 multo
463 1744 658 1809 seruentius
683 1744 978 1808 commonendam
1008 1762 1085 1809 esse
1110 1745 1205 1809 hanc
1229 1748 1490 1812 ciuitatenrt

183 1872 289 1937 quarn
305 1853 490 1933 Hispalim,
506 1869 614 1932 quarn
628 1852 735 1914 etiam
750 1850 965 1914 Corduuam.

241 1959 430 2025 Orationes
446 1967 563 2022 autem
579 1967 684 2037 atque
699 1956 874 2021 sacrificia
886 1966 968 2020 tuae
978 1956 1208 2023 Paternitatis
1218 1970 1254 2022 et
1266 1958 1490 2026 Parrum*

181 2070 407 2148 simulatque
432 2065 583 2130 fratrum
608 2065 713 2128 isthic
739 2065 1046 2144 commorantium,
1073 2065 1200 2146 quibus
1223 2084 1294 2130 nos
1320 2068 1490 2149 ips02¹

182 2175 310 2239 obnixe
322 2171 709 2248 commendamus,iore
720 2182 886 2251 putamus
897 2172 985 2235 satis
995 2188 1165 2252 magnam
1174 2182 1316 2254 partem
1327 2175 1443 2255 eius.
1471 2178 1490 2215 ²

180 2282 274 2363 quod
290 2280 334 2343 ad
355 2280 496 2343 laudem
517 2287 551 2342 et
575 2278 727 2358 gloriam
741 2278 809 2341 Dei
835 2279 958 2358 optimi
977 2279 1122 2342 maximi
1137 2296 1340 2361 speramus,
1355 2276 1489 2363 qu?

179 2389 281 2453 nobis
296 2404 396 2450 suam
413 2385 673 2448 sanctissimam
687 2385 841 2464 gratiam
854 2384 979 2465 largiri
992 2385 1169 2465 dignetur,
1186 2403 1258 2466 qua
1273 2391 1485 2471 semper*

179 2513 280 2559 suam
307 2494 525 2557 voluntatem
549 2491 806 2572 perspiciamus
832 2490 1061 2572 eamdemque
1088 2492 1309 2572 advnguem
1335 2513 1422 2561 exe-

181 2620 343 2684 quamur.

240 2708 433 2785 Granatae‚
451 2705 560 2768 Nonis
574 2703 762 2766 Februarii
777 2721 870 2765 anno
887 2702 1019 2768 Christi
1033 2705 1107 2769 nati
1126 2706 1215 2770 1555.

238 2815 336 2879 Tuae
351 2811 578 2876 Paternitatis
593 2809 858 2888 indignissimus
873 2809 976 2889 lilius

984 3030 1007 3099 †
1022 3023 1211 3092 Nnvneuo.
1228 3032 1252 3101 †

239 3349 505 3432 Superscriptio
519 3349 557 3409 in
572 3352 703 3426 prrarta
713 3348 874 3426 pagrira:
888 3291 975 3412 llis.
995 3347 1204 3412 Reuerendo
1219 3350 1413 3417 admodum

179 3464 216 3526 in
231 3460 337 3525 Chro.
354 3457 391 3520 P.
409 3474 486 3519 nr0.
504 3454 676 3533 magistro
691 3453 829 3532 ignatio
844 3454 1001 3534 Loyolae
1015 3453 1225 3534 Praeposito
1241 3457 1414 3523 Generali

176 3565 363 3633 Societatis
378 3563 473 3645 Jesu.

536 3667 682 3731 Romae.

235 3780 319 3844 Alia
335 3793 458 3840 manu:
477 3775 562 3837 1555.
577 3774 749 3837 Granata.
764 3773 1053 3853 Quadrimestres
1065 3776 1086 3836 5
1096 3773 1297 3841 Februarii.
1315 3777 1361 3859 Q.
1374 3778 1415 3845 S.

235 3889 358 3950 Manet
375 3882 571 3965 vestigium
586 3897 686 3942 cerae
699 3881 829 3942 rubrae
844 3885 877 3942 et
892 3880 1022 3960 sigilli.

174 4045 386 4057 u————

214 4127 223 4162 ¹
253 4125 340 4170 l‘atris
352 4122 486 4168 Frunclsci
501 4121 532 4164 de
544 4120 631 4174 Borja.
