3210 5392
215 429 269 488 2l2
601 427 1057 493 erteunaouaotuuusraus

214 574 359 637 haberet
373 574 499 648 lucem,
516 573 552 634 in
567 589 636 651 quo
653 572 876 634 verissimum
891 588 970 633 esse
992 572 1244 651 comprobatur
1264 569 1455 651 Sapientis

213 682 356 757 dictum,
374 697 453 742 cum
468 679 596 742 asserit
611 679 773 758 spiritum
792 679 930 741 tristem
948 695 1030 741 ossa
1050 679 1231 742 desiccare
1248 677 1269 756 ¹,
1287 697 1375 743 nam
1396 681 1448 745 ita

212 805 340 853 exesus
355 797 424 865 est,
441 796 479 848 vt
499 786 600 866 pellis
620 785 759 848 ossibus
777 785 972 848 adhaerere
991 786 1134 849 omnino
1155 786 1336 864 videatur,
1361 805 1445 851 cum

211 896 445 975 undequaque
460 895 586 956 harum
601 893 842 956 molestiarum
855 893 1019 956 leuamen
1032 902 1228 972 quaereret,
1241 911 1308 956 nec
1320 894 1411 957 satis
1423 914 1446 959 a

210 1002 429 1065 confessario
444 1002 637 1078 iuuaretur,
655 999 760 1063 R.dum
778 999 919 1063 Patrem
934 1012 1105 1076 nostrum,
1119 1001 1284 1081 quamuis
1296 1003 1444 1065 maledi·

207 1120 265 1172 cta
280 1111 460 1189 pleraque,
478 1119 516 1170 vt
531 1107 649 1171 fassus
663 1118 727 1183 est,
744 1108 788 1170 de
802 1107 966 1170 instituto
981 1119 1103 1170 nostro
1119 1107 1329 1184 audiuisset,
1343 1108 1445 1172 adse

207 1215 407 1292 accersiuit,
425 1215 481 1277 cui
497 1232 580 1277 suas
596 1215 735 1293 aperuit
750 1214 932 1276 molestias
946 1213 1124 1293 animique
1138 1214 1442 1294 perturbationes,

207 1341 227 1384 a
243 1322 369 1401 quibus
383 1338 479 1399 mox,
496 1338 562 1401 ope
578 1321 698 1384 diuina
713 1331 748 1383 et
763 1320 878 1384 Patris
900 1321 1096 1384 ministerio
1115 1321 1303 1396 liberatuS,
1320 1325 1443 1403 coepit

205 1429 394 1510 plurimum
409 1429 547 1504 laetari,
563 1438 598 1490 et
613 1430 804 1491 immensas
822 1427 900 1490 Deo
915 1427 1054 1506 gratias
1077 1444 1197 1507 agere,
1213 1428 1309 1508 quod
1328 1430 1442 1494 talem

203 1538 421 1616 paracletum
437 1546 564 1598 nactus
579 1534 714 1612 suisset,
728 1535 850 1597 dicens
861 1533 970 1597 Patri:
986 1535 1078 1597 “scio
1090 1535 1173 1615 quia
1185 1553 1291 1598 omne
1303 1536 1442 1601 donum

203 1644 374 1722 optimum
394 1643 581 1705 desursum
596 1652 650 1704 est
664 1642 688 1716 *‚
711 1652 745 1704 et
771 1643 838 1703 hoc
864 1659 886 1702 a
901 1640 977 1703 Deo
1001 1640 1137 1704 factum
1161 1652 1214 1704 est
1239 1641 1439 1707 secundum

202 1767 307 1829 quem
328 1750 392 1813 tibi
412 1750 524 1812 vitam
543 1765 659 1811 meam
680 1760 865 1828 acceptam
887 1747 1019 1823 resero,
1040 1758 1075 1810 et
1094 1749 1257 1828 proinde,
1287 1749 1318 1812 si
1344 1768 1438 1830 quae

201 1867 283 1919 sunt
308 1857 429 1934 vobis,
457 1864 518 1919 aut
544 1856 661 1934 aliqua
687 1865 878 1917 occurrant
901 1856 1044 1934 negotia
1070 1855 1163 1935 apud
1183 1866 1363 1933 senatum,
1389 1876 1433 1920 ea

200 1965 319 2026 omnia
334 1964 370 2026 in
391 1980 448 2025 me
463 1963 626 2043 recipi0„.
651 1962 740 2026 Cum
762 1980 848 2024 vero
869 1960 925 2024 dic
943 1963 1103 2042 sequenti
1123 1980 1193 2026 non
1217 1964 1306 2026 satis
1327 1978 1436 2028 caute

198 2089 261 2147 ea,
289 2070 471 2150 quaesibi
497 2089 519 2132 a
543 2068 648 2132 Patre
674 2069 895 2149 praescripta
921 2069 1083 2148 lucrant,
1114 2070 1367 2149 obseruasset,
1396 2073 1438 2136 in-

198 2178 341 2240 easdem
355 2178 516 2257 relapsus
531 2187 584 2239 est
600 2177 790 2255 molestias
809 2177 935 2239 iterum
951 2177 1128 2240 medicum
1143 2189 1307 2255 reuocat,
1325 2197 1348 2241 a
1363 2196 1434 2260 quo

197 2284 430 2346 saluberrima
445 2284 577 2364 recepit
593 2284 765 2347 antidota.
781 2284 902 2363 ltaque
918 2285 990 2347 iam
1005 2285 1073 2347 sibi
1087 2296 1321 2363 regeneratus
1333 2297 1369 2349 et
1381 2304 1435 2349 te·

196 2400 349 2452 nouatus
365 2391 508 2454 omnino
524 2391 676 2453 videtur.
693 2390 825 2453 Diuina
836 2391 1023 2453 clementia
1039 2393 1071 2453 ei
1083 2391 1213 2454 bonam
1224 2390 1319 2454 hanc
1336 2409 1433 2457 men·

201 2508 273 2559 tem
287 2508 458 2578 perpetuo
474 2514 689 2560 conseruare
704 2497 880 2576 dignetur.

256 2603 346 2667 Cum
370 2605 480 2683 igitur
498 2604 657 2668 diuinum
675 2604 721 2667 sit
741 2621 831 2683 opus
851 2604 887 2666 in
907 2604 1152 2667 huiuscemodi
1176 2604 1440 2672 afflictionibus

196 2712 409 2774 constitutos
433 2711 627 2789 consolari,
654 2728 696 2773 eo
717 2711 811 2790 quod
829 2711 1041 2789 grauissime
1061 2728 1318 2792 nonuunquam
1338 2719 1431 2795 peti·

194 2820 370 2898 clitentur,
386 2837 429 2882 ne
444 2820 479 2882 in
495 2818 778 2899 desperationem
793 2827 854 2879 aut
869 2826 964 2880 certe
980 2818 1017 2880 in
1030 2817 1271 2897 blasphemias
1286 2821 1431 2903 aliaque

194 2928 228 2989 id
243 2944 356 3007 genus
369 2927 458 2989 vitia
473 2926 719 3006 prolabantur,
736 2924 841 2987 nullis
862 2924 1081 3004 parcendum
1101 2925 1284 2989 laboribus
1305 2928 1429 2992 existi-

191 3051 329 3097 mamus
344 3042 382 3096 vt
397 3035 449 3097 eis
464 3033 703 3095 subueniatur.
722 3031 959 3112 Quapropter,
972 3032 1184 3111 posthabitis
1198 3034 1355 3113 propriis
1370 3054 1433 3100 ne-

191 3142 314 3220 gotiiS,
339 3141 374 3203 in
396 3141 450 3203 his
473 3141 515 3214 (si
537 3157 625 3220 opus
651 3139 711 3216 sit)
737 3138 940 3219 frequenter
964 3138 1160 3201 insistimus
1184 3156 1267 3202 cum
1291 3158 1432 3222 magna

191 3248 348 3311 omnium
363 3246 607 3310 aedificatione
624 3263 665 3306 ac
681 3246 872 3308 multorum
886 3247 1012 3308 salute.

249 3354 351 3417 Unde
374 3372 394 3415 a
418 3354 578 3416 saucibus
599 3352 774 3431 serpentis
799 3351 936 3432 antiqui
960 3353 1061 3415 multi
1086 3369 1149 3432 per
1173 3352 1241 3415 Dei
1265 3357 1430 3433 gratiam

188 3478 295 3541 saepe
316 3461 528 3536 liberantur,
552 3461 772 3540 potissimum
795 3470 914 3522 autem
933 3459 1091 3537 illorum,
1115 3458 1174 3539 qui
1194 3471 1343 3541 propter
1363 3481 1428 3544 pa·

186 3578 280 3630 trata
294 3568 456 3630 facinora
471 3569 507 3630 in
523 3585 667 3630 carcere
683 3568 901 3644 vinciuntur,
923 3584 984 3629 eos
1000 3566 1046 3629 ad
1062 3567 1271 3645 patientiam
1285 3586 1331 3632 ac
1346 3586 1425 3634 see·

185 3677 298 3738 lerum
322 3675 575 3755 poenitentiam
594 3673 833 3750 exhortando,
859 3685 967 3754 utque
989 3674 1101 3736 vitam
1122 3675 1158 3737 in
1177 3675 1304 3738 melius
1326 3694 1424 3741 com·

185 3792 331 3860 mutent,
348 3799 417 3862 quo
432 3782 703 3862 praeteritorum
721 3781 861 3843 veniam
877 3781 1027 3861 adipisci
1041 3775 1197 3858 ualeant;
1214 3783 1346 3861 quibus
1360 3801 1426 3848 ex·

183 3888 445 3952 hortationibus
461 3888 617 3968 plerique
633 3899 912 3965 commouentur,
930 3887 1000 3967 qui,
1019 3896 1207 3967 postquam
1222 3888 1259 3950 in
1275 3889 1421 3953 vincula

185 3996 336 4058 coniecti
351 3993 508 4069 fuerant,
525 4011 590 4056 nec
606 3993 739 4057 dudum
759 3995 866 4056 etium
886 4003 992 4057 antea
1014 3995 1251 4074 poenitentiae
1272 4012 1417 4077 recepe·

186 4113 267 4164 rant
282 4112 524 4175 sacramenta,
550 4119 640 4180 quae
657 4102 726 4162 iam
749 4101 867 4162 oblata
890 4103 983 4164 vltro
1003 4104 1283 4182 amplectuntur,
1305 4105 1424 4168 vitam

186 4210 415 4288 praeteritam
430 4209 657 4280 detestantes,
675 4220 709 4270 et
724 4210 902 4271 miseriam
919 4227 961 4271 ac
977 4210 1153 4288 tenebras,
1170 4210 1300 4290 quibus
1321 4211 1421 4290 olim,

181 4316 284 4395 quasi
299 4316 393 4378 omni
409 4315 539 4378 iudicio
556 4332 597 4376 ac
614 4316 750 4376 ratione
764 4316 909 4394 priuati,
924 4315 1204 4395 effundebantur,
1217 4334 1417 4397 agnoscen-

222 4520 227 4547 ¹
258 4517 380 4571 Spiritus
389 4520 479 4561 tristis
489 4519 607 4562 exsiccat
619 4529 687 4561 ossa.
697 4519 814 4561 Proverb
832 4551 837 4570 ,
849 4530 909 4562 xvu.
921 4533 945 4562 v.
953 4520 988 4563 ¹2⁴2.

195 4590 242 4639 ,tiit
258 4589 448 4633 Omnium
456 4592 599 4646 optitnunt,
610 4594 635 4634 et
646 4603 723 4634 omne
738 4592 837 4635 dottam
847 4592 1010 4646 perfectum,
1020 4585 1165 4640 desursum
1176 4599 1226 4642 esi.
1239 4596 1325 4655 Epist.
1333 4599 1361 4643 Β.
1369 4596 1413 4650 Ja·
1456 4626 1475 4635 -

179 4661 235 4704 tobi
248 4662 332 4717 Ap.,1‚
345 4676 369 4706 v.
383 4663 415 4706 17.
