3210 5392
741 448 805 507 Aa.
828 447 898 506 1555
1376 437 1426 496 231

237 604 327 672 tatem,
341 594 431 657 idem
442 597 629 659 voluerunt
653 595 783 674 lacere,
809 611 934 658 verum
949 593 1046 656 deest
1068 590 1169 653 nobis
1184 587 1431 669 opportunitas

238 701 443 765 satisfaciendi
457 703 613 766 omnium
628 703 732 766 votis.

280 806 401 872 Aballo
416 811 633 874 monasterio
648 810 782 873 ordinis
797 809 927 873 Christi
944 808 1014 888 [ubi
1029 825 1100 870 non
1115 806 1152 869 fit
1168 804 1351 886 professio,
1365 802 1428 864 sed

239 916 389 992 promissio
406 916 638 996 obedientiae,
654 917 874 998 paupertatis
889 926 923 979 et
942 914 1129 990 castitatis
1148 912 1315 994 quamdiu
1334 911 1371 973 in
1386 927 1428 972 eo

237 1021 344 1102 uiuitur,
361 1024 397 1087 in
412 1041 482 1105 quo
497 1033 578 1087 sunt
593 1026 724 1088 multae
745 1024 892 1100 nobiles
916 1023 1042 1103 quibus
1056 1029 1197 1102 praeest
1221 1018 1430 1097 consangui-

237 1131 392 1209 nearegiS,
410 1147 513 1194 soror
528 1129 640 1194 Ducis
654 1131 779 1194 Aueiri
802 1128 823 1207 ¹)
839 1130 1055 1208 postulatum
1068 1136 1122 1191 est
1137 1135 1175 1190 vt
1190 1126 1236 1190 ad
1250 1143 1288 1188 se
1306 1126 1428 1188 iretur:

236 1234 287 1297 adi
306 1252 344 1299 eo
368 1237 572 1318 aliquoties:
604 1255 674 1300 non
699 1255 826 1318 parum
854 1237 1049 1317 profectum
1076 1245 1130 1298 est
1155 1232 1221 1297 Dei
1246 1231 1428 1296 beneficio.

236 1338 265 1402 R.
276 1340 305 1405 P.
319 1343 433 1408 Miron
447 1345 649 1425 frequenter
664 1344 860 1408 accersitur
875 1362 896 1407 a
910 1342 1059 1422 Regina,
1077 1342 1137 1404 vbi
1151 1356 1282 1419 magna
1295 1339 1332 1402 lit
1352 1357 1431 1418 pro·

235 1450 354 1528 gressio,
370 1451 462 1515 adeo
478 1461 515 1514 ut
531 1452 647 1531 potius
662 1451 787 1530 religio
807 1450 1015 1531 piorumque
1036 1448 1233 1526 Collegium
1253 1446 1429 1524 videatur,

236 1570 313 1631 quam
323 1557 433 1635 regia.
445 1555 512 1620 Die
521 1558 663 1621 veneris
674 1558 723 1621 ibi
734 1557 889 1638 explicat
900 1556 938 1620 P.
954 1552 1220 1620 GonzalusVaz
1232 1553 1431 1616 doctrinam

235 1659 447 1742 christianam,
470 1665 614 1745 quodie
637 1665 785 1746 aliisque
809 1665 886 1745 ipse
910 1673 945 1727 et
969 1663 1089 1726 socius
1115 1660 1357 1724 consessiones
1373 1676 1431 1722 au-

236 1764 318 1831 diunt.
332 1767 507 1848 Agendae
518 1783 599 1836 sunt
613 1771 774 1854 prolecto
789 1772 966 1834 maximae
980 1769 1119 1850 gratiae
1138 1766 1227 1845 Deo,
1250 1764 1343 1847 quod
1359 1775 1432 1828 tam

235 1871 432 1940 admirabiles
447 1878 617 1942 virtutum
636 1895 777 1942 amores
796 1879 939 1956 excitet,
965 1877 1023 1941 ubi
1046 1874 1197 1939 mundus
1222 1882 1296 1936 tam
1311 1880 1433 1952 aperte

235 1992 342 2059 regnat.

277 2087 344 2154 Duo
358 2094 602 2156 catechumeni
617 2095 750 2159 tamdiu
765 2092 859 2175 apud
874 2111 939 2157 nos
953 2104 1033 2156 sunt
1049 2091 1223 2169 instructi,
1240 2088 1353 2151 donec
1372 2089 1432 2150 ba·

235 2192 328 2268 ltizati
340 2199 483 2278 luerint,
500 2218 649 2280 quorum
661 2204 750 2265 alter
761 2201 875 2264 luerat
890 2201 1048 2277 iudaeus,
1061 2199 1091 2261 is
1102 2207 1198 2261 terra
1209 2197 1306 2259 venit
1319 2213 1363 2258 ex
1379 2195 1432 2258 In·

233 2295 275 2362 dia
285 2320 386 2386 usque
398 2325 479 2371 cum
491 2307 668 2371 mandatis
678 2309 823 2372 maximi
835 2308 1014 2384 momenti,
1028 2323 1132 2386 quem
1143 2305 1245 2369 nobis
1254 2302 1433 2367 Rexcom-

234 2406 316 2491 misia
330 2414 416 2494 ipse,
433 2415 494 2477 vbi
508 2414 596 2478 bene
612 2415 804 2478 instructus
818 2413 894 2492 luit,
918 2413 1058 2494 quodie
1084 2423 1161 2476 erat
1186 2408 1431 2492 baptizandus,

231 2519 397 2584 comitatus
412 2522 531 2584 multis
546 2521 720 2585 nobilibus
743 2532 777 2584 et
791 2521 927 2585 Comite
942 2522 986 2584 de
1000 2520 1170 2585 Redondo
1189 2519 1214 2597 ¹,
1237 2519 1338 2582 cuius
1353 2515 1363 2546 ³
1379 2526 1433 2578 cst

226 2626 368 2691 patrinus
383 2629 435 2707 (vt
448 2630 604 2709 vocant),
626 2629 709 2692 hinc
724 2628 895 2693 deductus
914 2640 967 2692 est
986 2645 1094 2693 causa
1110 2628 1255 2691 maioris
1272 2626 1431 2690 aedifica·

222 2718 327 2813 tlbnis,
344 2753 426 2799 cum
438 2735 522 2799 alibi
535 2736 722 2799 habitaret.
736 2736 822 2800 Eius
836 2736 988 2798 matrina
1000 2749 1054 2800 est
1065 2752 1155 2799 uxor
1170 2732 1182 2764 ⁴
1202 2734 1328 2813 Legati
1343 2734 1433 2812 regii

214 2827 251 2891 ad
268 2836 404 2905 Indiam
419 2841 570 2923 profecti
592 2840 615 2923 ⁵3
639 2844 868 2907 concionatus
883 2854 936 2906 est
952 2845 987 2906 in
1002 2843 1125 2906 eodem
1140 2841 1270 2921 templo
1286 2839 1322 2903 P.
1339 2837 1432 2903 Gon·

206 2937 308 3010 zalus
322 2948 410 3012 Vaz:
428 2950 627 3030 baptizatus
643 2949 687 3012 ad
702 2967 768 3013 nos
779 2950 946 3013 reductus
960 2961 1025 3027 est,
1042 2965 1132 3030 quae
1144 2965 1202 3011 res
1213 2964 1365 3027 magnae
1377 2963 1433 3009 ae-

200 3031 400 3119 dificationi
414 3056 480 3118 l'uit
494 3057 531 3119 in
545 3058 696 3136 gloriam
707 3056 785 3119 Dei.
799 3056 900 3120 Alter
915 3055 989 3120 aler
1002 3069 1071 3134 est;
1084 3057 1114 3119 is
1125 3054 1240 3118 luerat
1256 3053 1434 3117 Mahume-

196 3148 325 3240 tanus,
341 3163 413 3242 qui,
430 3173 619 3243 postquam
639 3163 830 3227 instructus
846 3174 913 3241 est,
937 3163 1136 3243 baptizatus
1155 3173 1209 3225 est
1228 3177 1359 3240 magno
1384 3162 1433 3224 in·

190 3254 346 3332 stl'lactu
361 3279 560 3350 ornatuque
575 3270 774 3334 comitatus:
792 3280 938 3350 uterque
954 3269 1047 3349 apud
1062 3286 1127 3331 nos
1142 3267 1338 3332 confitetur.

267 3370 380 3439 Extra
406 3376 549 3439 domum
575 3376 749 3440 interdum
774 3377 948 3439 habentur
972 3376 1162 3439 conciones
1187 3387 1221 3439 et
1237 3376 1434 3457 explicatur

183 3453 370 3544 ‘lOQtrina
392 3481 598 3546 christiana.
625 3484 701 3562 Ego
723 3484 758 3546 in
784 3484 938 3564 quadam
962 3484 1127 3563 paroecia
1151 3482 1256 3545 huius
1280 3483 1435 3546 ciuitatis

182 3576 317 3668 saQpe
330 3589 367 3652 in
381 3587 604 3652 hebdomada
619 3590 851 3653 christianam
866 3590 1066 3653 doctrinam
1087 3590 1262 3669 explicaui
1281 3600 1320 3652 vt
1342 3606 1435 3652 com·

180 3669 342 3758 Plerem
356 3712 438 3758 eum
454 3711 650 3775 numerum,
667 3697 727 3776 qui
741 3696 961 3760 obedientiae
976 3696 1256 3776 professionique
1276 3695 1434 3773 debetur,

179 3788 312 3865 Cuius
334 3801 392 3865 hic
417 3802 552 3882 primus
577 3801 641 3865 luit
657 3820 772 3865 annus
796 3802 824 3866 ⁰:
852 3802 1097 3866 confluxerunt
1121 3802 1339 3880 benignitate
1368 3801 1437 3865 Dei

183 3966 425 4005 N...-

250 4108 268 4143 ¹
292 4113 380 4159 Sermo
391 4121 431 4158 est
441 4116 472 4158 de
484 4113 578 4160 Ordine
589 4115 697 4159 militari
708 4115 741 4159 de
753 4113 856 4159 carasco
863 4121 1018 4169 nuncupato,
1029 4114 1059 4156 de
1072 4125 1121 4168 quo
1133 4114 1192 4157 vlde
1202 4112 1264 4157 Lurz
1276 4112 1397 4160 Carrhae
1405 4126 1440 4158 or

184 4155 291 4237 Luta,
302 4185 470 4240 Geographih
481 4187 619 4237 historica,
629 4194 647 4230 t.
657 4197 673 4240 r,
685 4198 745 4242 pag.
755 4186 797 4230 5³0
806 4193 832 4230 et
842 4198 894 4240 seq.

249 4252 269 4285 ⁸
291 4255 444 4302 Franclscus
455 4256 589 4310 Conrlnho,
599 4256 635 4301 Ill
647 4256 738 4302 Comes
746 4258 778 4302 do
789 4257 917 4301 Redondo.
929 4258 1049 4301 Aucusro
1058 4256 1157 4301 Sonans
1166 4268 1198 4300 or
1208 4259 1332 4302 Azrvrruo
1342 4258 1443 4303 Banno-

192 4314 236 4356 ῃ
255 4335 290 4371 nr
303 4328 384 4373 Pmrro
395 4329 478 4385 Runa,
489 4329 619 4383 Portugai
630 4331 722 4383 anrrgo
732 4342 746 4373 e
758 4331 896 4381 moderno,¹
906 4331 985 4373 verbo
1002 4329 1136 4373 Redondo.

254 4394 271 4428 ³
294 4399 406 4454 Rectius,
417 4407 446 4445 ut
456 4401 569 4451 videtur,
578 4402 625 4455 qul
633 4402 701 4455 elus,
710 4402 775 4455 scil,
784 4402 978 4451 catechumeni,
988 4402 1035 4455 qul
1043 4401 1160 4453 iudaeus
1169 4401 1278 4456 suerat.

257 4466 270 4498 ⁴
293 4471 420 4516 Eleonora
430 4472 462 4516 de
472 4471 665 4516 Mascrrenhas.

259 4537 271 4571 ³
294 4541 363 4588 Petri
372 4544 405 4587 de
415 4542 609 4588 Mascareuhas.

260 4611 271 4637 ’ὅ
295 4613 482 4661 Pteleasionem
491 4618 614 4659 emiserat
626 4615 653 4659 P.
665 4615 840 4659 Gundisalvus
851 4615 881 4658 de
894 4615 1006 4658 Silvelra
1017 4615 1057 4658 dle
1068 4617 1152 4670 prima
1168 4616 1288 4662 Octobris
1304 4628 1371 4661 anno
1386 4627 1446 4670 pro-

215 4671 287 4723 ¹l¹¹²0
295 4686 436 4736 praeterito
447 4684 507 4728 15⁵3.
518 4684 585 4728 Vide
597 4685 709 4728 Poraucr
721 4684 875 4735 Claronirom
886 4693 901 4727 t.
914 4695 951 4735 rc,
961 4696 1022 4739 pag.
1030 4688 1051 4737 b,
1063 4697 1151 4730 annot.
1161 4688 1182 4731 3.
