3210 5392
580 431 644 488 Au.
667 429 736 487 1555
770 467 776 478 ·
1216 428 1267 489 621

90 577 121 629 7’
135 577 155 639 il
167 593 339 640 consenso
353 576 434 639 delli
449 577 599 655 parenti;
616 578 650 638 la
665 577 747 653 qual
764 592 847 637 cosa
868 592 906 637 se
925 592 996 637 non
1011 574 1123 650 fosse,
1147 576 1265 638 alcuni

90 695 113 739 t·
133 683 153 745 ii
170 683 304 763 grande
330 683 504 745 desiderio
524 684 589 745 che
614 693 785 761 tengono,
807 682 837 744 si
862 681 1134 745 sforzarebbeno
1157 682 1270 745 adun

90 799 147 852 fto
168 790 271 854 modo
294 800 418 853 contra
442 793 588 853 uolunta
610 789 665 852 dei
692 788 801 868 padre
818 789 853 852 di
874 799 1009 851 restare
1029 789 1085 851 nel
1105 789 1267 864 collegio.

90 905 177 959 testo
196 899 217 959 l’
242 898 356 960 hauea
376 907 510 959 tentato
534 914 603 959 uno
625 896 777 975 giouane
800 896 835 957 di
855 896 952 958 molti
973 894 1078 958 buoni
1104 896 1214 974 parti,
1235 896 1270 958 lo

93 1003 152 1066 ale
165 1008 248 1083 pero
264 1003 300 1066 tu
315 1003 359 1066 da
374 1013 497 1066 nostro
510 1003 623 1065 Padre
637 1007 645 1032 ¹
657 1003 826 1065 mandato
839 1003 897 1065 uia
910 1018 976 1064 con
987 1018 1078 1080 gran
1090 1000 1269 1077 difficulta,

90 1110 234 1173 rcioche
249 1111 345 1174 detto
361 1109 474 1178 Padre
489 1128 559 1173 non
575 1112 596 1171 l'
612 1111 659 1172 ha
675 1110 794 1172 uoluto
808 1109 966 1171 riceuere
982 1119 1107 1170 contra
1126 1110 1271 1171 uolunta

90 1211 133 1278 lli
145 1218 293 1297 parenti:
310 1227 345 1279 et
360 1227 484 1296 questo
497 1223 516 1279 e
531 1217 628 1279 detto
643 1216 724 1278 delli
742 1216 932 1279 forastieri.

114 1323 150 1388 Li
164 1325 347 1387 domestici
362 1327 390 1385 s’
407 1325 624 1386 essercitano
639 1324 674 1386 in
689 1339 774 1385 casa
789 1340 856 1386 con
872 1323 955 1386 noui
970 1332 1005 1384 et
1021 1323 1113 1386 uarii
1128 1323 1273 1385 esserci·

90 1474 105 1503 ,
119 1442 150 1495 et
164 1450 283 1494 uanno
298 1449 360 1510 per
375 1433 396 1493 l’
414 1431 535 1510 agiuto
551 1431 606 1493 dei
621 1429 770 1509 Signore
791 1446 931 1508 sempre
952 1430 1081 1507 inanzi,
1102 1447 1173 1492 non
1197 1430 1272 1492 solo

93 1539 138 1601 lle
152 1541 272 1616 letere,
289 1556 346 1601 ma
361 1537 527 1600 etiamdio
542 1539 598 1599 nel
613 1537 753 1616 spirito,
773 1538 951 1600 mettendo
971 1538 1080 1600 molto
1100 1537 1218 1599 studio
1239 1547 1274 1598 et

90 1641 237 1725 iigeuza,
250 1645 541 1724 principaimente
553 1645 588 1705 in
601 1643 804 1724 acquistare
816 1644 847 1706 le
863 1645 969 1719 virtu,
986 1652 1021 1706 et
1036 1646 1058 1706 l’
1077 1644 1275 1723 acquistate
1296 1681 1300 1689 ·

90 1768 276 1828 =nseruare;
292 1751 335 1814 de
350 1752 508 1813 maniera
524 1751 589 1814 che
604 1768 691 1813 sono
708 1751 743 1813 in
758 1751 932 1829 essempio
947 1768 967 1812 a
983 1751 1089 1830 quelli
1103 1750 1139 1813 di
1159 1750 1276 1826 fuora,

90 1869 148 1923 nto
164 1858 200 1922 di
215 1857 380 1934 dottrina,
398 1867 530 1937 quanto
545 1856 580 1919 di
595 1857 713 1920 buona
728 1857 812 1920 uita.

105 1965 174 2030 Nei
191 1965 341 2043 collegio
356 1964 468 2026 siamo
484 1964 565 2027 tutti
576 1963 627 2041 32,
641 1974 714 2026 otto
726 1961 845 2039 Padri,
859 1967 906 2042 gl’
925 1965 1006 2027 altri
1018 1965 1111 2043 laici;
1124 1965 1206 2028 tutti
1217 1981 1276 2027 oc·

90 2073 171 2154 pati
185 2073 266 2135 neil'
283 2071 387 2134 officii
402 2071 605 2134 necessarii.
622 2069 671 2133 Le
686 2070 869 2150 prediche,
894 2073 926 2133 le
947 2072 1042 2149 quali
1062 2072 1092 2134 si
1113 2072 1276 2151 sogliono

90 2199 122 2244 ·e
140 2182 173 2243 le
188 2178 395 2242 domeniche
420 2187 455 2240 et
478 2176 567 2240 seste
586 2178 677 2240 neila
693 2177 813 2240 chiesa
832 2187 970 2254 nostra,
993 2179 1023 2241 si
1044 2179 1279 2258 frequentano

118 2296 247 2350 nostro
276 2284 389 2348 Padre
419 2302 486 2347 con
515 2286 622 2347 molto
651 2284 758 2347 frutto
787 2281 830 2347 de
863 2286 910 2363 gl'
941 2283 1081 2348 oditori.
1113 2284 1182 2348 Dal
1209 2302 1277 2349 me·

90 2396 188 2459 simo
210 2392 325 2455 Padre
345 2392 430 2470 ogni
450 2391 597 2453 uenerdi
611 2391 641 2453 si
661 2393 765 2470 legge
780 2393 813 2453 la
829 2391 984 2455 dottrina
999 2392 1195 2456 christiana
1208 2408 1278 2456 con

90 2521 117 2566 n
135 2501 265 2564 minor’
283 2497 395 2561 utilita
410 2507 444 2560 et
459 2497 655 2576 frequentia
671 2497 705 2559 d'
722 2497 862 2560 oditori.
880 2497 958 2560 Non
972 2500 1000 2560 s’
1018 2504 1038 2561 e
1057 2498 1217 2577 iasciato,
1233 2504 1280 2563 ne
1375 2477 1376 2480 Ἴ

93 2607 217 2672 lascia
236 2604 270 2667 di
291 2602 475 2684 predicare
498 2606 555 2666 nel
579 2621 696 2667 nuouo
719 2604 935 2667 monasterio
954 2609 976 2679 ¹,
1000 2605 1035 2667 in
1055 2606 1171 2685 quello
1190 2606 1280 2668 delle

90 2731 170 2779 nne
185 2711 392 2790 conuertite,
408 2711 488 2774 nell’
506 2711 680 2788 hospitale
692 2710 735 2773 de
750 2712 798 2789 gi'
815 2711 1014 2788 incurabili,
1029 2728 1098 2774 uua
1113 2723 1215 2791 parte
1224 2713 1280 2775 del

90 2837 173 2902 npo
189 2818 245 2882 ali’
259 2817 428 2895 huomini,
446 2819 468 2880 l’
486 2818 564 2881 altr’
582 2818 649 2880 alle
664 2816 793 2893 donne,
809 2818 875 2881 che
885 2818 944 2882 nel
954 2818 1147 2882 medesimo
1162 2818 1280 2899 hospi·

90 2946 120 2993 te
136 2927 176 2990 in
192 2943 239 2989 un
254 2927 360 3004 luogo
379 2933 567 3004 appartato
588 2941 625 2987 se
645 2941 796 3002 curano;
818 2934 853 2987 et
878 2942 939 3004 per
961 2926 995 2988 ia
1015 2925 1133 3004 gratia
1153 2925 1209 2989 del
1229 2924 1280 2988 Si·

90 3052 166 3101 tore
187 3033 216 3095 si
240 3032 276 3094 sa
296 3031 392 3094 assai
410 3030 530 3108 srutto,
553 3030 578 3093 il
595 3031 700 3110 quale
723 3031 753 3094 si
773 3046 951 3109 cognosce
972 3033 1063 3095 nella
1086 3032 1282 3095 mutatione

90 3144 145 3207 ila
161 3140 236 3203 uita
251 3150 285 3202 et
300 3137 581 3219 frequentatione
595 3137 678 3201 delli
692 3138 786 3201 santi
801 3136 1034 3229 sacramenti.

110 3247 181 3312 Nei
195 3245 356 3310 Giubileo
368 3244 434 3308 che
445 3243 551 3324 pochi
560 3244 677 3323 giomi
688 3244 724 3307 fa
736 3247 764 3308 s’
779 3244 1285 3324 epublicat0,1iPadrihanno

90 3365 148 3419 ato
163 3352 419 3433 grandemente
434 3351 599 3431 occupati
614 3352 650 3414 in
665 3351 889 3414 confessione
904 3368 967 3431 per
981 3354 1015 3415 la
1029 3367 1121 3430 gran
1134 3352 1284 3416 moititu-

89 3480 136 3525 ne
151 3460 186 3524 d'
202 3459 214 3521 i
228 3458 409 3539 penitenti,
425 3457 561 3520 benene
574 3458 667 3520 nella
691 3457 870 3521 Madonna
890 3457 924 3520 di
948 3461 1034 3521 mez'
1056 3456 1194 3537 Agosto
1215 3457 1283 3521 ios·

90 3586 135 3632 :ro
150 3566 235 3630 stati
249 3582 323 3628 non
337 3566 445 3627 molto
461 3562 552 3626 men’
573 3564 748 3643 occupati.
766 3563 834 3627 Per
851 3566 884 3627 la
908 3565 991 3645 qual
1005 3581 1091 3628 cosa
1113 3582 1180 3628 con
1194 3573 1288 3628 tutto

90 3693 122 3739 te
137 3674 276 3737 fossero
290 3671 311 3733 6
324 3669 431 3734 Padri
445 3670 481 3733 di
495 3670 661 3733 continuo
676 3670 771 3733 dalla
787 3671 921 3734 matina
936 3672 1062 3734 abuon
1074 3671 1164 3735 hora
1179 3673 1286 3751 impe·

90 3782 132 3857 ti,
149 3797 213 3861 per
229 3778 332 3842 insin'
350 3794 370 3841 a
385 3774 581 3839 decennou’
593 3776 680 3839 hore
695 3785 730 3839 et
742 3777 850 3854 venti,
866 3786 902 3839 et
916 3777 1007 3857 dopo
1022 3795 1094 3840 non
1105 3779 1217 3840 molto
1228 3777 1287 3842 dal

90 3904 191 3952 :anso
206 3885 309 3949 insin‘
332 3883 450 3947 aduoi
469 3892 504 3946 et
522 3891 577 3945 tre
595 3882 683 3945 hore
704 3881 740 3945 di
761 3893 869 3961 notte,
891 3900 961 3946 non
983 3885 1012 3946 si
1034 3884 1136 3949 basto
1158 3888 1245 3964 pero
1265 3901 1287 3947 a

90 3996 139 4059 itti
158 3992 343 4057 sodisiare.
367 3990 482 4071 Quelli
500 3990 567 4053 che
587 4008 625 4053 se
645 3991 956 4054 communicorono
975 3992 1009 4054 la
1028 3991 1230 4070 domenica,
1252 3991 1288 4055 la

90 4103 163 4167 tale
172 4100 321 4179 seguito,
335 4099 427 4161 uella
437 4097 559 4160 chiesa
570 4108 704 4173 nostra,
717 4113 805 4160 sono
817 4098 900 4160 stati
911 4097 971 4176 piu
982 4097 1026 4160 de
1033 4096 1105 4177 4003
1118 4114 1185 4162 con
1196 4106 1292 4161 tutto

92 4216 125 4285 o,
152 4225 224 4270 una
244 4206 362 4270 buona
380 4213 481 4284 parte
502 4203 538 4267 di
557 4203 662 4283 quelli
687 4204 753 4266 che
774 4203 804 4266 si
824 4204 1076 4267 confessorono
1096 4205 1155 4267 alli
1176 4205 1290 4268 nostri

90 4315 177 4392 adri,
195 4314 225 4377 si
240 4310 474 4388 communico,
491 4321 592 4390 parte
607 4310 700 4373 nella
715 4309 837 4373 madre
853 4310 985 4388 chiesa,
1002 4321 1102 4390 parte
1122 4312 1213 4375 nelle
1226 4328 1291 4375 sue

90 4489 280 4502 ...μ

105 4596 111 4624 ¹
143 4592 169 4635 Ρ.
189 4590 284 4634 Paulus
294 4587 318 4631 d·
328 4587 439 4632 Acuunt
449 4585 554 4630 Rector.

102 4667 114 4697 ¹
143 4663 209 4706 Vide
220 4661 336 4706 Pouncr
347 4657 501 4709 caroniam,
511 4665 530 4701 t.
541 4668 662 4712 tinprtgs.
676 4657 774 4711 226-228,
785 4669 826 4703 nu.
836 4658 937 4704 197-502.
