3240 5386
185 436 241 496 508
575 435 1029 505 ernnnauoununiursrnrs

187 598 338 660 magnus
354 592 458 658 esset,
475 581 505 643 si
521 582 654 662 absque
669 582 807 644 delectu
823 581 1103 644 admitterentur.
1119 578 1159 641 In
1173 574 1329 656 graecis
1344 591 1430 637 uero

186 688 244 764 (ne
259 688 341 767 quid
357 688 443 750 mihi
458 688 644 768 quominus
656 688 717 751 tibi
731 689 895 751 nunciem
907 685 1039 765 restet),
1057 685 1229 748 Isocratis
1241 682 1430 746 orationes

187 803 222 856 et
248 795 428 874 syntaxim
447 794 736 873 interpretantur.
752 794 831 874 Quo
846 794 962 857 studio
977 810 1021 856 ac
1035 791 1221 872 diligentia
1241 789 1281 853 hi
1304 804 1429 852 ornnes

187 901 313 963 litteris
328 919 370 963 ac
386 901 488 963 bonis
507 902 664 965 moribus
683 901 880 979 inuigilent,
902 898 1205 980 supersedendum
1221 896 1326 959 duxi:
1343 895 1429 958 illud

186 1017 306 1070 tamen
322 1025 393 1069 non
409 1009 580 1083 omittam,
598 1008 693 1071 domi
708 1007 804 1087 apud
825 1024 890 1070 nos
911 1006 1060 1087 singulis
1080 1004 1215 1081 dicbus,
1237 1003 1277 1066 ni
1293 1018 1427 1065 uacan-

187 1115 272 1177 dum
288 1115 332 1177 ab
348 1132 454 1194 opere
469 1113 587 1192 luerit,
604 1131 833 1194 magnacum
848 1115 1042 1177 attentione
1056 1113 1109 1176 rei
1130 1128 1259 1174 sacrae
1276 1110 1427 1173 interes-

188 1238 238 1284 se:
256 1221 303 1283 ibi
318 1221 471 1297 interim,
485 1221 567 1284 dum
580 1220 617 1283 fit
629 1238 782 1299 sacrum,
796 1237 945 1302 pensum
956 1228 1091 1300 septem
1103 1220 1277 1282 horarum
1290 1216 1329 1280 in
1341 1215 1427 1280 Bea-

188 1338 246 1390 tae
262 1328 422 1406 Uirginis
436 1328 571 1391 Mariae
595 1328 766 1391 honorem
786 1345 873 1408 prae
893 1327 1055 1390 manibus
1075 1325 1205 1389 habent
1225 1335 1292 1387 aut
1315 1323 1426 1387 corol-

189 1435 271 1511 lam,
289 1435 458 1514 multique
478 1435 724 1498 Eucharistiae
743 1446 1007 1497 sacramentum
1021 1442 1173 1510 sumunt,
1191 1431 1229 1494 in
1243 1429 1423 1511 principio

189 1543 315 1603 saltem
329 1542 499 1622 cuiusque
515 1541 657 1604 mensis:
676 1543 710 1604 in
726 1540 924 1621 gymnasiis
939 1548 1068 1617 autem,
1086 1539 1117 1602 si
1131 1538 1222 1619 quis,
1239 1550 1282 1600 vt
1299 1539 1335 1600 in
1350 1548 1421 1599 tan·

190 1658 226 1710 ta
241 1648 463 1711 multitudine
483 1647 560 1710 fieri
580 1652 679 1727 solet,
697 1649 795 1711 rudis
815 1649 862 1711 sit
881 1648 1024 1726 ingenio
1044 1654 1105 1710 aut
1120 1645 1248 1708 studiis
1271 1644 1360 1707 nolit
1373 1643 1417 1704 in·

190 1755 330 1833 sudare,
347 1756 382 1817 in
398 1773 440 1817 eo
456 1756 606 1835 denique
627 1773 733 1834 saepe
749 1756 902 1818 monitus
921 1763 1065 1834 perstet,
1088 1751 1278 1815 aduocatis
1299 1765 1412 1830 paren·

190 1861 295 1940 tibuS,
314 1862 426 1941 iisque
442 1862 484 1924 de
507 1863 648 1942 ingenio
672 1880 715 1924 ac
731 1862 823 1925 uotis
845 1861 944 1941 pueri
959 1859 1106 1937 edoctiS,
1128 1876 1172 1921 ne
1191 1858 1247 1935 iis,
1270 1871 1406 1937 quorum

189 1985 272 2047 spes
295 1969 413 2048 aliqua
433 1969 597 2047 refulget,
622 1969 725 2046 obsit,
748 1969 891 2032 domum
917 1968 963 2031 ad
989 1967 1058 2030 alia
1085 1982 1233 2029 munera
1259 1964 1415 2045 mittitur„

190 2075 317 2154 quibus
333 2084 438 2154 aptus
453 2075 509 2152 sit,
526 2075 700 2138 obeunda.

251 2181 326 2245 Etsi
346 2182 392 2243 ab
407 2182 555 2262 spiritali
571 2182 730 2260 profectu
751 2183 878 2245 multos
900 2190 1029 2244 auocat
1050 2179 1119 2243 loci
1135 2178 1449 2242 incommoditas
1468 2231 1499 2256 ‚

191 2298 310 2351 tamen
330 2298 450 2351 tantus
470 2301 523 2352 est
545 2307 667 2353 eorum
685 2306 864 2365 numeruS,
882 2290 941 2369 qui
957 2289 1003 2352 ad
1017 2305 1085 2352 nos
1104 2286 1298 2350 confitendi
1313 2295 1499 2347 cans-e

191 2395 376 2472 accedunt,
399 2406 437 2458 ut
460 2396 521 2458 uix
540 2397 697 2475 ipsorum
719 2397 933 2475 respondere
956 2395 1086 2475 optatis
1106 2411 1293 2474 queamus:
1321 2391 1499 2466 idqu‘

193 2520 262 2564 non
276 2502 382 2564 modo
398 2503 521 2565 diebus
536 2502 645 2581 sestis,
663 2520 787 2567 nerum
802 2503 909 2566 etiam
925 2502 1053 2582 quibus
1066 2501 1182 2564 labori
1193 2514 1249 2562 est
1261 2497 1499 2562 insistet]

192 2609 287 2687 dum:
304 2611 425 2672 nescio
440 2627 593 2689 quonam
605 2612 722 2688 modu,
739 2610 823 2673 dum
838 2611 874 2672 in
885 2610 1018 2673 scholis
1033 2607 1218 2685 uersabar,
1236 2608 1281 2670 de
1296 2595 1496 2670 doct(

190 2732 238 2777 na
253 2715 460 2794 christiana,
477 2734 582 2795 quarn
598 2717 747 2795 singulis
762 2717 883 2779 diebus
898 2716 1039 2778 ueneris
1055 2715 1093 2778 P.
1107 2713 1290 2777 Antonius
1304 2715 1315 2747 ¹
1330 2692 1499 2777 doafl:¹

190 2823 373 2901 discipulis
400 2823 562 2885 omnibus
585 2840 722 2886 summo
745 2841 865 2886 amore
887 2840 929 2885 ac
950 2821 1134 2901 diligentia
1155 2810 1496 2898 interpretatur

192 2930 338 2991 uerbum
354 2931 486 2991 nullum
505 2930 584 2992 leci:
607 2948 649 2992 ac
669 2931 711 2992 de
731 2930 895 3009 quodam,
913 2930 1012 2992 cuius
1034 2945 1166 3006 magna
1187 2944 1272 3007 spes
1295 2939 1358 3000 est,
1372 2925 1397 2987 lu

190 3038 306 3097 sitano
322 3037 459 3112 iuuene,
477 3037 544 3097 hac
560 3037 720 3115 proxime
735 3039 835 3115 lapsa
851 3036 1125 3115 quadragesima
1141 3035 1321 3112 ingresso

252 3141 368 3203 Parva
384 3143 523 3222 quidem
539 3152 620 3204 sunt
637 3143 736 3219 haee,
757 3141 797 3204 R.
816 3142 867 3219 P.,
885 3160 970 3220 prae
992 3142 1193 3204 futurorum
1210 3141 1413 3220 expectatio·
1466 3122 1491 3147 ²

192 3267 247 3309 ne.
264 3247 430 3326 Superest
446 3259 483 3310 ut
498 3249 580 3310 huic
597 3259 629 3310 et
645 3250 795 3310 caeteris
815 3259 958 3311 nostrae
973 3247 1163 3311 Societatis
1180 3249 1356 3327 collegiis,
1371 3266 1417 3327 pe·

192 3354 292 3415 rinde
308 3372 349 3416 ac
365 3354 455 3431 filiis,
471 3356 680 3434 prospicias
694 3356 762 3416 hoc
774 3365 838 3432 est,
853 3365 1022 3434 quantum
1035 3354 1111 3416 fieri
1124 3365 1254 3434 potest,
1268 3372 1375 3417 cures
1385 3374 1424 3418 ne

193 3478 257 3537 pro
273 3462 442 3541 cuiusque
459 3462 584 3523 messis
607 3461 850 3539 magnitudine
866 3477 1043 3523 messores
1066 3460 1183 3523 idonei
1204 3462 1337 3525 desint:
1355 3478 1426 3524 ora·

194 3567 347 3627 tionibus
363 3568 461 3629 iuues
477 3579 525 3642 ut,
542 3568 603 3646 qui
619 3568 745 3646 coepit,
771 3569 990 3629 incrementa
1016 3567 1086 3643 det,
1103 3567 1202 3630 Deus
1223 3567 1309 3646 Opt.
1334 3568 1430 3631 Max.

192 3672 296 3750 Quod
312 3674 340 3734 si
356 3672 494 3750 feceris‘,
512 3691 614 3753 spero
630 3672 716 3751 fore,
733 3683 771 3734 ut
782 3674 970 3735 uniuersus
980 3684 1159 3736 terrarum
1171 3674 1269 3737 orbis
1282 3675 1433 3739 mirifice

194 3779 362 3857 gaudeat,
381 3791 619 3858 uenturusque
636 3780 907 3842 christianorum
924 3781 1076 3860 populus
1095 3781 1275 3858 ingenteis
1292 3799 1438 3846 summo

193 3887 357 3949 Creatori
372 3888 520 3964 gratias,
539 3887 632 3965 quod
648 3887 682 3948 in
698 3887 787 3948 haec
803 3895 963 3965 tempora
979 3887 1154 3964 inciderit,
1173 3896 1271 3966 agat.
1293 3888 1405 3951 Vale.

255 3994 391 4069 Genua,
407 3992 427 4054 8
443 3992 519 4054 idus
534 3992 670 4072 Junias‚
688 4009 779 4053 anno
796 4010 816 4052 a
832 3992 974 4054 Christo
991 4003 1074 4055 nato
1093 3992 1181 4055 1555.

323 4099 476 4178 Impulsu
493 4098 534 4160 R.
551 4098 587 4161 P.
606 4098 778 4160 Rectoris.

478 4206 518 4267 T.
535 4204 577 4266 R.
595 4204 631 4266 P.
650 4205 814 4282 indignus
831 4205 935 4282 filiuS,

826 4418 1010 4499 Jonnnnes
1031 4418 1267 4484 Carmanos.

239 4662 245 4690 ²
277 4661 304 4702 P.
315 4661 444 4703 Antonius
454 4660 483 4701 de
496 4658 644 4709 Soldevillu,
656 4656 760 4699 Rector.
