3210 5392
497 1099 776 1182 ODXXVIII

91 1439 242 1497 >liverius
259 1439 437 1497 Manareus

114 1539 201 1594 Patri
219 1539 343 1611 ignatio
359 1538 400 1595 de
415 1538 553 1612 Loyola.

148 1634 304 1702 Laureto.
322 1636 355 1694 18
370 1635 573 1709 Septembris
589 1636 658 1696 1555
672 1642 693 1694 ¹.

583 1869 671 2008 Jhiis

90 2166 157 2228 ‚³ax
173 2165 205 2229 Χ
210 2167 254 2245 pi.

90 2273 192 2335 tiolto
209 2270 287 2335 R.do
303 2273 338 2334 in
353 2271 445 2352 Xpo.
463 2271 588 2335 Padre.

90 2380 243 2443 Essendo
270 2389 400 2441 venuto
422 2379 446 2441 11
467 2393 585 2458 tempo
605 2380 640 2443 di
665 2379 812 2442 rendere
838 2388 943 2442 conto
968 2379 1003 2442 di
1028 2381 1109 2460 quel
1135 2380 1250 2459 pocho

90 2496 133 2549 :to
150 2487 215 2548 che
231 2496 354 2548 nostro
368 2486 518 2564 Signore
534 2488 561 2548 s'
579 2492 598 2548 e
613 2486 767 2565 deguato
782 2486 857 2549 sare
873 2503 935 2565 per
955 2486 1069 2566 questi
1088 2487 1251 2550 vilissimi

89 2593 341 2655 iinstrumenti
360 2593 383 2654 il
399 2592 656 2672 quadrimestre
679 2602 838 2671 passam,
862 2592 921 2672 piu
941 2593 1166 2655 breuemente
1186 2593 1252 2655 che

90 2703 125 2761 ro
141 2699 218 2761 diro
233 2700 349 2777 quello
364 2699 479 2778 pocho
495 2699 561 2761 che
576 2700 609 2760 la
624 2699 792 2761 memoria
809 2698 857 2762 mi
872 2699 1072 2777 suggerira.

90 2805 199 2885 Dopoi
215 2805 376 2868 adunche
391 2806 414 2867 il
436 2817 579 2884 passato
597 2803 855 2886 quadrimestre
878 2806 1028 2868 hauemo
1044 2805 1251 2867 continuato

100 2913 134 2974 la
156 2912 253 2974 iddio
275 2913 390 2991 gratia
412 2913 462 2990 gli
482 2912 574 2975 soliti
594 2912 766 2974 essercitii
781 2911 872 2974 della
894 2920 1015 2974 nostra
1031 2909 1251 2990 Compagnia

108 3020 203 3080 assai
225 3017 444 3080 edificatione
466 3028 500 3081 et
519 3019 665 3097 aggiuto
686 3018 774 3081 delle
792 3017 924 3095 anime,
949 3016 1115 3079 massime
1134 3034 1197 3097 per
1219 3019 1252 3080 le

92 3126 237 3188 sessioni
254 3126 330 3204 (piu
344 3124 546 3187 necessario
562 3125 743 3187 essercitio
758 3142 778 3186 a
799 3133 924 3204 questa
940 3123 1142 3186 santissima
1165 3141 1249 3186 casa

112 3232 245 3293 nissun’
275 3232 396 3308 altro),
424 3232 491 3293 alle
515 3230 611 3310 quali
636 3236 654 3293 e
679 3240 772 3293 stato
794 3247 933 3310 sempre
951 3246 1043 3309 gran
1062 3246 1248 3309 concorso,

89 3339 191 3400 ssime
207 3339 250 3399 de
265 3349 358 3400 terre
374 3337 625 3415 circonuicine‚
642 3347 675 3399 et
691 3337 1002 3416 particolarmente
1017 3335 1198 3400 Macerata
1214 3348 1249 3400 et

89 3455 216 3518 ranam,
239 3443 355 3506 donde
376 3444 477 3522 quasi
497 3444 581 3521 ogni
602 3442 692 3506 sesta
717 3454 752 3506 et
772 3443 982 3506 domenicha
1000 3461 1112 3506 venne
1132 3454 1248 3522 gente,

89 3569 236 3613 ‚manco
253 3569 314 3629 per
330 3569 426 3612 esser
443 3551 628 3630 aggiutata
643 3567 706 3630 per
727 3567 847 3613 mezzo
868 3550 904 3613 di
925 3561 1050 3631 questo
1072 3559 1174 3614 santo
1197 3568 1251 3613 sa·

89 3669 215 3729 mento,
234 3675 333 3718 come
349 3675 411 3735 per
427 3659 460 3720 la
480 3666 582 3720 santa
598 3657 893 3736 pelegrinatione,
920 3673 953 3720 et
973 3657 1251 3736 singolarmente

102 3764 317 3826 confessioni
333 3766 511 3841 generale,
529 3764 605 3826 cioe
620 3762 655 3825 di
670 3773 760 3826 tutta
776 3765 809 3825 la
822 3765 908 3842 vita,
921 3781 984 3843 per
999 3767 1030 3827 le
1045 3764 1141 3843 quali
1153 3775 1251 3826 tanto

89 3871 252 3932 itrounno
268 3870 381 3948 questi
397 3870 514 3949 popoli
529 3870 704 3949 aggiutati
719 3870 784 3932 che
801 3869 832 3932 si
853 3869 1025 3948 spingeno
1041 3872 1062 3931 l'
1080 3887 1150 3932 uno
1165 3872 1186 3932 l’
1204 3872 1250 3933 al·

93 3995 114 4038 a
130 3976 232 4051 farla,
250 3995 270 4038 a
287 3978 335 4038 tal
350 3977 405 4039 ch’
423 3975 510 4039 hora
526 3976 549 4037 il
565 3993 667 4037 nome
688 3975 722 4038 di
737 3975 960 4038 confessione
975 3978 1161 4053 generale,
1185 3977 1246 4056 gia

89 4101 136 4145 na
152 4085 299 4162 sepolt0,
317 4091 415 4145 tanto
431 4083 484 4144 sia
500 4083 623 4144 chiaro
639 4092 673 4144 et
688 4083 873 4144 manifesto
898 4083 933 4144 in
956 4092 1081 4161 questa
1103 4081 1250 4146 Marcha

104 4207 148 4250 ue
163 4207 235 4251 non
250 4190 279 4250 si
296 4189 389 4251 troui
405 4189 428 4250 il
444 4190 571 4267 popolo
587 4199 770 4266 contento,
788 4188 854 4249 che
869 4206 935 4249 con
956 4199 1060 4250 santa
1083 4189 1250 4267 importu-

103 4430 289 4482 Autogrnphae
302 4430 327 4471 in
343 4429 403 4472 10110
415 4429 517 4480 duplici,
534 4439 575 4470 nn.
587 4428 660 4470 itaet
677 4426 780 4470 ila-ln
796 4427 826 4469 iis
837 4434 936 4470 tantum
952 4427 1107 4480 subscriptio
1121 4433 1147 4470 et
1162 4437 1251 4481 super·

88 4502 130 4544 itio
142 4513 166 4543 et
178 4501 305 4554 quasdam
317 4503 397 4542 verba
408 4501 475 4542 inter
486 4501 568 4542 lineas
578 4507 602 4541 et
613 4501 659 4541 sub
671 4498 745 4541 finem
755 4499 879 4550 epistolae
895 4497 992 4549 addita,
1002 4506 1062 4540 sunt
1073 4508 1149 4541 manu
1164 4498 1252 4543 Patris

88 4571 379 4614 urei-Animadverret
392 4577 479 4614 nutem
490 4569 566 4612 facile
578 4571 660 4611 lector
672 4569 762 4611 iterari
775 4569 816 4610 liic
828 4570 916 4622 plura,
928 4578 993 4620 quae
1007 4567 1060 4620 jam
1072 4573 1180 4612 narrata
1191 4576 1251 4612 sunt

88 4655 112 4694 u,
123 4655 182 4697 pag.
191 4643 287 4685 miz-sul.
