3210 5392
184 430 241 488 ⁴233
572 429 744 488 Luranaa
763 445 1034 497 ouaoaumsrnas

181 575 301 639 dierat
328 573 520 654 'praeterea
549 574 809 655 philosophiam
837 576 1132 655 quaestionesque
1168 574 1418 638 confessarius.

183 682 355 745 Laetatus
380 690 433 744 est
455 681 684 745 vehementer
704 680 742 745 P.
762 680 918 763 Joannes
942 681 1094 759 Nonius,
1111 691 1303 762 propterea
1325 680 1421 762 quod

183 789 282 851 inea
303 789 450 868 regione
472 807 561 869 opus
583 800 636 852 est
655 788 857 851 hominibus
882 788 1005 868 peritis
1028 787 1177 852 canendi
1199 787 1419 851 celebrandi·

181 912 253 976 que
272 894 392 959 diuina
413 895 538 959 officia.
555 895 708 959 Necesse
729 905 783 958 est
807 905 991 976 praeterea
1006 895 1253 959 Patriarcham
1274 910 1420 958 merum

181 1001 303 1065 facere
323 1003 472 1065 solemni
497 1001 749 1083 pontificioque
767 1011 962 1082 apparatu;
983 1018 1093 1082 quare
1119 1001 1206 1065 nihil
1228 1011 1375 1081 poterat
1389 1005 1423 1068 ei

181 1108 321 1186 gratius
342 1107 515 1171 accidere.
543 1107 717 1172 Postridie
742 1125 849 1189 quam
867 1108 970 1172 electi
995 1119 1077 1171 sunt
1096 1109 1194 1172 venit
1218 1106 1333 1171 frater
1356 1106 1422 1171 Co·

183 1213 374 1290 nimbrica,
391 1231 454 1293 per
475 1231 580 1294 quem
600 1215 795 1295 scripserat
815 1213 861 1277 ad
875 1212 913 1275 P.
929 1213 1103 1277 Mironem
1118 1224 1158 1277 vt
1177 1213 1244 1277 sibi
1264 1221 1421 1295 potesta·
1468 1262 1474 1273 .

181 1331 253 1383 tem
275 1319 411 1383 faceret
435 1320 683 1400 proficiscendi
700 1321 747 1384 ad
768 1320 968 1395 Pretiosum
987 1320 1171 1403 Joannem.
1197 1320 1327 1384 Frater
1353 1319 1419 1383 Pa·

183 1427 315 1489 scualis
335 1436 413 1490 erat
434 1425 591 1490 Eborae:
615 1428 645 1490 is
666 1428 727 1491 diu
750 1426 904 1507 praefuit
924 1428 1044 1507 pueris
1070 1427 1256 1508 orphanis:
1274 1427 1420 1491 videtur

184 1534 340 1596 maxime
367 1533 658 1597 accommodatus
680 1535 748 1597 illis
762 1535 943 1613 gentibus,
961 1534 1056 1615 apud
1077 1551 1165 1615 quas
1190 1534 1300 1597 etiam
1319 1535 1426 1614 pueri

181 1647 265 1703 sunt
279 1638 497 1703 instituendi.
515 1639 739 1721 Quamquam
753 1641 819 1703 hos
833 1640 1016 1719 eligendos
1030 1641 1213 1704 statuisset
1228 1640 1418 1720 Dominus,

183 1747 303 1810 multis
328 1756 446 1810 tamen
473 1747 625 1825 largitus
647 1758 700 1810 est
720 1745 902 1810 desideria
926 1747 1191 1827 proficiscendi,
1215 1747 1250 1810 id
1277 1749 1377 1828 quod
1401 1766 1424 1812 a

183 1851 221 1916 P.
238 1853 375 1916 Mirone
389 1853 662 1931 contenderunt,
676 1853 803 1934 quibus
815 1853 912 1917 Deus
927 1870 991 1934 pro
1006 1853 1134 1917 talibus
1147 1854 1242 1917 votis
1256 1854 1417 1934 gratiam

183 1959 415 2023 nihilominus
443 1961 584 2023 releret.
613 1959 822 2040 Propediem
855 1976 1040 2041 speramus
1074 1977 1197 2024 omnes
1225 1959 1413 2025 affuturos

184 2064 374 2129 Domicilia
389 2082 502 2146 nuper
517 2065 704 2131 aedificata
725 2067 889 2130 omnibus
910 2066 1102 2130 sufficiunt:
1120 2067 1204 2130 item
1223 2068 1420 2149 eleemosy-

184 2188 270 2250 nae,
287 2172 337 2235 ita
353 2181 391 2234 ut
410 2190 481 2235 non
500 2173 547 2235 sit
566 2189 656 2252 opus
681 2173 791 2252 regiis
810 2173 989 2254 impensis.
1006 2172 1237 2253 Nauigationi
1255 2192 1421 2239 necessa·

181 2279 238 2342 ria
257 2290 520 2359 comparantur:
537 2279 707 2359 praefecti
725 2280 872 2343 nauium
894 2279 1095 2345 Indicarum
1110 2281 1342 2345 vehementer
1357 2299 1414 2346 cu·

187 2386 288 2465 piunt
308 2403 369 2448 eos
391 2402 511 2449 secum
530 2386 677 2466 vehere,
697 2387 970 2468 venientesques
990 2388 1036 2450 ad
1055 2405 1121 2450 nos
1145 2404 1224 2451 sese
1252 2387 1420 2467 offerunt,

186 2509 302 2572 neque
327 2493 472 2572 iniuria;
493 2493 624 2556 habent
649 2494 742 2557 enim
766 2511 903 2570 secum,
921 2494 981 2574 qui
1005 2504 1041 2557 et
1065 2494 1132 2557 sibi
1156 2504 1192 2557 et
1214 2496 1423 2559 vectoribus

187 2599 394 2663 inseruiant.
409 2598 488 2662 Hoc
503 2600 643 2664 interim
659 2601 775 2681 spatio
790 2599 961 2664 docentur
976 2618 997 2662 a
1012 2602 1198 2664 sacerdote
1214 2603 1329 2666 nostri
1342 2601 1421 2667 Col·

188 2705 286 2785 legii,
302 2707 363 2785 qui
378 2724 441 2787 per
456 2706 523 2769 hos
537 2706 612 2770 dies
627 2707 672 2770 ad
695 2723 761 2770 nos
782 2724 819 2770 se
835 2707 1001 2786 contulit,
1021 2708 1179 2786 linguam
1198 2708 1420 2789 hebraicam,

187 2812 283 2893 quod
313 2813 383 2876 illis
414 2814 572 2894 partibus
597 2813 762 2877 videatur
789 2815 1009 2893 necessaria,
1039 2825 1185 2895 propter
1213 2814 1425 2881 affinitatem

183 2936 293 2999 quam
309 2919 413 2982 habet
430 2937 509 2983 cum
524 2920 722 2983 chaldaica.

245 3025 377 3102 LocuS,
400 3026 436 3089 in
456 3045 524 3107 quo
547 3026 763 3105 habitamus,
781 3036 834 3091 est
854 3027 1046 3090 admodum
1071 3030 1368 3093 accommodatus
1388 3042 1425 3095 et

183 3133 348 3195 salubris:
362 3144 450 3211 erat,
465 3143 656 3213 antequam
667 3134 736 3197 huc
748 3134 1077 3213 commigraremuS,
1091 3133 1265 3198 desertus:
1282 3135 1428 3202 adiace.

186 3239 271 3302 bant
296 3240 403 3316 horti,
432 3240 562 3303 oliueta
587 3252 623 3303 et
648 3241 886 3320 sterquilinia:
913 3257 1007 3303 nunc
1033 3250 1289 3305 construuntur
1314 3245 1426 3308 aedes

185 3347 330 3409 multae:
347 3347 479 3409 oliueta
494 3347 585 3409 vicis
601 3346 741 3409 cedunt:
758 3347 913 3410 curritur
929 3347 1079 3427 denique
1092 3348 1126 3410 in
1141 3347 1291 3412 odorem
1306 3352 1425 3416 suaui-

186 3453 282 3515 tatis.
309 3452 520 3516 Benedictus
545 3451 654 3515 Deus,
681 3451 895 3516 Referebant
921 3454 1065 3532 quidam
1091 3454 1243 3532 aedituo,
1271 3467 1425 3535 agentes

185 3559 323 3638 gratias
338 3559 425 3636 Det),
443 3571 570 3622 sctum
589 3559 730 3622 demum
744 3559 853 3622 fuisse
869 3559 1097 3637 christianoS,
1114 3561 1174 3624 vbi
1189 3560 1316 3625 Patres
1340 3563 1425 3628 huic

185 3666 338 3728 viciniae
354 3666 646 3744 commigrarunt.
663 3665 773 3729 Multo
789 3668 908 3746 plures
925 3666 1157 3743 confluerent,
1175 3667 1204 3730 si
1226 3677 1322 3731 esset
1338 3682 1425 3733 tem·

186 3774 283 3852 plum
299 3774 465 3852 ampliuS,
484 3775 566 3836 licet
585 3790 654 3836 non
678 3772 824 3853 perinde
842 3783 1035 3852 angustum
1055 3774 1111 3836 sit.
1127 3773 1248 3851 Nunc,
1266 3772 1347 3840 Deo
1364 3796 1425 3839 vo-

187 3881 297 3957 lente,
319 3880 493 3942 iacientur
518 3879 747 3942 fundamenta
773 3881 919 3942 alterius
944 3880 1109 3958 maioriS,
1130 3881 1231 3943 cuius
1257 3882 1425 3947 aedifica·

185 3987 460 4050 tionimissurus
476 3998 589 4050 estex
610 3986 709 4050 ludia
732 3986 889 4066 Legatos
904 3985 1014 4067 Regis
1034 3986 1209 4051 maximas
1228 3989 1424 4071 eleemosy-

188 4111 269 4171 nas,
293 4105 435 4174 praeter
460 4111 537 4171 eoa,
564 4111 654 4174 quae
676 4093 743 4156 Dei
771 4094 990 4172 benignitate
1019 4094 1076 4157 hic
1104 4096 1423 4175 comparabuntur.

188 4199 405 4264 Habitabant
417 4201 473 4263 hic
490 4211 593 4263 antea
606 4199 781 4264 foeminae
795 4218 922 4280 parum
933 4201 1116 4280 honestae,
1129 4219 1219 4282 quas
1230 4202 1336 4269 iussit
1348 4204 1425 4270 Rex

189 4324 253 4386 per
272 4307 502 4387 magistratus
520 4307 602 4369 hinc
628 4307 840 4387 semigrare,
857 4314 1097 4388 repugnantes
1117 4324 1264 4373 carcere
1283 4322 1318 4374 et
1338 4315 1425 4376 mul·

186 4414 256 4476 ctis
277 4414 313 4476 in
334 4413 492 4476 ordinem
515 4412 693 4493 redigere,
710 4413 805 4495 quod
826 4412 961 4477 factum
983 4424 1053 4493 est,
1069 4415 1107 4478 in
1128 4431 1280 4494 quarum
1305 4420 1424 4482 locum

186 4521 383 4584 succedunt
403 4521 574 4584 honestae
589 4521 756 4584 familiae.

247 4627 287 4691 In
302 4612 425 4692 Africa
441 4629 513 4707 (vbi
529 4628 565 4692 P.
581 4630 737 4712 Joannes
752 4629 888 4693 Nonius
904 4626 1059 4711 [luerat],
1076 4628 1136 4710 qui
1150 4628 1363 4696 Patriarcha
1378 4632 1425 4696 ad
