<?xml version="1.0" encoding="UTF-8"?>
<!DOCTYPE html PUBLIC "-//W3C//DTD XHTML 1.0 Transitional//EN"
    "http://www.w3.org/TR/xhtml1/DTD/xhtml1-transitional.dtd">
<html xmlns="http://www.w3.org/1999/xhtml" xml:lang="en" lang="en">
 <head>
  <title>
</title>
<meta http-equiv="Content-Type" content="text/html;charset=utf-8" />
  <meta name='ocr-system' content='tesseract 3.04.00' />
  <meta name='ocr-capabilities' content='ocr_page ocr_carea ocr_par ocr_line ocrx_word'/>
</head>
<body>
  <div class='ocr_page' id='page_1' title='image "./litteraequadrim02jesugoog_0492.png"; bbox 0 0 3210 5392; ppageno 0'>
   <div class='ocr_carea' id='block_1_1' title="bbox 489 440 1176 500">
    <p class='ocr_par' dir='ltr' id='par_1_1' title="bbox 489 440 1176 500">
     <span class='ocr_line' id='line_1_1' title="bbox 489 440 1176 500; baseline -0.001 0"><span class='ocrx_word' id='word_1_1' title='bbox 489 441 553 500; x_wconf 81' lang='grc' dir='ltr'><strong>Αιι.</strong></span> <span class='ocrx_word' id='word_1_2' title='bbox 575 442 645 500; x_wconf 75' lang='grc' dir='ltr'>15ὑ5</span> <span class='ocrx_word' id='word_1_3' title='bbox 1124 440 1176 500; x_wconf 80' lang='grc'><strong>481</strong></span> 
     </span>
    </p>
   </div>
   <div class='ocr_carea' id='block_1_2' title="bbox 89 585 1205 4831">
    <p class='ocr_par' dir='ltr' id='par_1_2' title="bbox 90 585 1182 1398">
     <span class='ocr_line' id='line_1_2' title="bbox 90 585 1179 665; baseline -0.003 -15"><span class='ocrx_word' id='word_1_4' title='bbox 90 594 183 665; x_wconf 82' lang='lat' dir='ltr'><strong>ater,</strong></span> <span class='ocrx_word' id='word_1_5' title='bbox 210 587 330 650; x_wconf 90' lang='lat' dir='ltr'><strong>diuino</strong></span> <span class='ocrx_word' id='word_1_6' title='bbox 351 586 519 649; x_wconf 89' lang='lat' dir='ltr'><strong>instinctu</strong></span> <span class='ocrx_word' id='word_1_7' title='bbox 538 587 757 665; x_wconf 85' lang='lat' dir='ltr'><strong>persentiens</strong></span> <span class='ocrx_word' id='word_1_8' title='bbox 781 586 863 649; x_wconf 94' lang='lat' dir='ltr'><strong>huic</strong></span> <span class='ocrx_word' id='word_1_9' title='bbox 879 594 1027 664; x_wconf 88' lang='lat' dir='ltr'><strong>aegroto</strong></span> <span class='ocrx_word' id='word_1_10' title='bbox 1054 585 1179 648; x_wconf 88' lang='lat' dir='ltr'><strong>mortis</strong></span> 
     </span>
     <span class='ocr_line' id='line_1_3' title="bbox 90 692 1175 771; baseline -0.004 -13"><span class='ocrx_word' id='word_1_11' title='bbox 90 696 216 758; x_wconf 73' lang='lat' dir='ltr'><strong>sionem</strong></span> <span class='ocrx_word' id='word_1_12' title='bbox 242 694 435 771; x_wconf 90' lang='lat' dir='ltr'><strong>imminere,</strong></span> <span class='ocrx_word' id='word_1_13' title='bbox 463 693 606 756; x_wconf 91' lang='lat' dir='ltr'><strong>adeum</strong></span> <span class='ocrx_word' id='word_1_14' title='bbox 627 711 665 756; x_wconf 89' lang='lat' dir='ltr'><strong>se</strong></span> <span class='ocrx_word' id='word_1_15' title='bbox 685 693 833 756; x_wconf 89' lang='lat' dir='ltr'><strong>contulit</strong></span> <span class='ocrx_word' id='word_1_16' title='bbox 856 701 890 755; x_wconf 85' lang='lat' dir='ltr'><strong>et</strong></span> <span class='ocrx_word' id='word_1_17' title='bbox 906 709 996 771; x_wconf 90' lang='lat' dir='ltr'><strong>quae</strong></span> <span class='ocrx_word' id='word_1_18' title='bbox 1017 692 1175 755; x_wconf 91' lang='lat' dir='ltr'><strong>diuinum</strong></span> 
     </span>
     <span class='ocr_line' id='line_1_4' title="bbox 95 799 1181 880; baseline -0.002 -16"><span class='ocrx_word' id='word_1_19' title='bbox 95 801 285 880; x_wconf 83' lang='lat' dir='ltr'><strong>suggessit,</strong></span> <span class='ocrx_word' id='word_1_20' title='bbox 306 801 338 863; x_wconf 90' lang='lat' dir='ltr'><strong>ei</strong></span> <span class='ocrx_word' id='word_1_21' title='bbox 360 802 499 863; x_wconf 91' lang='lat' dir='ltr'><strong>locutus</strong></span> <span class='ocrx_word' id='word_1_22' title='bbox 517 812 580 863; x_wconf 89' lang='lat' dir='ltr'><strong>est.</strong></span> <span class='ocrx_word' id='word_1_23' title='bbox 603 799 735 879; x_wconf 83' lang='lat' dir='ltr'><strong>Quibus</strong></span> <span class='ocrx_word' id='word_1_24' title='bbox 756 799 875 862; x_wconf 86' lang='lat' dir='ltr'><strong>verbis</strong></span> <span class='ocrx_word' id='word_1_25' title='bbox 897 817 982 862; x_wconf 91' lang='lat' dir='ltr'><strong>sane</strong></span> <span class='ocrx_word' id='word_1_26' title='bbox 1008 808 1181 879; x_wconf 84' lang='lat' dir='ltr'><strong>aegrotus</strong></span> 
     </span>
     <span class='ocr_line' id='line_1_5' title="bbox 95 904 1179 986; baseline -0.004 -14"><span class='ocrx_word' id='word_1_27' title='bbox 95 909 129 972; x_wconf 94' lang='lat' dir='ltr'><strong>in</strong></span> <span class='ocrx_word' id='word_1_28' title='bbox 146 908 289 971; x_wconf 89' lang='lat' dir='ltr'><strong>modum</strong></span> <span class='ocrx_word' id='word_1_29' title='bbox 304 907 478 970; x_wconf 86' lang='lat' dir='ltr'><strong>emollitus</strong></span> <span class='ocrx_word' id='word_1_30' title='bbox 494 917 598 986; x_wconf 86' lang='lat' dir='ltr'><strong>atque</strong></span> <span class='ocrx_word' id='word_1_31' title='bbox 614 906 795 982; x_wconf 88' lang='lat' dir='ltr'><strong>contritus,</strong></span> <span class='ocrx_word' id='word_1_32' title='bbox 817 915 964 986; x_wconf 86' lang='lat' dir='ltr'><strong>peccata</strong></span> <span class='ocrx_word' id='word_1_33' title='bbox 985 905 1099 968; x_wconf 90' lang='lat' dir='ltr'><strong>eidem</strong></span> <span class='ocrx_word' id='word_1_34' title='bbox 1115 904 1179 968; x_wconf 91' lang='lat' dir='ltr'><strong>Pa·</strong></span> 
     </span>
     <span class='ocr_line' id='line_1_6' title="bbox 90 1012 1180 1094; baseline -0.003 -16"><span class='ocrx_word' id='word_1_35' title='bbox 90 1015 157 1079; x_wconf 76' lang='lat' dir='ltr'><strong>idio</strong></span> <span class='ocrx_word' id='word_1_36' title='bbox 169 1015 305 1094; x_wconf 82' lang='lat' dir='ltr'><strong>ingenti</strong></span> <span class='ocrx_word' id='word_1_37' title='bbox 317 1013 470 1094; x_wconf 86' lang='lat' dir='ltr'><strong>perfuso,</strong></span> <span class='ocrx_word' id='word_1_38' title='bbox 485 1014 667 1077; x_wconf 89' lang='lat' dir='ltr'><strong>consessus</strong></span> <span class='ocrx_word' id='word_1_39' title='bbox 679 1023 742 1076; x_wconf 90' lang='lat' dir='ltr'><strong>est.</strong></span> <span class='ocrx_word' id='word_1_40' title='bbox 760 1012 933 1076; x_wconf 84' lang='lat' dir='ltr'><strong>Postridie</strong></span> <span class='ocrx_word' id='word_1_41' title='bbox 948 1013 1119 1077; x_wconf 87' lang='lat' dir='ltr'><strong>intellexit</strong></span> <span class='ocrx_word' id='word_1_42' title='bbox 1132 1013 1180 1075; x_wconf 90' lang='lat' dir='ltr'><strong>ei-</strong></span> 
     </span>
     <span class='ocr_line' id='line_1_7' title="bbox 90 1120 1182 1200; baseline -0.002 -15"><span class='ocrx_word' id='word_1_43' title='bbox 90 1132 376 1186; x_wconf 89' lang='lat' dir='ltr'><strong>acramentorum</strong></span> <span class='ocrx_word' id='word_1_44' title='bbox 402 1120 578 1200; x_wconf 88' lang='lat' dir='ltr'><strong>praesidio</strong></span> <span class='ocrx_word' id='word_1_45' title='bbox 605 1121 739 1183; x_wconf 87' lang='lat' dir='ltr'><strong>munito</strong></span> <span class='ocrx_word' id='word_1_46' title='bbox 766 1130 800 1183; x_wconf 91' lang='lat' dir='ltr'><strong>et</strong></span> <span class='ocrx_word' id='word_1_47' title='bbox 826 1131 1013 1197; x_wconf 89' lang='lat' dir='ltr'><strong>exornato,</strong></span> <span class='ocrx_word' id='word_1_48' title='bbox 1040 1137 1182 1183; x_wconf 87' lang='lat' dir='ltr'><strong>summa</strong></span> 
     </span>
     <span class='ocr_line' id='line_1_8' title="bbox 90 1227 1180 1306; baseline -0.003 -15"><span class='ocrx_word' id='word_1_49' title='bbox 90 1230 244 1292; x_wconf 88' lang='lat' dir='ltr'><strong>acritate</strong></span> <span class='ocrx_word' id='word_1_50' title='bbox 269 1230 495 1306; x_wconf 86' lang='lat' dir='ltr'><strong>maximaque</strong></span> <span class='ocrx_word' id='word_1_51' title='bbox 519 1227 712 1290; x_wconf 89' lang='lat' dir='ltr'><strong>astantium</strong></span> <span class='ocrx_word' id='word_1_52' title='bbox 735 1228 991 1304; x_wconf 84' lang='lat' dir='ltr'><strong>consolatione,</strong></span> <span class='ocrx_word' id='word_1_53' title='bbox 1017 1227 1180 1289; x_wconf 90' lang='lat' dir='ltr'><strong>ultimum</strong></span> 
     </span>
     <span class='ocr_line' id='line_1_9' title="bbox 90 1333 458 1398; baseline -0.008 0"><span class='ocrx_word' id='word_1_54' title='bbox 90 1353 117 1398; x_wconf 86' lang='lat' dir='ltr'><strong>m</strong></span> <span class='ocrx_word' id='word_1_55' title='bbox 130 1334 244 1398; x_wconf 91' lang='lat' dir='ltr'><strong>Deum</strong></span> <span class='ocrx_word' id='word_1_56' title='bbox 259 1333 458 1396; x_wconf 84' lang='lat' dir='ltr'><strong>abstulisse.</strong></span> 
     </span>
    </p>

    <p class='ocr_par' dir='ltr' id='par_1_3' title="bbox 89 1438 1200 3763">
     <span class='ocr_line' id='line_1_10' title="bbox 90 1438 1185 1521; baseline -0.002 -16"><span class='ocrx_word' id='word_1_57' title='bbox 90 1443 169 1505; x_wconf 87' lang='lat' dir='ltr'><strong>dam</strong></span> <span class='ocrx_word' id='word_1_58' title='bbox 184 1442 274 1504; x_wconf 90' lang='lat' dir='ltr'><strong>alius</strong></span> <span class='ocrx_word' id='word_1_59' title='bbox 286 1438 360 1520; x_wconf 89' lang='lat' dir='ltr'><strong>jam</strong></span> <span class='ocrx_word' id='word_1_60' title='bbox 385 1438 445 1503; x_wconf 93' lang='lat' dir='ltr'><strong>diu</strong></span> <span class='ocrx_word' id='word_1_61' title='bbox 458 1438 528 1518; x_wconf 90' lang='lat' dir='ltr'><strong>juri</strong></span> <span class='ocrx_word' id='word_1_62' title='bbox 547 1441 641 1502; x_wconf 89' lang='lat' dir='ltr'><strong>ciuili</strong></span> <span class='ocrx_word' id='word_1_63' title='bbox 663 1441 863 1517; x_wconf 67' lang='lat' dir='ltr'><strong>inhaerens</strong></span> <span class='ocrx_word' id='word_1_64' title='bbox 890 1458 993 1521; x_wconf 87' lang='lat' dir='ltr'><strong>quem</strong></span> <span class='ocrx_word' id='word_1_65' title='bbox 1011 1442 1185 1504; x_wconf 90' lang='lat' dir='ltr'><strong>intentum</strong></span> 
     </span>
     <span class='ocr_line' id='line_1_11' title="bbox 90 1546 1183 1627; baseline 0 -17"><span class='ocrx_word' id='word_1_66' title='bbox 90 1549 196 1612; x_wconf 86' lang='lat' dir='ltr'><strong>duum</strong></span> <span class='ocrx_word' id='word_1_67' title='bbox 222 1549 418 1610; x_wconf 89' lang='lat' dir='ltr'><strong>litterarum</strong></span> <span class='ocrx_word' id='word_1_68' title='bbox 437 1546 591 1609; x_wconf 89' lang='lat' dir='ltr'><strong>studium</strong></span> <span class='ocrx_word' id='word_1_69' title='bbox 610 1549 737 1610; x_wconf 92' lang='lat' dir='ltr'><strong>mentis</strong></span> <span class='ocrx_word' id='word_1_70' title='bbox 762 1549 993 1627; x_wconf 79' lang='lat' dir='ltr'><strong>corporisque</strong></span> <span class='ocrx_word' id='word_1_71' title='bbox 1025 1547 1183 1610; x_wconf 87' lang='lat' dir='ltr'><strong>sanitate</strong></span> 
     </span>
     <span class='ocr_line' id='line_1_12' title="bbox 90 1653 1184 1735; baseline -0.003 -16"><span class='ocrx_word' id='word_1_72' title='bbox 90 1665 172 1726; x_wconf 80' lang='lat' dir='ltr'><strong>erat.</strong></span> <span class='ocrx_word' id='word_1_73' title='bbox 199 1656 351 1735; x_wconf 89' lang='lat' dir='ltr'><strong>plurima</strong></span> <span class='ocrx_word' id='word_1_74' title='bbox 376 1653 612 1734; x_wconf 85' lang='lat' dir='ltr'><strong>profundebat</strong></span> <span class='ocrx_word' id='word_1_75' title='bbox 637 1655 824 1718; x_wconf 87' lang='lat' dir='ltr'><strong>maledicta</strong></span> <span class='ocrx_word' id='word_1_76' title='bbox 855 1665 889 1717; x_wconf 91' lang='lat' dir='ltr'><strong>et</strong></span> <span class='ocrx_word' id='word_1_77' title='bbox 918 1656 1118 1718; x_wconf 88' lang='lat' dir='ltr'><strong>execranda</strong></span> <span class='ocrx_word' id='word_1_78' title='bbox 1146 1655 1184 1716; x_wconf 92' lang='lat' dir='ltr'><strong>in</strong></span> 
     </span>
     <span class='ocr_line' id='line_1_13' title="bbox 97 1760 1184 1840; baseline -0.001 -15"><span class='ocrx_word' id='word_1_79' title='bbox 97 1762 266 1839; x_wconf 90' lang='lat' dir='ltr'><strong>conuitia,</strong></span> <span class='ocrx_word' id='word_1_80' title='bbox 294 1771 476 1840; x_wconf 81' lang='lat' dir='ltr'><strong>tamquam</strong></span> <span class='ocrx_word' id='word_1_81' title='bbox 500 1761 681 1840; x_wconf 91' lang='lat' dir='ltr'><strong>utriusque</strong></span> <span class='ocrx_word' id='word_1_82' title='bbox 706 1762 857 1824; x_wconf 87' lang='lat' dir='ltr'><strong>hominis</strong></span> <span class='ocrx_word' id='word_1_83' title='bbox 881 1763 985 1824; x_wconf 88' lang='lat' dir='ltr'><strong>saluti</strong></span> <span class='ocrx_word' id='word_1_84' title='bbox 1012 1760 1184 1836; x_wconf 85' lang='lat' dir='ltr'><strong>diffidens,</strong></span> 
     </span>
     <span class='ocr_line' id='line_1_14' title="bbox 90 1867 1183 1949; baseline 0.002 -20"><span class='ocrx_word' id='word_1_85' title='bbox 90 1878 248 1949; x_wconf 74' lang='lat' dir='ltr'><strong>‚praeter</strong></span> <span class='ocrx_word' id='word_1_86' title='bbox 263 1885 372 1931; x_wconf 92' lang='lat' dir='ltr'><strong>unum</strong></span> <span class='ocrx_word' id='word_1_87' title='bbox 388 1868 459 1948; x_wconf 92' lang='lat' dir='ltr'><strong>(qui</strong></span> <span class='ocrx_word' id='word_1_88' title='bbox 475 1867 632 1948; x_wconf 85' lang='lat' dir='ltr'><strong>prolecto</strong></span> <span class='ocrx_word' id='word_1_89' title='bbox 649 1870 683 1931; x_wconf 93' lang='lat' dir='ltr'><strong>in</strong></span> <span class='ocrx_word' id='word_1_90' title='bbox 696 1868 784 1931; x_wconf 88' lang='lat' dir='ltr'><strong>mira</strong></span> <span class='ocrx_word' id='word_1_91' title='bbox 798 1883 1035 1948; x_wconf 80' lang='lat' dir='ltr'><strong>perpetuaque</strong></span> <span class='ocrx_word' id='word_1_92' title='bbox 1052 1870 1183 1948; x_wconf 88' lang='lat' dir='ltr'><strong>patien·</strong></span> 
     </span>
     <span class='ocr_line' id='line_1_15' title="bbox 96 1975 1186 2056; baseline 0 -18"><span class='ocrx_word' id='word_1_93' title='bbox 96 1987 273 2056; x_wconf 90' lang='lat' dir='ltr'><strong>noctuque</strong></span> <span class='ocrx_word' id='word_1_94' title='bbox 290 1975 321 2038; x_wconf 93' lang='lat' dir='ltr'><strong>ei</strong></span> <span class='ocrx_word' id='word_1_95' title='bbox 337 1975 530 2053; x_wconf 90' lang='lat' dir='ltr'><strong>inseruiuit)</strong></span> <span class='ocrx_word' id='word_1_96' title='bbox 546 1992 648 2038; x_wconf 90' lang='lat' dir='ltr'><strong>suum</strong></span> <span class='ocrx_word' id='word_1_97' title='bbox 662 1975 860 2038; x_wconf 90' lang='lat' dir='ltr'><strong>cubiculum</strong></span> <span class='ocrx_word' id='word_1_98' title='bbox 877 1976 1014 2054; x_wconf 82' lang='lat' dir='ltr'><strong>ingredi</strong></span> <span class='ocrx_word' id='word_1_99' title='bbox 1027 1976 1186 2055; x_wconf 87' lang='lat' dir='ltr'><strong>patieba-</strong></span> 
     </span>
     <span class='ocr_line' id='line_1_16' title="bbox 90 2080 1187 2160; baseline -0.001 -16"><span class='ocrx_word' id='word_1_100' title='bbox 90 2100 121 2145; x_wconf 82' lang='lat' dir='ltr'><strong>&gt;c</strong></span> <span class='ocrx_word' id='word_1_101' title='bbox 135 2099 217 2146; x_wconf 92' lang='lat' dir='ltr'><strong>cum</strong></span> <span class='ocrx_word' id='word_1_102' title='bbox 232 2080 375 2160; x_wconf 89' lang='lat' dir='ltr'><strong>quidam</strong></span> <span class='ocrx_word' id='word_1_103' title='bbox 395 2098 438 2144; x_wconf 86' lang='lat' dir='ltr'><strong>ex</strong></span> <span class='ocrx_word' id='word_1_104' title='bbox 461 2083 591 2144; x_wconf 89' lang='lat' dir='ltr'><strong>nostris</strong></span> <span class='ocrx_word' id='word_1_105' title='bbox 607 2082 782 2159; x_wconf 87' lang='lat' dir='ltr'><strong>rescisset,</strong></span> <span class='ocrx_word' id='word_1_106' title='bbox 805 2082 1023 2144; x_wconf 86' lang='lat' dir='ltr'><strong>orationibus</strong></span> <span class='ocrx_word' id='word_1_107' title='bbox 1039 2081 1187 2160; x_wconf 85' lang='lat' dir='ltr'><strong>Collegii</strong></span> 
     </span>
     <span class='ocr_line' id='line_1_17' title="bbox 90 2188 1191 2268; baseline 0.001 -17"><span class='ocrx_word' id='word_1_108' title='bbox 90 2189 176 2267; x_wconf 79' lang='lat' dir='ltr'><strong>issiS,</strong></span> <span class='ocrx_word' id='word_1_109' title='bbox 189 2188 351 2251; x_wconf 87' lang='lat' dir='ltr'><strong>effectum</strong></span> <span class='ocrx_word' id='word_1_110' title='bbox 362 2199 416 2251; x_wconf 90' lang='lat' dir='ltr'><strong>est</strong></span> <span class='ocrx_word' id='word_1_111' title='bbox 428 2198 465 2251; x_wconf 94' lang='lat' dir='ltr'><strong>ut</strong></span> <span class='ocrx_word' id='word_1_112' title='bbox 477 2189 532 2252; x_wconf 87' lang='lat' dir='ltr'><strong>vir</strong></span> <span class='ocrx_word' id='word_1_113' title='bbox 544 2189 621 2266; x_wconf 92' lang='lat' dir='ltr'><strong>iste,</strong></span> <span class='ocrx_word' id='word_1_114' title='bbox 634 2189 670 2250; x_wconf 93' lang='lat' dir='ltr'><strong>in</strong></span> <span class='ocrx_word' id='word_1_115' title='bbox 683 2191 790 2252; x_wconf 89' lang='lat' dir='ltr'><strong>multo</strong></span> <span class='ocrx_word' id='word_1_116' title='bbox 807 2190 1010 2268; x_wconf 88' lang='lat' dir='ltr'><strong>grauiorem</strong></span> <span class='ocrx_word' id='word_1_117' title='bbox 1025 2191 1191 2253; x_wconf 90' lang='lat' dir='ltr'><strong>morbum</strong></span> 
     </span>
     <span class='ocr_line' id='line_1_18' title="bbox 90 2293 1192 2376; baseline 0.004 -19"><span class='ocrx_word' id='word_1_118' title='bbox 90 2313 137 2371; x_wconf 87' lang='lat' dir='ltr'><strong>us,</strong></span> <span class='ocrx_word' id='word_1_119' title='bbox 151 2295 213 2358; x_wconf 85' lang='lat' dir='ltr'><strong>sed</strong></span> <span class='ocrx_word' id='word_1_120' title='bbox 228 2295 367 2359; x_wconf 92' lang='lat' dir='ltr'><strong>mollior</strong></span> <span class='ocrx_word' id='word_1_121' title='bbox 380 2293 496 2358; x_wconf 83' lang='lat' dir='ltr'><strong>lactus</strong></span> <span class='ocrx_word' id='word_1_122' title='bbox 511 2304 637 2372; x_wconf 89' lang='lat' dir='ltr'><strong>mente,</strong></span> <span class='ocrx_word' id='word_1_123' title='bbox 655 2295 860 2374; x_wconf 86' lang='lat' dir='ltr'><strong>persuaderi</strong></span> <span class='ocrx_word' id='word_1_124' title='bbox 871 2306 1051 2376; x_wconf 86' lang='lat' dir='ltr'><strong>pateretur</strong></span> <span class='ocrx_word' id='word_1_125' title='bbox 1064 2308 1101 2359; x_wconf 91' lang='lat' dir='ltr'><strong>ut</strong></span> <span class='ocrx_word' id='word_1_126' title='bbox 1116 2295 1192 2361; x_wconf 89' lang='lat' dir='ltr'><strong>adi·</strong></span> 
     </span>
     <span class='ocr_line' id='line_1_19' title="bbox 90 2400 1189 2482; baseline 0 -17"><span class='ocrx_word' id='word_1_127' title='bbox 90 2402 235 2465; x_wconf 78' lang='lat' dir='ltr'><strong>aedicto</strong></span> <span class='ocrx_word' id='word_1_128' title='bbox 251 2400 347 2464; x_wconf 90' lang='lat' dir='ltr'><strong>Patri</strong></span> <span class='ocrx_word' id='word_1_129' title='bbox 362 2411 496 2478; x_wconf 81' lang='lat' dir='ltr'><strong>nostru,</strong></span> <span class='ocrx_word' id='word_1_130' title='bbox 514 2401 746 2464; x_wconf 81' lang='lat' dir='ltr'><strong>confessionis</strong></span> <span class='ocrx_word' id='word_1_131' title='bbox 757 2401 953 2465; x_wconf 87' lang='lat' dir='ltr'><strong>audiendae</strong></span> <span class='ocrx_word' id='word_1_132' title='bbox 967 2403 1094 2482; x_wconf 82' lang='lat' dir='ltr'><strong>gratia,</strong></span> <span class='ocrx_word' id='word_1_133' title='bbox 1109 2419 1189 2465; x_wconf 92' lang='lat' dir='ltr'><strong>con·</strong></span> 
     </span>
     <span class='ocr_line' id='line_1_20' title="bbox 91 2507 1194 2588; baseline 0.001 -17"><span class='ocrx_word' id='word_1_134' title='bbox 91 2518 115 2583; x_wconf 86' lang='lat' dir='ltr'><strong>t;</strong></span> <span class='ocrx_word' id='word_1_135' title='bbox 131 2508 259 2588; x_wconf 86' lang='lat' dir='ltr'><strong>quippe</strong></span> <span class='ocrx_word' id='word_1_136' title='bbox 274 2508 333 2588; x_wconf 90' lang='lat' dir='ltr'><strong>qui</strong></span> <span class='ocrx_word' id='word_1_137' title='bbox 349 2525 419 2570; x_wconf 94' lang='lat' dir='ltr'><strong>non</strong></span> <span class='ocrx_word' id='word_1_138' title='bbox 433 2507 616 2571; x_wconf 79' lang='lat' dir='ltr'><strong>confessus</strong></span> <span class='ocrx_word' id='word_1_139' title='bbox 631 2510 749 2587; x_wconf 92' lang='lat' dir='ltr'><strong>plures</strong></span> <span class='ocrx_word' id='word_1_140' title='bbox 773 2525 887 2571; x_wconf 90' lang='lat' dir='ltr'><strong>annos</strong></span> <span class='ocrx_word' id='word_1_141' title='bbox 905 2517 1142 2588; x_wconf 85' lang='lat' dir='ltr'><strong>transegerat.</strong></span> <span class='ocrx_word' id='word_1_142' title='bbox 1158 2508 1194 2572; x_wconf 90' lang='lat' dir='ltr'><strong>ls</strong></span> 
     </span>
     <span class='ocr_line' id='line_1_21' title="bbox 90 2614 1192 2694; baseline 0.001 -18"><span class='ocrx_word' id='word_1_143' title='bbox 90 2614 310 2694; x_wconf 89' lang='lat' dir='ltr'><strong>usqueadeo</strong></span> <span class='ocrx_word' id='word_1_144' title='bbox 337 2615 509 2677; x_wconf 91' lang='lat' dir='ltr'><strong>contritus</strong></span> <span class='ocrx_word' id='word_1_145' title='bbox 542 2616 666 2694; x_wconf 89' lang='lat' dir='ltr'><strong>culpae</strong></span> <span class='ocrx_word' id='word_1_146' title='bbox 695 2615 905 2678; x_wconf 86' lang='lat' dir='ltr'><strong>commissae</strong></span> <span class='ocrx_word' id='word_1_147' title='bbox 933 2615 1192 2678; x_wconf 84' lang='lat' dir='ltr'><strong>confessionem</strong></span> 
     </span>
     <span class='ocr_line' id='line_1_22' title="bbox 89 2720 1199 2801; baseline -0.001 -16"><span class='ocrx_word' id='word_1_148' title='bbox 89 2723 125 2799; x_wconf 92' lang='lat' dir='ltr'><strong>it,</strong></span> <span class='ocrx_word' id='word_1_149' title='bbox 141 2733 180 2785; x_wconf 92' lang='lat' dir='ltr'><strong>ut</strong></span> <span class='ocrx_word' id='word_1_150' title='bbox 196 2722 306 2784; x_wconf 88' lang='lat' dir='ltr'><strong>nostri</strong></span> <span class='ocrx_word' id='word_1_151' title='bbox 318 2720 435 2784; x_wconf 91' lang='lat' dir='ltr'><strong>Patris</strong></span> <span class='ocrx_word' id='word_1_152' title='bbox 447 2721 603 2783; x_wconf 91' lang='lat' dir='ltr'><strong>animum</strong></span> <span class='ocrx_word' id='word_1_153' title='bbox 615 2720 660 2782; x_wconf 92' lang='lat' dir='ltr'><strong>ad</strong></span> <span class='ocrx_word' id='word_1_154' title='bbox 673 2721 942 2785; x_wconf 88' lang='lat' dir='ltr'><strong>ardentissimae</strong></span> <span class='ocrx_word' id='word_1_155' title='bbox 953 2722 1096 2801; x_wconf 88' lang='lat' dir='ltr'><strong>pietatis</strong></span> <span class='ocrx_word' id='word_1_156' title='bbox 1111 2721 1199 2785; x_wconf 49' lang='lat' dir='ltr'><strong>affe&gt;</strong></span> 
     </span>
     <span class='ocr_line' id='line_1_23' title="bbox 90 2826 1195 2907; baseline 0.003 -18"><span class='ocrx_word' id='word_1_157' title='bbox 90 2829 248 2892; x_wconf 64' lang='lat' dir='ltr'><strong>rxcitaret</strong></span> <span class='ocrx_word' id='word_1_158' title='bbox 274 2826 564 2907; x_wconf 88' lang='lat' dir='ltr'><strong>accenderetque.</strong></span> <span class='ocrx_word' id='word_1_159' title='bbox 587 2827 645 2891; x_wconf 91' lang='lat' dir='ltr'><strong>Ad</strong></span> <span class='ocrx_word' id='word_1_160' title='bbox 664 2845 768 2907; x_wconf 91' lang='lat' dir='ltr'><strong>quem</strong></span> <span class='ocrx_word' id='word_1_161' title='bbox 791 2828 896 2892; x_wconf 89' lang='lat' dir='ltr'><strong>Pater</strong></span> <span class='ocrx_word' id='word_1_162' title='bbox 915 2839 1036 2892; x_wconf 87' lang='lat' dir='ltr'><strong>noster</strong></span> <span class='ocrx_word' id='word_1_163' title='bbox 1054 2846 1130 2892; x_wconf 90' lang='lat' dir='ltr'><strong>rem</strong></span> <span class='ocrx_word' id='word_1_164' title='bbox 1144 2828 1195 2891; x_wconf 88' lang='lat' dir='ltr'><strong>di·</strong></span> 
     </span>
     <span class='ocr_line' id='line_1_24' title="bbox 100 2934 1193 3016; baseline 0 -18"><span class='ocrx_word' id='word_1_165' title='bbox 100 2935 260 2998; x_wconf 84' lang='lat' dir='ltr'><strong>facturus</strong></span> <span class='ocrx_word' id='word_1_166' title='bbox 280 2936 382 3015; x_wconf 90' lang='lat' dir='ltr'><strong>eique</strong></span> <span class='ocrx_word' id='word_1_167' title='bbox 400 2936 594 3015; x_wconf 89' lang='lat' dir='ltr'><strong>postulanti</strong></span> <span class='ocrx_word' id='word_1_168' title='bbox 609 2934 741 2999; x_wconf 89' lang='lat' dir='ltr'><strong>Christi</strong></span> <span class='ocrx_word' id='word_1_169' title='bbox 756 2952 887 3016; x_wconf 93' lang='lat' dir='ltr'><strong>corpus</strong></span> <span class='ocrx_word' id='word_1_170' title='bbox 908 2936 1193 2999; x_wconf 87' lang='lat' dir='ltr'><strong>subministratu-</strong></span> 
     </span>
     <span class='ocr_line' id='line_1_25' title="bbox 90 3041 1196 3122; baseline -0.001 -17"><span class='ocrx_word' id='word_1_171' title='bbox 90 3055 165 3105; x_wconf 84' lang='lat' dir='ltr'><strong>stea</strong></span> <span class='ocrx_word' id='word_1_172' title='bbox 182 3059 347 3105; x_wconf 89' lang='lat' dir='ltr'><strong>reuersus</strong></span> <span class='ocrx_word' id='word_1_173' title='bbox 365 3052 429 3104; x_wconf 89' lang='lat' dir='ltr'><strong>est.</strong></span> <span class='ocrx_word' id='word_1_174' title='bbox 446 3041 548 3106; x_wconf 90' lang='lat' dir='ltr'><strong>Unde</strong></span> <span class='ocrx_word' id='word_1_175' title='bbox 570 3041 707 3105; x_wconf 91' lang='lat' dir='ltr'><strong>illitam</strong></span> <span class='ocrx_word' id='word_1_176' title='bbox 728 3043 844 3105; x_wconf 90' lang='lat' dir='ltr'><strong>subita</strong></span> <span class='ocrx_word' id='word_1_177' title='bbox 863 3061 905 3105; x_wconf 92' lang='lat' dir='ltr'><strong>ac</strong></span> <span class='ocrx_word' id='word_1_178' title='bbox 921 3043 1104 3122; x_wconf 88' lang='lat' dir='ltr'><strong>repentina</strong></span> <span class='ocrx_word' id='word_1_179' title='bbox 1121 3059 1196 3105; x_wconf 88' lang='lat' dir='ltr'><strong>mu-</strong></span> 
     </span>
     <span class='ocr_line' id='line_1_26' title="bbox 90 3146 1198 3230; baseline 0.001 -19"><span class='ocrx_word' id='word_1_180' title='bbox 90 3149 147 3212; x_wconf 91' lang='lat' dir='ltr'><strong>isa</strong></span> <span class='ocrx_word' id='word_1_181' title='bbox 171 3159 225 3211; x_wconf 89' lang='lat' dir='ltr'><strong>est</strong></span> <span class='ocrx_word' id='word_1_182' title='bbox 252 3146 315 3230; x_wconf 89' lang='lat' dir='ltr'><strong>[ut]</strong></span> <span class='ocrx_word' id='word_1_183' title='bbox 332 3147 459 3223; x_wconf 92' lang='lat' dir='ltr'><strong>Deum,</strong></span> <span class='ocrx_word' id='word_1_184' title='bbox 475 3165 582 3227; x_wconf 89' lang='lat' dir='ltr'><strong>quem</strong></span> <span class='ocrx_word' id='word_1_185' title='bbox 603 3150 708 3228; x_wconf 92' lang='lat' dir='ltr'><strong>paulo</strong></span> <span class='ocrx_word' id='word_1_186' title='bbox 728 3159 811 3212; x_wconf 89' lang='lat' dir='ltr'><strong>ante</strong></span> <span class='ocrx_word' id='word_1_187' title='bbox 834 3149 932 3213; x_wconf 88' lang='lat' dir='ltr'><strong>miris</strong></span> <span class='ocrx_word' id='word_1_188' title='bbox 953 3149 1091 3212; x_wconf 86' lang='lat' dir='ltr'><strong>iniuriis</strong></span> <span class='ocrx_word' id='word_1_189' title='bbox 1112 3147 1198 3213; x_wconf 80' lang='lat' dir='ltr'><strong>alle·</strong></span> 
     </span>
     <span class='ocr_line' id='line_1_27' title="bbox 109 3255 1199 3320; baseline 0.001 -2"><span class='ocrx_word' id='word_1_190' title='bbox 109 3273 203 3319; x_wconf 92' lang='lat' dir='ltr'><strong>nunc</strong></span> <span class='ocrx_word' id='word_1_191' title='bbox 224 3256 373 3318; x_wconf 87' lang='lat' dir='ltr'><strong>summis</strong></span> <span class='ocrx_word' id='word_1_192' title='bbox 388 3264 422 3317; x_wconf 94' lang='lat' dir='ltr'><strong>et</strong></span> <span class='ocrx_word' id='word_1_193' title='bbox 437 3255 661 3318; x_wconf 87' lang='lat' dir='ltr'><strong>creberrimis</strong></span> <span class='ocrx_word' id='word_1_194' title='bbox 676 3256 839 3319; x_wconf 89' lang='lat' dir='ltr'><strong>laudibus</strong></span> <span class='ocrx_word' id='word_1_195' title='bbox 853 3257 1022 3319; x_wconf 87' lang='lat' dir='ltr'><strong>extollere</strong></span> <span class='ocrx_word' id='word_1_196' title='bbox 1038 3274 1108 3319; x_wconf 93' lang='lat' dir='ltr'><strong>non</strong></span> <span class='ocrx_word' id='word_1_197' title='bbox 1122 3272 1199 3320; x_wconf 79' lang='lat' dir='ltr'><strong>ces·</strong></span> 
     </span>
     <span class='ocr_line' id='line_1_28' title="bbox 92 3361 1195 3442; baseline 0.002 -17"><span class='ocrx_word' id='word_1_198' title='bbox 92 3361 250 3429; x_wconf 90' lang='lat' dir='ltr'><strong>Tandem</strong></span> <span class='ocrx_word' id='word_1_199' title='bbox 264 3378 344 3425; x_wconf 93' lang='lat' dir='ltr'><strong>cum</strong></span> <span class='ocrx_word' id='word_1_200' title='bbox 361 3362 432 3424; x_wconf 87' lang='lat' dir='ltr'><strong>iam</strong></span> <span class='ocrx_word' id='word_1_201' title='bbox 446 3362 557 3425; x_wconf 90' lang='lat' dir='ltr'><strong>tactui</strong></span> <span class='ocrx_word' id='word_1_202' title='bbox 583 3361 680 3425; x_wconf 90' lang='lat' dir='ltr'><strong>duris</strong></span> <span class='ocrx_word' id='word_1_203' title='bbox 700 3362 839 3425; x_wconf 90' lang='lat' dir='ltr'><strong>ossibus</strong></span> <span class='ocrx_word' id='word_1_204' title='bbox 859 3363 961 3442; x_wconf 87' lang='lat' dir='ltr'><strong>pellis</strong></span> <span class='ocrx_word' id='word_1_205' title='bbox 975 3365 1051 3426; x_wconf 91' lang='lat' dir='ltr'><strong>sola</strong></span> <span class='ocrx_word' id='word_1_206' title='bbox 1067 3363 1195 3427; x_wconf 86' lang='lat' dir='ltr'><strong>adhae-</strong></span> 
     </span>
     <span class='ocr_line' id='line_1_29' title="bbox 92 3467 1200 3551; baseline 0.002 -19"><span class='ocrx_word' id='word_1_207' title='bbox 92 3469 187 3532; x_wconf 81' lang='lat' dir='ltr'><strong>sacto</strong></span> <span class='ocrx_word' id='word_1_208' title='bbox 204 3487 225 3530; x_wconf 88' lang='lat' dir='ltr'><strong>a</strong></span> <span class='ocrx_word' id='word_1_209' title='bbox 242 3468 345 3531; x_wconf 89' lang='lat' dir='ltr'><strong>Patre</strong></span> <span class='ocrx_word' id='word_1_210' title='bbox 361 3484 465 3532; x_wconf 87' lang='lat' dir='ltr'><strong>sacro</strong></span> <span class='ocrx_word' id='word_1_211' title='bbox 491 3468 534 3531; x_wconf 93' lang='lat' dir='ltr'><strong>de</strong></span> <span class='ocrx_word' id='word_1_212' title='bbox 554 3467 743 3532; x_wconf 90' lang='lat' dir='ltr'><strong>Dominica</strong></span> <span class='ocrx_word' id='word_1_213' title='bbox 762 3470 941 3549; x_wconf 88' lang='lat' dir='ltr'><strong>passione,</strong></span> <span class='ocrx_word' id='word_1_214' title='bbox 963 3471 1200 3551; x_wconf 82' lang='lat' dir='ltr'><strong>precibusque</strong></span> 
     </span>
     <span class='ocr_line' id='line_1_30' title="bbox 92 3574 1200 3657; baseline 0.002 -18"><span class='ocrx_word' id='word_1_215' title='bbox 92 3594 133 3639; x_wconf 92' lang='lat' dir='ltr'><strong>us</strong></span> <span class='ocrx_word' id='word_1_216' title='bbox 159 3576 389 3657; x_wconf 91' lang='lat' dir='ltr'><strong>dispositione</strong></span> <span class='ocrx_word' id='word_1_217' title='bbox 409 3594 430 3638; x_wconf 90' lang='lat' dir='ltr'><strong>a</strong></span> <span class='ocrx_word' id='word_1_218' title='bbox 449 3575 550 3638; x_wconf 92' lang='lat' dir='ltr'><strong>nobis</strong></span> <span class='ocrx_word' id='word_1_219' title='bbox 565 3577 728 3639; x_wconf 91' lang='lat' dir='ltr'><strong>omnibus</strong></span> <span class='ocrx_word' id='word_1_220' title='bbox 751 3576 889 3653; x_wconf 89' lang='lat' dir='ltr'><strong>oblatis,</strong></span> <span class='ocrx_word' id='word_1_221' title='bbox 906 3574 1000 3639; x_wconf 90' lang='lat' dir='ltr'><strong>intra</strong></span> <span class='ocrx_word' id='word_1_222' title='bbox 1017 3576 1200 3641; x_wconf 90' lang='lat' dir='ltr'><strong>modicum</strong></span> 
     </span>
     <span class='ocr_line' id='line_1_31' title="bbox 90 3681 722 3763; baseline -0.005 -17"><span class='ocrx_word' id='word_1_223' title='bbox 90 3682 286 3763; x_wconf 90' lang='lat' dir='ltr'><strong>sspiritum</strong></span> <span class='ocrx_word' id='word_1_224' title='bbox 302 3699 365 3744; x_wconf 91' lang='lat' dir='ltr'><strong>suo</strong></span> <span class='ocrx_word' id='word_1_225' title='bbox 380 3681 543 3745; x_wconf 89' lang='lat' dir='ltr'><strong>Creatori</strong></span> <span class='ocrx_word' id='word_1_226' title='bbox 558 3681 722 3746; x_wconf 89' lang='lat' dir='ltr'><strong>reddidit.</strong></span> 
     </span>
    </p>

    <p class='ocr_par' dir='ltr' id='par_1_4' title="bbox 90 3788 1205 4705">
     <span class='ocr_line' id='line_1_32' title="bbox 90 3788 1201 3871; baseline 0.003 -19"><span class='ocrx_word' id='word_1_227' title='bbox 90 3788 186 3852; x_wconf 79' lang='lat' dir='ltr'><strong>trima</strong></span> <span class='ocrx_word' id='word_1_228' title='bbox 202 3800 235 3851; x_wconf 90' lang='lat' dir='ltr'><strong>et</strong></span> <span class='ocrx_word' id='word_1_229' title='bbox 247 3789 348 3852; x_wconf 92' lang='lat' dir='ltr'><strong>varia</strong></span> <span class='ocrx_word' id='word_1_230' title='bbox 360 3797 590 3866; x_wconf 88' lang='lat' dir='ltr'><strong>aegrotorum</strong></span> <span class='ocrx_word' id='word_1_231' title='bbox 605 3804 750 3867; x_wconf 87' lang='lat' dir='ltr'><strong>genera,</strong></span> <span class='ocrx_word' id='word_1_232' title='bbox 763 3792 1020 3871; x_wconf 87' lang='lat' dir='ltr'><strong>nonnullosque</strong></span> <span class='ocrx_word' id='word_1_233' title='bbox 1032 3790 1068 3853; x_wconf 92' lang='lat' dir='ltr'><strong>in</strong></span> <span class='ocrx_word' id='word_1_234' title='bbox 1083 3799 1201 3855; x_wconf 90' lang='lat' dir='ltr'><strong>custo·</strong></span> 
     </span>
     <span class='ocr_line' id='line_1_33' title="bbox 90 3893 1202 3977; baseline 0.004 -21"><span class='ocrx_word' id='word_1_235' title='bbox 90 3895 185 3958; x_wconf 63' lang='lat' dir='ltr'><strong>,blica</strong></span> <span class='ocrx_word' id='word_1_236' title='bbox 198 3894 371 3971; x_wconf 84' lang='lat' dir='ltr'><strong>detentos,</strong></span> <span class='ocrx_word' id='word_1_237' title='bbox 381 3893 506 3958; x_wconf 90' lang='lat' dir='ltr'><strong>Patres</strong></span> <span class='ocrx_word' id='word_1_238' title='bbox 517 3895 629 3958; x_wconf 89' lang='lat' dir='ltr'><strong>nostri</strong></span> <span class='ocrx_word' id='word_1_239' title='bbox 642 3896 846 3977; x_wconf 84' lang='lat' dir='ltr'><strong>frequenter</strong></span> <span class='ocrx_word' id='word_1_240' title='bbox 859 3896 1027 3975; x_wconf 87' lang='lat' dir='ltr'><strong>inuisuut,</strong></span> <span class='ocrx_word' id='word_1_241' title='bbox 1037 3896 1202 3976; x_wconf 84' lang='lat' dir='ltr'><strong>edocent,</strong></span> 
     </span>
     <span class='ocr_line' id='line_1_34' title="bbox 90 4000 1202 4084; baseline 0.004 -21"><span class='ocrx_word' id='word_1_242' title='bbox 90 4010 211 4075; x_wconf 86' lang='lat' dir='ltr'><strong>autur,</strong></span> <span class='ocrx_word' id='word_1_243' title='bbox 241 4009 345 4081; x_wconf 90' lang='lat' dir='ltr'><strong>atque</strong></span> <span class='ocrx_word' id='word_1_244' title='bbox 374 4000 596 4065; x_wconf 83' lang='lat' dir='ltr'><strong>consessione</strong></span> <span class='ocrx_word' id='word_1_245' title='bbox 625 4001 745 4066; x_wconf 89' lang='lat' dir='ltr'><strong>audita</strong></span> <span class='ocrx_word' id='word_1_246' title='bbox 769 4003 807 4066; x_wconf 89' lang='lat' dir='ltr'><strong>in</strong></span> <span class='ocrx_word' id='word_1_247' title='bbox 831 4003 955 4084; x_wconf 90' lang='lat' dir='ltr'><strong>spiritu</strong></span> <span class='ocrx_word' id='word_1_248' title='bbox 978 4001 1202 4068; x_wconf 83' lang='lat' dir='ltr'><strong>confirmant.</strong></span> 
     </span>
     <span class='ocr_line' id='line_1_35' title="bbox 90 4107 1202 4190; baseline 0.002 -19"><span class='ocrx_word' id='word_1_249' title='bbox 90 4124 155 4171; x_wconf 89' lang='lat' dir='ltr'><strong>:res</strong></span> <span class='ocrx_word' id='word_1_250' title='bbox 180 4107 336 4187; x_wconf 87' lang='lat' dir='ltr'><strong>insuper,</strong></span> <span class='ocrx_word' id='word_1_251' title='bbox 364 4109 453 4170; x_wconf 85' lang='lat' dir='ltr'><strong>alter</strong></span> <span class='ocrx_word' id='word_1_252' title='bbox 483 4108 711 4171; x_wconf 86' lang='lat' dir='ltr'><strong>concionibus</strong></span> <span class='ocrx_word' id='word_1_253' title='bbox 739 4108 862 4173; x_wconf 89' lang='lat' dir='ltr'><strong>diebus</strong></span> <span class='ocrx_word' id='word_1_254' title='bbox 888 4110 1023 4187; x_wconf 87' lang='lat' dir='ltr'><strong>sacris,</strong></span> <span class='ocrx_word' id='word_1_255' title='bbox 1053 4119 1202 4190; x_wconf 87' lang='lat' dir='ltr'><strong>uterque</strong></span> 
     </span>
     <span class='ocr_line' id='line_1_36' title="bbox 92 4214 1205 4297; baseline 0.004 -20"><span class='ocrx_word' id='word_1_256' title='bbox 92 4226 400 4277; x_wconf 88' lang='lat' dir='ltr'><strong>sacramentorum</strong></span> <span class='ocrx_word' id='word_1_257' title='bbox 415 4214 611 4277; x_wconf 90' lang='lat' dir='ltr'><strong>ministerio</strong></span> <span class='ocrx_word' id='word_1_258' title='bbox 633 4215 789 4279; x_wconf 89' lang='lat' dir='ltr'><strong>studium</strong></span> <span class='ocrx_word' id='word_1_259' title='bbox 808 4233 1022 4297; x_wconf 89' lang='lat' dir='ltr'><strong>operamque</strong></span> <span class='ocrx_word' id='word_1_260' title='bbox 1043 4217 1205 4281; x_wconf 86' lang='lat' dir='ltr'><strong>sedulam</strong></span> 
     </span>
     <span class='ocr_line' id='line_1_37' title="bbox 90 4319 1201 4404; baseline 0.004 -21"><span class='ocrx_word' id='word_1_261' title='bbox 90 4319 191 4400; x_wconf 91' lang='lat' dir='ltr'><strong>dunt,</strong></span> <span class='ocrx_word' id='word_1_262' title='bbox 208 4338 320 4401; x_wconf 90' lang='lat' dir='ltr'><strong>eoque</strong></span> <span class='ocrx_word' id='word_1_263' title='bbox 331 4321 464 4384; x_wconf 84' lang='lat' dir='ltr'><strong>factum</strong></span> <span class='ocrx_word' id='word_1_264' title='bbox 481 4330 587 4385; x_wconf 90' lang='lat' dir='ltr'><strong>estut</strong></span> <span class='ocrx_word' id='word_1_265' title='bbox 605 4322 746 4403; x_wconf 89' lang='lat' dir='ltr'><strong>plurimi</strong></span> <span class='ocrx_word' id='word_1_266' title='bbox 764 4323 963 4404; x_wconf 83' lang='lat' dir='ltr'><strong>frequentia</strong></span> <span class='ocrx_word' id='word_1_267' title='bbox 983 4340 1105 4387; x_wconf 90' lang='lat' dir='ltr'><strong>eorum</strong></span> <span class='ocrx_word' id='word_1_268' title='bbox 1119 4341 1141 4387; x_wconf 92' lang='lat' dir='ltr'><strong>a</strong></span> <span class='ocrx_word' id='word_1_269' title='bbox 1156 4325 1201 4387; x_wconf 86' lang='lat' dir='ltr'><strong>le·</strong></span> 
     </span>
     <span class='ocr_line' id='line_1_38' title="bbox 90 4427 1203 4508; baseline 0.004 -18"><span class='ocrx_word' id='word_1_270' title='bbox 90 4429 112 4491; x_wconf 86' lang='lat' dir='ltr'><strong>is</strong></span> <span class='ocrx_word' id='word_1_271' title='bbox 135 4427 343 4491; x_wconf 87' lang='lat' dir='ltr'><strong>criminibus</strong></span> <span class='ocrx_word' id='word_1_272' title='bbox 366 4427 526 4491; x_wconf 89' lang='lat' dir='ltr'><strong>reuocati</strong></span> <span class='ocrx_word' id='word_1_273' title='bbox 546 4428 686 4492; x_wconf 85' lang='lat' dir='ltr'><strong>fuerint.</strong></span> <span class='ocrx_word' id='word_1_274' title='bbox 708 4427 782 4493; x_wconf 90' lang='lat' dir='ltr'><strong>Nec</strong></span> <span class='ocrx_word' id='word_1_275' title='bbox 803 4429 1009 4508; x_wconf 90' lang='lat' dir='ltr'><strong>ambiguum</strong></span> <span class='ocrx_word' id='word_1_276' title='bbox 1030 4443 1083 4494; x_wconf 89' lang='lat' dir='ltr'><strong>est</strong></span> <span class='ocrx_word' id='word_1_277' title='bbox 1097 4431 1203 4494; x_wconf 88' lang='lat' dir='ltr'><strong>nobis</strong></span> 
     </span>
     <span class='ocr_line' id='line_1_39' title="bbox 90 4533 1199 4617; baseline 0.005 -21"><span class='ocrx_word' id='word_1_278' title='bbox 90 4535 156 4598; x_wconf 84' lang='lat' dir='ltr'><strong>luic</strong></span> <span class='ocrx_word' id='word_1_279' title='bbox 170 4534 308 4598; x_wconf 91' lang='lat' dir='ltr'><strong>ciuitati</strong></span> <span class='ocrx_word' id='word_1_280' title='bbox 322 4533 477 4599; x_wconf 82' lang='lat' dir='ltr'><strong>fructum</strong></span> <span class='ocrx_word' id='word_1_281' title='bbox 492 4535 691 4600; x_wconf 90' lang='lat' dir='ltr'><strong>uberiorem</strong></span> <span class='ocrx_word' id='word_1_282' title='bbox 706 4534 850 4612; x_wconf 86' lang='lat' dir='ltr'><strong>ferrent,</strong></span> <span class='ocrx_word' id='word_1_283' title='bbox 864 4537 895 4599; x_wconf 89' lang='lat' dir='ltr'><strong>si</strong></span> <span class='ocrx_word' id='word_1_284' title='bbox 910 4537 1030 4617; x_wconf 91' lang='lat' dir='ltr'><strong>templi</strong></span> <span class='ocrx_word' id='word_1_285' title='bbox 1045 4555 1199 4601; x_wconf 88' lang='lat' dir='ltr'><strong>commo·</strong></span> 
     </span>
     <span class='ocr_line' id='line_1_40' title="bbox 90 4641 440 4705; baseline 0 -1"><span class='ocrx_word' id='word_1_286' title='bbox 90 4641 187 4704; x_wconf 92' lang='lat' dir='ltr'><strong>nobis</strong></span> <span class='ocrx_word' id='word_1_287' title='bbox 202 4650 295 4705; x_wconf 91' lang='lat' dir='ltr'><strong>esset</strong></span> <span class='ocrx_word' id='word_1_288' title='bbox 311 4643 440 4705; x_wconf 88' lang='lat' dir='ltr'><strong>oblata.</strong></span> 
     </span>
    </p>

    <p class='ocr_par' dir='ltr' id='par_1_5' title="bbox 90 4756 1066 4831">
     <span class='ocr_line' id='line_1_41' title="bbox 90 4756 1066 4831; baseline 0.005 -19"><span class='ocrx_word' id='word_1_289' title='bbox 90 4756 123 4815; x_wconf 81' lang='grc' dir='ltr'><strong>Τ.</strong></span> <span class='ocrx_word' id='word_1_290' title='bbox 140 4773 183 4813; x_wconf 91' lang='grc' dir='ltr'><strong>ιιι.</strong></span> <span class='ocrx_word' id='word_1_291' title='bbox 1036 4775 1066 4831; x_wconf 84' lang='lat'><strong>31</strong></span> 
     </span>
    </p>
   </div>
   <div class='ocr_carea' id='block_1_3' title="bbox 0 0 1610 5392">
    <p class='ocr_par' dir='ltr' id='par_1_6' title="bbox 0 0 1610 5392">
     <span class='ocr_line' id='line_1_42' title="bbox 0 0 1610 5392; baseline 0 0"><span class='ocrx_word' id='word_1_292' title='bbox 0 0 1610 5392; x_wconf 95' lang='lat' dir='ltr'><strong> </strong></span> 
     </span>
    </p>
   </div>
  </div>
 </body>
</html>
