3210 5392
210 430 265 486 t7t
594 424 766 484 errsnan
784 440 1053 493 ounnmussrnns

211 575 329 652 Quare
356 576 412 647 (vt
437 572 547 634 verbo
573 571 707 648 dicam)
733 571 946 650 quotidianis
971 570 1134 633 auctibus
1159 568 1196 632 fit
1221 570 1342 650 seipso
1367 587 1497 650 pet
1549 605 1605 640 -÷

212 680 349 743 lectior.

271 786 309 849 In
325 804 366 849 ea
382 787 515 864 schola,
533 786 633 849 cuius
649 785 733 848 mihi
749 803 835 848 cura
857 785 1014 848 iniuncta
1036 795 1106 862 est,
1130 785 1246 847 minor
1267 786 1399 847 hacten

210 894 347 955 fructus
362 893 526 972 apparuit
541 909 647 971 quam
663 893 806 969 vellem,
824 901 857 953 et
872 908 979 970 quam
993 891 1141 972 posthac
1163 890 1324 953 futurum
1338 893 1600 971 plat]

218 1017 281 1078 per
296 999 363 1062 Dei
378 1000 533 1078 gratiam
548 997 696 1061 confido.

271 1106 336 1183 En,
354 1105 470 1183 Pater,
487 1104 770 1183 Quadrimestres
782 1106 857 1185 spei
872 1123 979 1185 quam
990 1106 1042 1169 rei
1053 1105 1240 1185 pleniores.
1252 1103 1362 1168 Faxit
1373 1103 1507 1167 Du·-
1551 1135 1598 1178 -0

209 1214 327 1276 minus
341 1212 445 1293 Jesus
459 1221 498 1274 vt
512 1211 712 1275 futurorum
728 1229 808 1291 spes
820 1221 994 1292 concepta
1006 1229 1072 1274 nos
1084 1229 1155 1274 non
1167 1211 1280 1274 fallat:
1293 1211 1596 1284 sancti-is

210 1319 309 1382 simis
324 1318 365 1381 R.
383 1317 420 1381 P.
438 1317 479 1380 T.
496 1318 714 1381 orationibus
730 1335 772 1380 ac
789 1318 985 1397 sacrificiis,
1000 1318 1125 1399 quibus
1136 1335 1203 1381 nos
1214 1319 1323 1382 etiam
1336 1328 1600 1399 atqt-..ur

209 1426 319 1488 etiam
331 1425 630 1503 commendamus
645 1441 710 1486 nos
722 1432 913 1504 nostraque
928 1424 1082 1488 Domino
1096 1424 1180 1506 Jesu
1195 1424 1342 1505 tibique,
1358 1424 1585 1508 Jeffis

211 1532 358 1607 vicario,
375 1548 515 1611 semper
530 1531 605 1593 sine
620 1530 689 1593 fine
704 1532 931 1594 deuouentes

272 1639 418 1719 Tyburi‚
435 1656 482 1701 ex
497 1638 655 1717 Collegio
670 1637 869 1713 SocietatiS,
885 1637 904 1699 7
920 1638 1002 1701 Idus
1016 1637 1130 1701 Maias
1148 1639 1236 1702 1555.

452 1745 506 1808 Ex
520 1745 768 1807 commissione
783 1744 825 1808 R.
843 1743 960 1807 Patris
973 1743 1135 1808 Rectoris
1148 1743 1188 1808 P.
1205 1745 1401 1824 Laurentii,
1520 1794 1576 1825 q,

734 1849 776 1914 R.
792 1850 832 1913 T.
849 1849 887 1914 P.
904 1850 995 1914 filius
1010 1851 1154 1929 inutilis,

955 2063 1094 2128 Parcus
1115 2063 1280 2130 siturus.

659 2705 996 2792 CCCLXXXIX

265 3059 411 3130 loannes
425 3057 577 3127 Gnatius,
593 3059 671 3116 olim
685 3059 779 3124 Nero.

301 3153 355 3212 Ex
367 3155 610 3212 commissione
625 3155 733 3214 Patris
749 3157 888 3231 Philippi
903 3157 1013 3226 Fabri,

339 3254 429 3311 Patri
443 3253 570 3326 ignatio
585 3253 626 3310 de
640 3253 778 3326 Loyola.

373 3351 509 3417 Mutina,
529 3351 559 3407 ll
576 3350 653 3424 Maji
670 3352 739 3410 lbb'n
752 3352 771 3407 ¹.

830 3561 853 3628 †

272 3761 347 3825 Pax
363 3760 492 3825 Christi
507 3773 676 3842 perpetua
691 3781 756 3825 nos
771 3764 877 3826 donet
892 3764 1064 3827 libertate.
1077 3764 1203 3828 Amen.
1459 3844 1489 3861 Ι
1585 3827 1605 3869 ι

273 3867 339 3931 Per
360 3869 487 3931 missas
507 3869 552 3931 ad
574 3880 669 3931 tuam
692 3868 943 3933 Paternitatem
958 3871 1138 3934 ianuarias
1152 3871 1287 3951 literas,
1305 3871 1385 3936 R.de
1410 3857 1518 3935 f
1532 3917 1605 3976 Δ,

210 3976 355 4038 Christo
367 3975 484 4053 Pater,
498 3977 700 4038 nonnullam
718 3977 884 4039 uberrimi
897 3976 1034 4040 fructus
1045 3988 1194 4057 partem,
1206 3978 1243 4040 in
1255 3979 1365 4043 uinea
1377 3968 1518 4044 θ’
1602 4036 1605 4063 ,

216 4083 301 4144 mini
313 4083 480 4162 percepti,
495 4082 558 4144 tibi
570 4082 805 4161 significatam
817 4083 1015 4146 habuimus,
1031 4083 1131 4147 Nunc
1147 4093 1267 4148 autem
1282 4094 1369 4150 tuae
1386 4035 1603 4203 ud:

212 4189 338 4251 luntati
354 4189 612 4269 obtemperans,
630 4189 721 4251 dabo
736 4206 896 4269 operam,
915 4200 952 4252 ut
967 4206 1056 4268 quae
1070 4191 1232 4270 proxime
1254 4193 1351 4256 actis
1366 4175 1529 4275 qufi

212 4304 292 4356 tuor·
304 4296 492 4374 mensibus,
504 4314 565 4375 per
579 4305 658 4358 tuos
673 4297 708 4360 in
719 4296 871 4359 Domino
887 4315 1020 4377 seruos,
1032 4298 1089 4361 hic
1101 4309 1204 4377 gesta
1216 4309 1312 4379 sunt,
1326 4319 1468 4382 quoa«

257 4498 264 4529 ¹
295 4498 483 4551 Autographae
494 4498 589 4552 duplici
599 4498 669 4556 folio,
679 4511 722 4542 nn.
734 4498 771 4542 166
781 4499 945 4544 et167.-Eas
959 4501 1024 4545 adeo
1042 4501 1185 4554 castigavit
1197 4501 1332 4548 Polancus
1346 4510 1378 4549 nt
1392 4517 1438 4550 co*
1456 4483 1508 4529 ⁴

215 4567 308 4612 sultius
328 4571 492 4623 arbitremur,
503 4578 562 4624 post
572 4572 716 4624 exemplum
733 4573 808 4625 quale
824 4571 935 4615 Gnatlus
950 4573 1064 4627 scripsit,
1080 4573 1151 4616 aliud
1161 4583 1177 4616 ι
1193 4573 1310 4620 Polnnco
1326 4578 1420 4622 emend

216 4645 271 4683 tum
286 4640 421 4692 subjicere.
