3240 5386
600 455 661 512 Aa.
686 455 754 512 1555
1237 453 1293 512 507

69 616 143 662 cum
172 600 209 662 in
228 600 296 662 tria
318 601 434 680 capita
455 618 512 663 res
533 611 607 663 tota
627 601 813 663 distributa
839 600 895 677 sit,
922 600 956 661 in
982 599 1129 661 fratrum
1156 600 1292 663 scilicet

69 707 348 784 emolumentum,
365 707 531 770 iuuenum
544 708 812 788 promotionem,
826 706 1116 788 exomologeseos
1130 705 1288 785 frequen·

69 813 249 891 tationem,
285 831 327 876 ac
355 814 518 876 crebram
547 825 800 877 sacrosanctae
832 830 1012 893 synaxeos
1041 812 1292 892 sumptionem

69 929 234 998 quantum
256 920 416 983 doctrina
435 920 565 983 fratres
588 938 630 983 ac
650 920 771 1000 probis
791 919 947 982 moribus
970 918 1007 982 in
1030 919 1106 982 dies
1127 935 1292 982 crescant

69 1029 209 1105 longum
224 1036 317 1089 esset
332 1044 395 1106 per
410 1028 550 1106 singula
565 1045 725 1108 quaeque
742 1043 939 1104 recensere,
955 1026 1158 1089 summatim
1173 1036 1292 1089 autem

69 1134 231 1195 nonnulla
246 1133 430 1212 attingam,
445 1134 571 1214 quibus
583 1133 789 1214 perspectis,
803 1133 928 1213 possiS,
941 1131 984 1194 R.
997 1130 1049 1209 P,
1063 1141 1203 1194 caetera
1216 1149 1290 1210 per·

69 1240 218 1318 pendere
234 1249 338 1320 atque
354 1241 554 1303 aestimare.

124 1344 281 1408 Primum
294 1347 414 1424 igitur,
427 1347 521 1426 quod
533 1347 687 1410 maxime
699 1345 855 1409 omnium
870 1346 1009 1408 difficile
1025 1345 1155 1425 alioqui
1171 1355 1236 1423 est,
1255 1346 1292 1408 in

69 1459 116 1513 tot
132 1453 317 1515 nationum
332 1470 539 1534 morumque
555 1454 761 1516 diuersitate
780 1453 931 1516 fratrum
946 1468 1083 1514 summa
1099 1452 1292 1515 concordia

69 1567 128 1636 est,
146 1567 183 1620 ut
200 1576 270 1621 non
285 1560 473 1639 propinqui
489 1560 604 1638 moda,
622 1560 684 1623 sed
700 1562 755 1623 uel
770 1560 900 1623 fratres
914 1558 1042 1622 uterini
1058 1575 1136 1621 esse
1150 1559 1293 1621 uidean-

69 1671 132 1727 tur.
152 1663 259 1743 Quid?
273 1683 343 1745 qua
356 1664 539 1744 diligentia
552 1666 717 1730 ardentes
727 1668 826 1730 horis
838 1665 1068 1746 praescriptis
1080 1682 1204 1745 preces
1215 1664 1292 1728 Deo

69 1782 134 1850 opt.
150 1789 247 1834 max.
263 1771 426 1835 fundant?
439 1790 508 1852 qua
520 1772 631 1836 literis
643 1773 861 1837 incumbant?
882 1789 950 1852 qua
966 1789 1031 1834 suo
1050 1790 1188 1852 quoque
1208 1783 1294 1834 tem·

69 1891 150 1951 pore
161 1881 352 1959 gymnasia
365 1880 505 1954 adeant,
519 1898 561 1942 ac
573 1879 756 1960 discipulis
768 1897 906 1943 omnem
917 1879 1169 1957 grammatices
1182 1896 1294 1959 prope

69 1979 240 2049 infinitam
250 1988 322 2050 uim
334 2004 377 2049 ac
388 1987 573 2050 materiam
586 1985 743 2049 tradant?
753 1985 883 2050 Multos
895 1994 1028 2060 nostra,
1040 1987 1170 2065 plures,
1185 1986 1293 2049 maio·

69 2105 141 2156 um
157 2103 286 2168 aetate,
304 2094 467 2174 precibus
486 2093 648 2156 homines
660 2093 807 2171 deditos,
822 2095 949 2155 multos
964 2093 1080 2155 studio
1095 2093 1292 2172 literarum,

69 2202 195 2263 nultos
210 2198 359 2279 denique
371 2199 623 2279 discipulorum
638 2198 818 2279 profectus
833 2198 980 2278 cupidos
994 2198 1158 2275 uidimus;
1175 2209 1223 2275 at,
1234 2200 1294 2279 qui

74 2325 152 2369 aec
166 2307 286 2369 omnia
295 2317 528 2387 praestarent,
543 2306 696 2369 uidimus
707 2322 852 2385 paucos.
869 2304 971 2384 Quod
982 2314 1081 2368 tanto
1099 2305 1295 2369 mirabilius

72 2415 168 2477 ebet
183 2412 308 2486 uideri,
325 2423 456 2492 quanto
472 2413 597 2476 maiori
613 2412 831 2475 humanitate
846 2411 1073 2475 coniunctum
1089 2423 1153 2474 est.

119 2519 183 2584 Ad
206 2519 389 2583 literarum
410 2520 604 2582 studiosam
624 2520 852 2593 iuuentutem,
875 2536 981 2598 quam
996 2519 1116 2599 probis
1138 2519 1297 2583 moribus

77 2645 100 2690 c
118 2626 229 2688 bonis
246 2626 355 2689 literis
369 2627 601 2690 erudiendam
616 2626 720 2688 huius
736 2625 884 2704 Collegii
899 2625 1028 2688 iratres
1049 2636 1293 2706 susceperunt,

69 2751 112 2797 ne
144 2732 340 2795 conseram.
367 2732 466 2795 Haec
490 2734 620 2813 partim
645 2749 710 2813 pro
736 2732 906 2811 cuiusque
928 2740 1032 2811 captu
1054 2750 1096 2795 ac
1118 2732 1294 2813 doctrina,

76 2841 195 2904 artim
211 2839 305 2917 quod
320 2857 411 2902 unus
426 2840 566 2920 quidem
582 2839 706 2902 doctor
717 2848 837 2902 tantae
849 2839 1062 2901 multitudini
1077 2838 1195 2902 facere
1207 2841 1294 2903 satis

75 2966 129 3010 on
153 2956 294 3026 posset,
316 2964 379 3009 sex
399 2955 452 3009 est
472 2947 508 3009 in
529 2948 662 3009 classes
683 2945 880 3021 distributa,
903 2962 1052 3026 quarum
1074 2963 1212 3008 summa
1232 2962 1294 3009 eos

72 3054 235 3129 ontinet,
252 3054 310 3133 qui
326 3052 509 3116 Ciceronis
529 3053 758 3131 orationibus,
771 3052 911 3116 Horatii
926 3051 1095 3132 epistolis
1112 3069 1154 3114 ac
1175 3054 1207 3115 ei
1226 3051 1294 3115 De·

69 3160 249 3243 pauterii,
267 3177 357 3239 quae
373 3159 416 3222 de
437 3169 630 3222 metrorum
644 3159 782 3222 ratione
797 3167 938 3236 tractat,
960 3159 1053 3239 parti
1072 3159 1290 3238 incumbunt,

73 3270 114 3332 ui
133 3282 287 3329 numero
303 3266 371 3328 duo
387 3276 422 3329 et
436 3266 563 3346 uiginti
577 3277 658 3329 sunt
673 3276 734 3329 aut
745 3268 824 3346 plus
839 3283 892 3328 eo.
909 3266 1032 3329 Altera
1045 3266 1198 3344 primum
1212 3265 1291 3329 Vir·

69 3375 134 3439 ilii
158 3372 352 3452 Aeneidos,
371 3373 485 3435 Marci
504 3372 609 3435 Tullii
628 3372 796 3452 epistolas
818 3371 863 3434 ad
883 3371 1085 3448 Curionem,
1110 3388 1152 3433 ac
1177 3388 1294 3450 gram·

69 3481 218 3545 naticae
243 3477 423 3543 Niniuitae
451 3479 457 3509 ¹
484 3488 632 3558 partem,
656 3495 747 3559 quae
766 3479 810 3541 de
830 3478 1106 3558 uniuscuiusque
1129 3479 1296 3542 dictionis

69 3597 258 3662 tructura,
275 3603 353 3648 eam
369 3603 519 3666 quoque,
537 3603 606 3664 qua
623 3584 791 3665 cuiusque
806 3584 969 3647 dictionis
985 3583 1222 3648 accidentium
1237 3602 1293 3649 co·

69 3693 177 3770 ‚nitio
192 3691 352 3769 habetur,
371 3692 640 3770 interpretatur:
656 3708 722 3754 nec
742 3692 846 3770 longe
865 3691 940 3754 eius
962 3708 1129 3754 numerus
1150 3692 1294 3755 distata

69 3801 227 3879 riginta.
243 3797 346 3861 Hanc
361 3816 499 3878 quoque
519 3796 745 3878 Despauterii
767 3806 905 3877 partem
920 3814 1001 3861 cum
1022 3797 1205 3861 Ciceronis
1225 3799 1295 3877 epi·

69 3906 179 3978 stolis,
195 3922 237 3966 ac
249 3905 503 3982 grammatices
515 3903 723 3979 rudimenta,
737 3914 888 3984 quatuor
899 3913 933 3967 et
945 3904 1182 3984 quadraginta
1194 3904 1295 3967 disci·

69 4013 158 4076 >ulis
184 4012 311 4074 tertiae
337 4013 462 4075 classis
487 4022 697 4092 praeceptor
723 4011 842 4074 tradit.
869 4010 1040 4074 Eamdem
1069 4008 1295 4090 Despauterii

69 4129 205 4198 >artem
219 4135 300 4180 cum
316 4118 524 4182 rudimentis
539 4128 573 4181 et
589 4117 736 4181 Catonis
751 4116 909 4181 distichis
926 4119 1111 4197 plusquam
1127 4118 1296 4198 quinqua·

69 4228 164 4304 ginta
182 4224 344 4303 discipuli
360 4225 396 4286 in
410 4225 430 4286 4
444 4223 455 4254 ¹
471 4225 652 4287 docentur.
675 4223 805 4303 Quinta
825 4223 967 4286 tandem
989 4223 1024 4285 in
1045 4223 1134 4285 duas
1158 4233 1294 4287 turmas

69 4342 116 4395 est
133 4330 262 4408 diuisa,
279 4348 430 4410 quarum
446 4333 558 4394 altera
580 4330 789 4394 rudimentis
804 4347 846 4393 ac
862 4329 1044 4393 doctrinae
1063 4329 1294 4410 christianae,

69 4441 180 4501 altera
197 4436 321 4500 iisdem
332 4454 375 4500 ac
387 4454 557 4515 generum
569 4437 773 4500 discretioni
785 4436 965 4500 incumbit.
980 4435 1115 4500 Horum
1127 4454 1297 4500 numerus

106 4608 113 4639 ¹
144 4605 258 4659 Joannes
270 4617 320 4649 ran
331 4607 461 4650 Pauteren
472 4606 685 4662 (Despauterlus),
701 4607 782 4650 etlam
791 4617 869 4660 saepe
884 4604 996 4658 Joannes
1005 4605 1124 4650 Ninlvlta
1139 4607 1297 4661 appellatus.

105 4678 116 4709 ¹
146 4678 172 4720 in
184 4686 279 4731 quarta
290 4678 385 4720 classe.
