3210 5392
177 335 234 395 304
569 333 1020 402 L1rraaasouannmasrnas

183 490 328 559 uterque
349 496 517 559 magnum
540 479 779 543 adiumentum
799 481 904 542 habet
930 479 976 542 ad
1001 479 1184 542 arabicum
1211 496 1417 543 sermonem

182 585 453 649 addiscendum:
479 595 647 649 exercent
672 604 709 649 se
732 587 919 667 diligenter
944 586 1112 668 quotidie,
1134 603 1216 648 cnm
1235 586 1417 667 loquendo

182 701 256 755 tum
271 693 469 772 scribendo,
493 694 527 756 in
545 713 587 756 ea
606 695 742 772 lingua:
764 712 948 774 speramus
969 695 1052 757 hinc
1072 709 1242 774 magnum
1259 692 1418 756 fructum

182 801 392 863 animarum.
420 800 643 881 Quapropter
674 801 764 864 haec
789 801 951 865 instituta
984 800 1219 865 sanctissimis
1249 800 1420 881 precibus

186 903 224 966 P.
240 905 280 968 T.
299 907 596 971 commendamus

243 1013 427 1076 Venerunt
451 1015 520 1076 huc
547 1025 627 1078 octo
652 1014 894 1078 adolescentes
909 1015 1076 1079 Valentia
1096 1033 1167 1078 vna
1194 1031 1279 1077 cum
1305 1013 1421 1078 iratre

181 1131 317 1198 nostro,
335 1139 439 1201 quem
463 1122 545 1185 illuc
570 1122 799 1186 miseramus:
817 1140 939 1185 omnes
960 1139 1132 1202 magnam
1156 1122 1420 1202 ingenuitatem

183 1229 473 1310 praescierunt,
501 1239 535 1292 et
557 1247 713 1293 amorem
739 1246 907 1309 magnum
929 1229 1071 1293 Christo
1097 1229 1278 1294 seruiendi
1303 1239 1421 1293 osten·

182 1336 280 1398 dunt.
297 1335 463 1399 Nonnulli
478 1353 600 1399 eorum
616 1354 785 1416 magnum
799 1353 1030 1417 progressum
1051 1337 1086 1399 in
1102 1336 1227 1400 studiis
1242 1334 1421 1415 iecerunt,

184 1443 254 1505 iam
279 1443 401 1506 officiis
426 1443 629 1506 domesticis
655 1443 860 1524 funguntur,
887 1456 968 1524 post
993 1443 1039 1506 ad
1067 1444 1209 1507 scholas
1237 1443 1420 1506 mittendi.

183 1549 283 1613 Duos
305 1566 349 1611 ex
371 1550 430 1612 illo
452 1567 600 1612 numero
620 1549 821 1613 Messanam
843 1551 1018 1629 misimus,
1040 1567 1082 1613 ac
1108 1549 1211 1612 simul
1237 1567 1324 1613 cum
1352 1550 1423 1613 illis

184 1666 257 1718 tres
281 1655 410 1724 fratres
434 1657 720 1736 amandauimuS,
746 1673 896 1737 quorum
921 1657 991 1720 duo
1016 1657 1107 1719 inter
1132 1673 1205 1734 eos,
1228 1657 1289 1736 qui
1305 1656 1422 1720 literis

182 1780 328 1842 operam
344 1763 490 1840 dabant,
509 1763 743 1843 antiquissimi
763 1763 1027 1843 doctissimique
1042 1772 1155 1840 erant,
1172 1780 1214 1824 ea
1231 1762 1277 1826 de
1292 1780 1417 1842 causa,

186 1880 223 1930 ut
235 1869 399 1931 Messana
411 1866 612 1948 Syracusas
626 1869 897 1948 proficiscantur
912 1879 946 1931 et
961 1869 1007 1931 ibi
1024 1869 1183 1931 scholam
1199 1869 1379 1948 aperiant.

245 1975 283 2037 P.
301 1975 541 2055 Hieronymus
556 1975 762 2038 Domenech
777 1976 845 2038 huc
862 1993 941 2038 cum
954 1974 1110 2054 Prorcge
1125 1974 1295 2037 Messana
1310 1975 1419 2053 venit,

184 2096 230 2159 tt,
248 2093 435 2161 postquam
450 2081 487 2142 P.
505 2081 657 2145 Michael
679 2081 687 2112 ¹
704 2082 859 2144 cessauit
875 2100 896 2143 a
917 2080 1172 2158 concionando,
1189 2079 1226 2143 P.
1244 2080 1421 2162 Hierony·

186 2207 265 2252 mus
280 2198 314 2251 et
331 2187 366 2251 P.
384 2187 514 2251 Paulus
529 2187 540 2217 ⁸
556 2188 715 2251 vicissim
728 2205 911 2251 sermones
927 2187 972 2249 ad
987 2189 1155 2268 populum
1170 2188 1317 2251 habent.

247 2293 376 2359 Sumus
391 2295 427 2357 in
449 2295 516 2357 hoc
532 2295 683 2374 collegio
704 2312 766 2376 per
787 2294 856 2358 Dei
877 2295 1033 2374 gratiam
1053 2294 1190 2358 collecti
1205 2295 1258 2373 u,
1283 2311 1420 2359 omnes·

187 2421 254 2482 que
266 2403 355 2465 bene
368 2401 543 2481 occupati,
552 2411 586 2464 et
598 2419 663 2480 pro
677 2402 769 2465 uirili
780 2401 983 2465 laboramus
994 2402 1039 2464 ad
1051 2401 1203 2481 gloriam
1216 2399 1287 2465 Dei
1297 2413 1333 2465 et
1343 2418 1419 2483 pro·

189 2509 276 2572 ximi
292 2509 490 2572 utilitatem.

249 2615 467 2681 Admisimus
481 2617 517 2678 in
528 2625 686 2678 nostram
703 2614 914 2679 Societatem
927 2616 1090 2679 iuuenem
1102 2615 1295 2678 admodum
1306 2615 1421 2678 bonae

189 2723 331 2801 indolis,
348 2723 407 2804 qui
423 2721 511 2785 duos
527 2739 639 2785 annos
654 2724 841 2785 continuos
856 2724 1021 2802 gnauiter
1036 2722 1184 2800 studuit,
1203 2723 1422 2804 summisque

189 2831 352 2911 precibus
367 2830 478 2909 recipi
491 2827 686 2907 contendit;
700 2841 733 2891 et
748 2846 829 2892 cum
844 2847 906 2908 per
922 2839 1087 2908 parentes
1098 2846 1169 2891 non
1185 2829 1309 2891 liceret
1325 2828 1423 2907 (nam

188 2955 269 3001 eum
291 2938 526 3016 intelligerent
546 2936 661 3015 ipsum
683 2936 758 2999 eius
783 2937 892 2998 animi
918 2954 1013 3015 esse,
1041 2954 1111 2998 non
1136 2937 1296 2999 siuerunt
1323 2936 1423 3000 illum

188 3046 235 3108 ad
260 3045 401 3107 scholas
433 3043 584 3120 uenire),
612 3043 770 3122 captauit
795 3053 934 3121 tempus
961 3051 1198 3122 opportunum
1224 3052 1258 3105 et
1284 3042 1331 3105 ad
1356 3060 1424 3106 nos

190 3154 282 3215 clam
302 3150 478 3229 confugit,
496 3168 538 3212 ac
564 3151 599 3212 in
619 3149 762 3211 domum
782 3149 879 3210 illum
901 3135 1124 3211 admisimus:
1148 3167 1297 3228 cumque
1322 3151 1422 3212 nulla

189 3258 327 3321 ratione
342 3269 461 3337 posset
477 3257 605 3318 adduci
620 3265 657 3318 ut
672 3257 814 3318 domum
840 3264 1026 3335 paternam
1051 3254 1096 3317 ad
1121 3256 1254 3336 aliquot
1276 3257 1355 3319 dies
1369 3274 1423 3319 re-

190 3373 399 3441 uerteretur,
412 3364 503 3442 patri
516 3381 579 3425 suo
590 3380 665 3426 rem
678 3362 922 3441 indicauimus;
936 3363 1006 3442 qui,
1020 3380 1100 3425 cum
1115 3362 1282 3440 uenisset,
1300 3363 1425 3426 multis

188 3472 385 3535 conabatur
397 3469 535 3532 efficere
552 3481 588 3531 ut
604 3470 822 3549 propositum
835 3477 1002 3547 mutaret,
1016 3487 1110 3531 nunc
1126 3467 1327 3546 magnificis
1342 3487 1423 3550 pro·

188 3578 317 3656 missiS,
334 3595 427 3639 nunc
442 3576 645 3655 lachrymis:
663 3575 725 3637 sed
736 3593 817 3637 cum
833 3576 984 3655 amplius
997 3575 1121 3637 horam
1134 3575 1169 3637 in
1181 3575 1425 3640 dissuadendo

190 3684 479 3762 consumpsisset,
496 3700 562 3745 nec
577 3683 685 3745 lilium
701 3700 925 3744 commouere
940 3692 1071 3762 posset,
1088 3681 1251 3744 discessit
1264 3681 1425 3764 domum,

190 3802 378 3873 postquam
399 3801 581 3853 reuertens
597 3789 743 3852 adduxit
761 3806 880 3851 secum
900 3788 1039 3851 affinem
1059 3805 1173 3868 suum,
1194 3789 1254 3869 qui
1270 3806 1428 3870 conque·

191 3899 334 3962 rebatur
346 3907 496 3960 matrem
509 3897 644 3958 iuuenis
654 3895 742 3958 adeo
755 3913 916 3958 moerore
925 3894 1063 3974 confici,
1078 3905 1115 3958 ut
1127 3896 1312 3958 minimum
1324 3896 1428 3961 abes-

191 4015 244 4068 set
259 4006 343 4084 quin
358 4013 565 4068 moreretur.
584 4002 766 4082 Cognatas
782 4012 911 4080 autem,
930 4004 989 4082 qui
1010 4003 1109 4064 diues
1125 4001 1317 4065 admodum
1333 4014 1428 4083 erat,

190 4113 332 4175 dicebat
360 4112 456 4174 illum
480 4114 559 4172 loco
588 4109 649 4172 filii
676 4111 763 4171 uelle
793 4109 924 4171 habere
951 4108 1044 4188 quod
1074 4109 1149 4188 ipse
1179 4127 1248 4171 non
1276 4109 1433 4174 haberet

191 4217 299 4280 filium
316 4219 522 4294 masculum;
550 4233 673 4278 uerum
689 4214 908 4294 adolescens,
925 4215 1015 4276 haee
1041 4215 1158 4276 omnia
1181 4214 1264 4277 forti
1289 4219 1434 4297 spreuit

236 4521 243 4552 ⁴
274 4522 302 4564 P.
315 4520 423 4564 llllchael
435 4521 560 4564 Botellns.

235 4594 246 4624 ²
274 4593 299 4636 Ρ.
312 4593 407 4637 Paulus
418 4593 564 4646 d'Achillls,
576 4591 670 4635 [lector
680 4591 801 4644 collegit.
