3210 5392
578 402 749 460 erraaas
761 417 1031 469 ouanaruasraas

386 956 598 999 praecedentium
609 956 735 1008 Alpbonsl
746 955 848 999 Lozano
860 957 1007 999 litterarum
1017 957 1100 1000 latina
1111 955 1197 998 versio
1209 958 1224 994 ¹.

769 1559 843 1680 nis

249 1828 374 1893 Gratia
391 1840 424 1892 ct
439 1847 511 1909 pax
525 1829 668 1893 Domini
683 1831 797 1892 nostri
811 1828 896 1911 Jesu
910 1828 1042 1892 Christi
1056 1837 1227 1910 perpetuo
1237 1825 1379 1910 praesidio

189 1938 383 2000 nobiscum.
401 1936 528 1999 Amen.

249 2042 338 2105 Cum
354 2042 419 2105 sim
435 2043 642 2123 scripturus
659 2041 736 2105 R.de
755 2041 806 2120 P.,
823 2060 916 2123 quae
930 2043 1030 2105 lucra
1042 2042 1206 2121 proximo
1218 2040 1378 2122 quadrime

187 2150 251 2212 stri
273 2149 458 2212 Valentiae
480 2150 594 2212 nostri
615 2150 651 2212 in
673 2148 815 2212 Christo
839 2149 966 2212 fecisse
991 2147 1169 2227 videntur,
1196 2165 1265 2229 qua
1287 2154 1379 2227 potero

186 2256 373 2333 breuitate,
396 2256 563 2319 exordiar
582 2273 603 2317 a
625 2257 738 2319 nostri
757 2256 878 2334 templi
898 2255 1105 2332 structione,
1121 2255 1242 2335 inquo
1261 2255 1380 2332 (fauente

187 2361 275 2439 Deo)
291 2362 526 2425 celebrabitur
548 2379 690 2424 sacrum
710 2363 874 2442 proximo
893 2361 984 2425 festo
1004 2360 1212 2425 Natiuitatis
1231 2372 1379 2424 sacrosan·

185 2478 266 2531 ctae
281 2466 443 2547 Virginis
459 2468 605 2544 Mariae,
623 2469 724 2531 cuius
738 2469 833 2531 fores
848 2469 1019 2547 patebunt
1040 2470 1192 2547 cunctis,
1208 2479 1278 2532 tam
1290 2462 1378 2530 mulie

185 2576 294 2653 ribuS,
313 2592 420 2654 quam
435 2575 535 2639 viris:
552 2592 641 2654 quos
655 2576 755 2638 iuxta
775 2592 897 2638 eorum
917 2574 1133 2640 desiderium
1147 2575 1269 2639 eodem
1285 2572 1377 2636 diesn-

184 2684 376 2745 cramentis
391 2682 713 2758 corroborabimus,
736 2691 948 2762 caeteraque
969 2682 1167 2746 ministeria
1185 2681 1293 2746 nostri
1307 2673 1377 2742 insti·

183 2788 250 2852 tuti
266 2787 435 2867 perfacile
450 2787 721 2868 praestabimus:
738 2789 832 2868 quod
851 2788 992 2868 quidem
1008 2799 1237 2870 expectamus
1250 2784 1376 2852 omnibus

183 2894 259 2957 fore
276 2896 531 2973 gratissimum,
548 2905 621 2956 tum
637 2896 778 2972 nostris,
796 2896 856 2975 qui
879 2895 1021 2958 liberius
1041 2912 1106 2958 sua
1122 2912 1267 2959 munera
1279 2884 1376 2955 submi·

182 3001 394 3079 nistrabunt‚
418 3003 572 3078 tumhiS,
589 3003 730 3081 quinos
749 3002 910 3080 diligunt.
932 3001 961 3063 F
963 3003 1037 3064 axit
1054 3000 1152 3065 Deus
1174 3003 1312 3083 optimus
1324 3008 1375 3058 nt·

182 3110 298 3170 ximus
314 3110 432 3170 omnia
447 3109 548 3170 nobis
563 3109 757 3170 secundum
771 3126 870 3188 spem
886 3109 1087 3171 succedere.

241 3214 506 3293 Impedimenta,
531 3233 621 3294 quae
643 3215 876 3294 prohibebant
902 3215 1090 3294 quominus
1112 3228 1233 3279 nostra
1258 3204 1375 3277 ecclesia

182 3320 421 3399 perficeretur,
450 3320 574 3383 Patres
601 3321 814 3400 reipublicae
841 3321 1016 3398 (omnibus
1041 3322 1247 3401 perspectis)
1267 3314 1375 3382 auferre

182 3426 405 3503 mandarunt,
433 3428 642 3506 plenamque
669 3429 874 3490 facultatem
899 3427 1109 3491 aedificandi
1134 3430 1235 3491 nobis
1258 3421 1400 3503 benigne·

183 3535 389 3596 tribuerunt.
409 3533 536 3596 Noster·
552 3534 752 3613 praelectus
767 3534 915 3613 Proregi
931 3534 982 3596 rei
996 3545 1121 3612 gestae
1133 3551 1274 3598 causam
1283 3536 1374 3592 narra·

182 3642 243 3717 uit,
262 3641 368 3719 quiin
384 3641 545 3702 omnibus
560 3641 812 3703 humanissime
828 3659 905 3703 sese
922 3650 1084 3720 paratum
1100 3641 1234 3719 obtulit,
1250 3639 1374 3702 nostrum

180 3749 364 3827 negotium
384 3748 573 3827 diligenter
593 3749 744 3810 curauit:
768 3750 876 3810 semel
894 3765 1046 3827 namque
1066 3758 1174 3829 atque
1194 3749 1306 3811 iterum
1323 3735 1374 3798 huc

181 3856 344 3924 accessit.
362 3865 396 3917 et
412 3854 447 3917 id
461 3856 554 3935 quod
570 3855 808 3934 cupiebamus¹
826 3855 928 3917 facile
944 3867 995 3917 est
1011 3867 1257 3935 consequutus:
1272 3837 1350 3931 quos
1366 3868 1373 3878 ·

180 3973 251 4038 cto,
268 3962 361 4024 idem
383 3962 517 4024 Prorex
539 3979 640 4024 suam
662 3966 795 4036 (coram
816 3962 989 4038 omnibus)
1010 3978 1097 4040 erga
1117 3980 1183 4025 nos
1202 3951 1372 4024 benevolen·

180 4069 265 4131 tiam
283 4068 511 4148 significauit,
529 4069 627 4130 iussit
644 4069 737 4130 enim
752 4067 829 4131 dari
845 4067 889 4129 ad
905 4069 1026 4147 templi
1038 4069 1249 4131 erectionem
1259 4066 1373 4129 nonme·

182 4174 338 4237 diocrem
354 4175 614 4237 eleemosinam.

244 4281 341 4344 Haec
356 4291 449 4358 sunt,
467 4280 508 4344 R.
527 4281 577 4356 P.,
595 4299 685 4360 quae
701 4281 745 4343 ad
762 4284 930 4360 templum
944 4291 1106 4344 nostrum
1126 4290 1287 4363 spectant.
1306 4268 1372 4333 Tum

225 4561 231 4589 l
263 4560 449 4613 Apographum
464 4560 538 4602 unlco
554 4561 579 4602 in
597 4558 664 4607 lolio,
681 4570 705 4601 n.
723 4560 770 4604 066.
782 4560 855 4601 abeo
871 4566 1017 4605 exaratum.
1029 4560 1070 4613 qul
1087 4560 1112 4602 in
1123 4557 1277 4615 praecedenti
1287 4547 1371 4598 ni³l³⁰⁰

186 4635 304 4685 exemplo
316 4632 560 4685 superscriptionem
570 4631 701 4685 apposuit.
