3210 5392
638 172 646 205 l

236 409 255 466 8
623 414 1082 488 Luramouanamasraas

298 554 566 638 Superscrtptio
581 576 620 623 m
633 569 766 642 quarta
777 572 934 646 pagana.

296 658 382 783 Isis.
399 719 602 787 Admodum
616 725 694 789 R.d⁰
719 727 755 790 in
769 727 912 792 Christo
926 727 1025 792 Patri
1039 739 1162 794 nostro
1176 730 1349 812 Magistro
1364 734 1473 814 Igna-

238 827 286 889 tio
302 827 346 890 de
360 829 497 909 Loyola
512 830 720 913 Praeposito
733 833 901 898 Generali
915 833 1105 900 Societatis
1115 837 1211 920 Jesu,
1238 838 1384 907 Romae.

298 935 384 998 Alt'a
397 954 518 1000 manu.
563 940 638 1003 sine
653 957 758 1004 anno.
777 940 891 1021 Quad.
907 942 1077 1024 Methym.
1094 945 1204 1027 Junii.

731 1534 997 1621 OOXOVIII

292 1870 319 1929 F
320 1873 492 1932 ranciscus
505 1874 617 1950 Scipio

328 1967 421 2030 Patri
433 1971 563 2044 Ignatio
577 1974 618 2034 de
632 1974 772 2049 Loyola.

362 2067 529 2143 Ferraria,
547 2072 559 2130 l
573 2072 663 2146 Junii
675 2073 744 2134 1554
758 2075 778 2129 ¹.

809 2339 883 2403 IHS

297 2607 408 2669 Amor
424 2607 554 2672 Christi
568 2610 645 2673 Iesu
662 2611 697 2673 in
712 2610 840 2672 animis
855 2611 985 2673 nostris
1001 2611 1092 2674 insit.

297 2713 423 2778 Paucis
439 2725 471 2778 te
488 2719 675 2779 certiorem
696 2716 838 2794 faciam,
856 2717 971 2794 Pater,
994 2717 1117 2795 dehis,
1134 2736 1225 2798 quae
1241 2718 1296 2781 his
1311 2726 1464 2799 quatuor

234 2823 413 2887 mensibus
438 2825 639 2903 praeteritis
658 2823 770 2888 diuini
789 2826 942 2888 numinis
962 2842 1027 2904 ope
1046 2836 1147 2903 gesta
1169 2836 1266 2888 sunt:
1284 2843 1374 2905 quae
1389 2827 1461 2906 qui·

233 2930 325 3009 dem,
349 2931 378 2993 si
395 2931 644 3009 expectationi,
672 2949 779 3011 quam
801 2931 844 2994 de
866 2932 968 2994 nobis
994 2932 1200 3010 concepisti,
1228 2950 1298 2995 non
1318 2950 1461 3013 respon·

233 3037 360 3118 derint,
377 3038 544 3101 ascribito
560 3039 726 3115 ignauiae
738 3039 993 3119 socordiaeque
1008 3048 1163 3115 nostrae,
1177 3041 1236 3118 qui
1248 3056 1312 3119 pro
1327 3040 1463 3103 uiribus

234 3146 376 3222 nostris,
403 3146 629 3227 Reipublicae
650 3146 867 3210 christianae
887 3145 1002 3209 studio
1022 3164 1156 3226 paruos
1177 3147 1395 3226 suscepimus
1415 3148 1464 3208 la·

232 3253 348 3316 bores.
378 3252 528 3332 Verum,
559 3264 749 3335 utcumque
774 3271 812 3318 se
838 3254 967 3317 habeat
992 3271 1066 3332 reS,
1092 3255 1245 3334 primum
1271 3253 1462 3334 aggrediar

233 3360 387 3424 scribere
412 3361 455 3424 de
482 3362 534 3440 iis,
558 3379 648 3441 quae
672 3379 691 3423 a
717 3362 877 3442 patribus
896 3361 1034 3441 publice
1056 3370 1139 3424 sunt
1161 3371 1252 3439 acta,
1275 3361 1400 3425 deinde
1420 3361 1465 3424 de

232 3478 539 3533 sacramentorum
556 3468 766 3549 frequentia,
783 3478 856 3532 tum
871 3486 957 3532 vero
978 3468 1021 3532 de
1037 3469 1228 3532 iuuentutis
1244 3469 1464 3531 institutione

232 3584 267 3638 et
281 3575 476 3639 domestica
491 3584 632 3655 patrum
647 3584 681 3638 et
696 3575 845 3639 fratrum
862 3575 1127 3639 consuetudine.

292 3682 377 3746 Dux
391 3682 402 3714 ¹
417 3683 485 3747 hac
501 3682 775 3763 quadragesima
790 3683 891 3746 iussit
906 3683 1076 3747 accersiri
1090 3691 1228 3762 patrem
1249 3691 1409 3745 nostrum
1429 3690 1464 3744 et

233 3801 408 3853 rectorem
422 3788 446 3870 ³,
462 3806 611 3871 eumque
624 3790 799 3853 consuluit
813 3790 857 3853 de
868 3790 1028 3869 plurimis
1040 3790 1156 3868 rebuS,
1165 3805 1255 3869 quae
1268 3788 1312 3852 ad
1327 3789 1463 3852 institu-

233 3898 366 3961 tionem
380 3898 477 3962 uitae
491 3897 706 3961 christianae
721 3897 942 3977 spectabam,
966 3896 1154 3977 multisque
1176 3896 1294 3959 uerbis
1308 3898 1400 3960 ultro
1416 3897 1461 3959 ci·

232 4017 359 4086 troque
384 4004 532 4081 habitis,
558 4004 788 4086 praescripsit
815 4012 852 4066 ut
877 4003 1031 4083 primum
1056 4004 1194 4067 audiret
1223 4002 1468 4067 consessiones

233 4120 487 4190 matronarum,
505 4111 646 4192 quaein
664 4111 796 4192 palatio
812 4120 966 4190 manent;
983 4109 1108 4174 deinde
1122 4109 1224 4186 filiaS,
1241 4109 1464 4173 consessione

233 4217 367 4299 audita,
383 4219 592 4284 informaret
606 4217 651 4281 ad
666 4219 834 4299 pietatem
855 4226 890 4281 et
905 4235 1022 4282 mores
1043 4217 1267 4296 christianos;
1283 4227 1468 4297 postremo

274 4464 281 4496 ¹
312 4464 502 4520 autographae
512 4471 571 4508 aunt
582 4464 608 4508 in
618 4463 681 4507 solio
690 4462 794 4517 duplici,
805 4461 830 4506 in
841 4471 949 4516 quorum
959 4459 1042 4515 primo
1055 4465 1158 4504 tantum
1175 4459 1200 4502 in
1212 4469 1348 4514 supremae
1365 4458 1469 4513 primae·

233 4536 345 4591 paginae
357 4546 404 4581 orn
414 4542 454 4580 est
465 4548 489 4580 n.
500 4535 521 4588 6,
532 4536 575 4589 qui
586 4542 705 4579 recenter
713 4534 778 4578 satis
788 4533 921 4588 appositus
928 4531 1040 4576 videtur.

163 4617 166 4622 ·
272 4609 283 4642 ¹
311 4606 437 4652 Hercules
447 4609 478 4651 de
487 4607 560 4652 Este.

272 4680 284 4712 θ
311 4679 340 4725 Ρ.
351 4680 476 4733 Joaunem
487 4680 662 4725 Pelletarium·
