3210 5392
176 428 235 490 768
566 428 1026 497 Lmsnnnouanatunsrans

179 592 264 639 cum
284 574 417 654 labore,
439 574 605 655 quoniam
625 573 823 654 aethiopisa
842 583 920 638 erat
938 581 974 637 et
997 572 1061 637 vix
1085 571 1234 651 intelligi
1257 578 1375 653 poterat

180 692 290 764 atque
304 680 348 744 de
362 690 468 744 nocte
482 696 625 744 sacrum
645 676 848 744 chrismatis
867 682 982 744 oleum
1003 696 1047 743 eo
1068 676 1287 742 afferendum
1303 693 1379 740 cura·

184 789 251 865 uit,
269 804 381 868 eoque
395 788 575 850 seruulam
588 787 703 866 unxit,
718 797 754 851 et
768 786 930 850 dominos
942 785 1056 868 ipsius
1069 786 1204 850 acriter
1224 782 1380 866 reprehen-

179 896 234 959 dit
249 893 343 976 quod
358 894 393 957 in
409 893 502 956 illius
516 893 656 956 animae
671 894 785 957 salute
799 904 873 957 tam
890 893 1115 973 negligentes
1126 892 1287 971 fuissent3
1297 905 1381 973 quare

183 1013 224 1066 vt
238 1002 274 1066 id
289 1010 476 1081 peccatum
490 999 743 1064 confiterentur
757 1000 951 1064 admonuit.

245 1106 418 1172 Omnibus
432 1106 469 1170 in
488 1106 588 1186 locis,
614 1107 650 1169 in
675 1106 802 1188 quibus
826 1106 935 1188 aliqui
960 1106 1165 1170 chrismatis
1191 1109 1383 1170 sacramento

180 1215 427 1292 initiabantur,
444 1223 505 1277 aut
520 1213 798 1277 concionabatur
812 1212 918 1277 Pater
933 1212 1145 1294 Episcopus,
1166 1222 1228 1277 aut
1245 1210 1384 1277 derebus

186 1321 317 1386 diuinis
331 1322 434 1402 quasi
447 1319 669 1384 familiariter
684 1320 794 1384 verba
813 1319 979 1399 faciebat,
1000 1318 1106 1401 idque
1127 1330 1238 1384 noctu
1256 1329 1384 1383 nonnun-

182 1444 311 1509 quam;
338 1443 404 1491 nec
429 1434 511 1490 ante
536 1427 654 1490 cibum
678 1426 842 1506 capiebat
867 1443 975 1506 quam
1003 1427 1125 1491 omnia
1148 1425 1382 1508 perficerentur.

186 1534 378 1598 Praeterea
394 1531 549 1614 quotidie
563 1533 693 1597 missae
708 1548 850 1596 sacrum
864 1532 1030 1597 iaciebat.
1052 1531 1205 1612 Quando
1228 1550 1272 1597 ex
1286 1530 1384 1594 itinere

187 1656 302 1721 pagos
330 1649 392 1703 aut
419 1640 553 1721 aliquot
579 1640 818 1719 agricolarum
843 1656 948 1704 casas
972 1639 1227 1721 conspiciebat,
1252 1630 1385 1721 quamuis

188 1747 445 1829 aliquantulum
459 1763 480 1809 a
495 1746 555 1810 via
570 1753 727 1810 remotae
742 1755 872 1825 essent,
888 1744 934 1810 ad
948 1746 1087 1810 incolas
1101 1747 1243 1812 illorum
1257 1748 1383 1810 locorum

184 1854 430 1919 admonendos
450 1852 648 1917 diuertebat
667 1869 799 1934 eosque
819 1869 951 1933 magna
966 1870 1069 1933 uoce,
1095 1864 1137 1918 vt
1161 1854 1251 1918 bene
1272 1843 1384 1916 exaudi·

188 1972 298 2042 retur,
317 1961 528 2025 hortabatur
546 1970 585 2024 vt
604 1960 642 2024 in
658 1961 827 2041 templum
850 1960 897 2024 ad
921 1961 1127 2025 chrismatis
1147 1959 1386 2025 Sacramentum

186 2068 433 2148 conuenirent,
449 2068 735 2148 Episcopumque
748 2066 825 2130 eius
837 2067 890 2130 rei
902 2083 1011 2130 causa
1024 2067 1152 2131 adesse
1164 2062 1385 2131 dicebatcnu

188 2176 285 2240 iniis
301 2175 464 2240 omnibus
477 2174 551 2238 iere
566 2173 654 2238 locis
668 2175 862 2255 permultos
876 2190 963 2254 erga
978 2190 1124 2238 suorum
1144 2175 1335 2239 animorum
1348 2182 1386 2230 sa·

190 2285 298 2346 lutern
313 2282 503 2346 admodum
518 2282 739 2361 negligentes
752 2280 901 2359 uideret,
918 2281 970 2344 eis
991 2281 1223 2346 vehementer
1247 2276 1388 2345 suadebat

191 2399 231 2454 vt
246 2390 354 2453 totius
368 2390 463 2453 uitae
477 2397 626 2470 peccata
641 2387 827 2473 diligenter
842 2387 1113 2468 confiterentur;
1135 2386 1242 2469 idque
1260 2404 1323 2469 quo
1339 2398 1390 2447 ne·

191 2497 259 2560 lius
273 2495 392 2559 facere
406 2504 562 2576 possent,
579 2494 734 2559 Eboram
748 2494 793 2558 ad
807 2503 968 2559 nostrum
982 2494 1174 2575 collegium
1186 2493 1347 2559 venirent.
1357 2488 1389 2559 is,

189 2603 236 2666 de
249 2602 369 2666 multis
384 2601 623 2666 conscientiae
637 2600 780 2665 casibus
793 2608 953 2680 rogatus,
971 2600 1149 2665 adomnia
1160 2600 1265 2665 facile
1276 2610 1392 2680 respon·

191 2710 315 2788 debat;
339 2725 511 2789 persaepe
533 2716 651 2772 autem
669 2705 871 2787 discedens,
892 2724 973 2771 cum
1000 2707 1127 2771 iamin
1146 2709 1281 2772 mulum
1296 2716 1392 2770 ascen·

191 2815 276 2880 dete
291 2816 409 2895 vellet,
425 2814 643 2896 profectione
658 2813 872 2892 intermissa,
888 2831 1013 2877 rursus
1035 2831 1074 2877 se
1088 2814 1126 2878 in
1146 2815 1312 2895 templum
1324 2805 1392 2876 chri·

191 2923 315 2986 smatis
329 2922 447 3001 gratia
463 2920 677 2984 conferebat.
700 2919 792 2999 Quin
812 2921 919 2984 etiarn
935 2921 1088 3001 quodam
1105 2921 1174 2997 die,
1197 2937 1278 2985 curn
1291 2921 1353 2983 iam
1367 2913 1392 2975 in

192 3033 348 3093 iumento
365 3028 503 3092 sederet
520 3028 655 3107 iterque
669 3026 787 3090 facere
802 3028 989 3107 coepisset,
1005 3028 1066 3092 vbi
1081 3029 1253 3108 cognouit
1273 3033 1393 3108 puerum

191 3137 379 3216 quemdam
395 3136 587 3198 chrismate
600 3135 777 3197 initiatum
792 3152 864 3201 non
879 3152 968 3211 esse,
985 3152 1030 3198 ne
1046 3152 1134 3215 puer
1144 3137 1197 3199 ita
1211 3137 1394 3215 relinquere·

192 3257 260 3321 tur,
277 3244 396 3306 statim
411 3261 456 3305 ex
471 3242 565 3304 mulo
581 3241 774 3304 descendit.
791 3240 941 3320 Quando
957 3243 1063 3305 alicui
1084 3243 1216 3323 oppido
1238 3235 1396 3324 appropin-

190 3352 334 3430 quabat,
351 3359 389 3411 vt
406 3350 502 3410 solus
516 3348 640 3410 vrbem
656 3347 795 3425 ingredi
810 3357 941 3427 posset,
959 3349 1106 3412 comites
1121 3349 1339 3430 properando
1350 3355 1396 3406 an·

192 3457 355 3518 tecedere
367 3455 515 3516 solebat.

251 3561 379 3624 Postea
401 3561 529 3624 missus
551 3571 604 3624 est
625 3562 731 3625 homo
750 3560 892 3643 quidam
912 3581 933 3625 a
952 3562 1116 3642 Principe
1139 3563 1327 3640 Cardinali,
1341 3551 1394 3639 qui,

193 3669 289 3730 velut
304 3670 511 3730 antecursor
531 3665 629 3730 Patri
648 3667 825 3748 Episcopo
845 3668 1074 3748 praecedens
1099 3669 1131 3732 ei
1146 3670 1300 3750 hospitia
1318 3675 1395 3749 pari·

192 3783 259 3855 1·et;
272 3773 365 3854 quod
377 3773 482 3837 Pater
494 3773 691 3854 Episcopus
703 3775 888 3855 suspicans
899 3774 1032 3839 homini
1044 3775 1133 3839 dixit
1145 3777 1240 3840 scire
1252 3796 1290 3840 se
1303 3780 1396 3856 quam·

192 3883 316 3944 obrem
331 3881 406 3959 ipse
429 3879 669 3959 praecederet;
685 3881 715 3943 si
730 3880 794 3943 sibi
806 3892 948 3960 gratum
961 3881 1078 3945 iacere
1089 3885 1209 3961 vellet,
1223 3884 1259 3947 in
1269 3873 1395 3946 xenodo·

193 3988 285 4051 chiis
305 3986 499 4065 hospitium
515 3997 668 4066 pararet,
686 3989 883 4068 populoque
897 3990 1122 4052 renunciaret
1137 4001 1188 4068 vt,
1211 3991 1242 4054 si
1261 3991 1317 4073 qui
1329 3976 1396 4049 chri·

193 4094 318 4157 smatis
334 4103 558 4156 sacramento
573 4094 700 4157 initiati
715 4113 785 4158 non
801 4106 930 4174 essent,
946 4096 983 4158 in
996 4098 1166 4176 templum
1179 4087 1392 4162 conuenirent

195 4203 264 4264 hoc
280 4201 346 4263 sibi
361 4200 500 4279 gratius
514 4200 590 4264 fieri
604 4202 690 4264 nihil
705 4219 820 4282 posse;
838 4203 892 4266 sin
904 4220 991 4266 vero
1004 4202 1097 4266 aliud
1109 4205 1291 4287 quippiam
1304 4203 1394 4266 facete

194 4311 313 4371 iussus
328 4316 432 4386 esset,
457 4308 599 4373 domum
615 4309 756 4389 rediret,
778 4310 946 4390 quoniam
967 4328 1076 4391 opera
1097 4314 1175 4376 eius
1195 4330 1267 4377 non
1285 4307 1393 4391 egebit·

194 4415 231 4480 Si
247 4416 325 4495 quis
340 4415 431 4478 sorte
446 4415 625 4479 hominem
639 4417 736 4481 illurn
752 4415 867 4481 Patris
882 4417 1049 4499 Episcopi
1064 4435 1143 4483 esse
1158 4420 1353 4484 existimans
1361 4409 1394 4472 ita

194 4523 334 4584 dicebat
358 4521 457 4584 “tuus
480 4523 598 4602 homo,
622 4523 774 4588 Domine
793 4524 980 4604 Episcope,
1007 4526 1052 4589 ad
1074 4544 1140 4590 nos
1163 4527 1310 4591 accessit
1327 4519 1394 4585 etit
1440 4597 1445 4602 ·

192 4629 264 4691 huc
279 4628 481 4692 veniremus
497 4630 709 4711 admonuit„
724 4631 842 4695 statim
855 4630 959 4695 Pater
971 4632 1170 4714 Eplscopus
1186 4631 1392 4714 interpellans,
