3210 5392
249 119 304 183 560
626 121 797 179 errsnan
815 136 1086 188 Quaoatussrass

252 270 364 331 tribus
378 267 566 346 Cingulum
584 265 591 296 ¹
609 265 714 345 (quod
736 265 902 345 oppidum
921 276 974 327 est
996 246 1195 343 Marchiae,
1219 265 1355 328 decimo
1375 261 1519 329 sexto

252 375 387 437 distans
404 394 424 436 a
439 374 541 437 nobis
556 373 709 448 milliari)
727 384 806 435 sunt
822 373 982 452 profecti,
999 373 1059 436 vbi
1074 390 1138 452 per
1152 391 1280 435 nouem
1294 370 1532 436 continuo}

251 483 326 544 dies
341 483 582 560 concionibus,
600 480 906 543 adhortationibus
918 490 952 541 et
964 479 1245 542 confessionibus
1256 490 1369 542 totum
1380 481 1470 543 illtl
1483 476 1541 528 m

251 590 416 669 populum
432 600 465 651 et
481 589 685 650 adiacentes
701 588 803 649 villas
818 588 863 649 ad
878 585 946 649 Dei
959 590 1091 648 cultum
1103 586 1317 649 excitarunt.

310 695 349 758 In
364 695 480 759 reditu
495 713 592 773 vero,
610 712 672 773 per
692 695 860 774 oppidum
880 694 1019 756 nomine
1041 692 1273 756 Monticulum
1299 692 1311 722 '
1331 693 1397 756 iter
1416 693 1483 754 12
1496 692 1556 740 δ’

252 803 414 866 buerunt:
431 802 563 864 detenti
577 819 664 864 vero
681 802 724 863 ab
741 802 865 863 amicis
887 799 1091 878 Societatis,
1113 800 1305 863 iubilaeum
1326 800 1481 880 publir:
1498 800 1565 847 ὃ·

251 919 333 972 runt
358 920 392 972 et
415 910 495 972 aliis
520 908 671 988 publicis
695 908 925 971 concionibus
946 917 980 969 et
1002 907 1151 987 priuatis
1172 902 1573 969 adhortationibus

249 1016 296 1079 ad
311 1015 567 1078 confessionem
583 1025 616 1077 et
631 1017 720 1077 bene
735 1015 879 1077 uiuendi
894 1014 1069 1085 rationem
1083 1014 1311 1077 induxerunt.

308 1121 493 1185 Tredceim
509 1123 616 1202 igitur
632 1132 692 1184 aut
708 1121 976 1201 quatuordecim
991 1119 1127 1183 dierum
1142 1120 1258 1200 spatio
1273 1129 1411 1183 tantam
1421 1119 1583 1182 132¹·

249 1230 398 1291 buerunt
424 1239 629 1291 sanctarum
656 1228 924 1308 occupationun
951 1226 1221 1303 multitudinem,
1249 1236 1287 1290 vt
1308 1223 1519 1307 vixqui'..
1530 1227 1586 1273 C·

247 1353 355 1415 quam
381 1336 549 1415 temporis
569 1335 637 1397 illis
657 1345 875 1414 superesset,
903 1333 997 1414 quod
1023 1334 1187 1413 corporis
1206 1334 1588 1397 necessitantur-³⁵·

249 1452 392 1520 possent
414 1442 599 1521 impartiri.

308 1548 445 1613 Crescit
462 1550 568 1628 igitur
588 1549 623 1611 in
645 1549 731 1626 dieS,
756 1548 833 1611 R.de
848 1550 883 1610 in
901 1547 1043 1611 Christo
1063 1547 1119 1625 Ρ.,
1140 1564 1203 1626 per
1226 1565 1292 1610 nos
1312 1548 1585 1629 indigne-DS

248 1655 338 1718 filios
352 1665 431 1719 tuos
447 1659 562 1718 cultus
576 1657 728 1736 pietatis
753 1665 902 1735 augetur
923 1655 1037 1734 gloria
1058 1654 1201 1718 diuinae
1222 1655 1421 1719 maiestatis
1438 1647 1581 1717 :3¹1

247 1762 413 1824 membris
429 1763 513 1840 suis
530 1763 767 1842 dilataturque
789 1780 915 1824 nomen
938 1761 1126 1825 Societatis
1145 1760 1190 1824 ad
1209 1762 1384 1825 maiorem
1403 1764 1577 1842 gl-<J

246 1869 336 1930 riam
351 1877 385 1931 et
400 1869 540 1932 laudem
555 1869 668 1932 nostri
685 1869 875 1944 Creatoris,
893 1869 950 1930 cui
964 1886 1029 1931 nos
1040 1867 1260 1942 deuouimus,
1275 1869 1378 1932 cuius
1392 1868 1572 1931 vir-³³

250 1975 407 2038 membra
430 1993 508 2038 esse
529 1976 700 2055 cupimus.
728 1976 772 2039 Et
797 1976 880 2055 quia
905 1985 1039 2037 tantam
1068 1975 1224 2053 gratiam
1249 1993 1270 2037 a
1296 1974 1374 2039 Deo
1393 1974 1566 2055 opt·

247 2080 341 2143 Max.
358 2100 423 2144 nos
438 2081 542 2145 facile
557 2081 809 2163 impetraturos
825 2082 1033 2145 confidimus
1054 2081 1273 2145 orationibus
1293 2081 1336 2145 R.
1358 2080 1397 2144 P.
1419 2077 1559 2152 [‘'’-‚

247 2187 369 2250 humili
384 2188 512 2251 affectu
531 2189 757 2268 exposcimus
779 2200 816 2251 vt
837 2199 949 2251 totum
971 2189 1039 2251 hoc
1059 2188 1249 2267 collegium
1267 2188 1555 2270 frequenth-

246 2293 333 2356 sime
349 2294 473 2357 offerat
493 2295 570 2357 Deo
591 2294 631 2357 R.
647 2294 688 2357 T.
712 2294 763 2370 Ρ.,
785 2305 823 2357 vt
843 2294 986 2358 tandem
1004 2294 1209 2374 aliquand0,
1236 2295 1334 2357 omui
1352 2304 1549 2375 tepore

245 2400 402 2480 depulso,
420 2402 677 2465 ardentissimis
692 2402 818 2465 animis
834 2399 911 2464 Deo
922 2400 1168 2480 gratissimum
1179 2401 1361 2466 seruitutis
1375 2402 1447 2467 obs
1457 2413 1540 2459 e·

244 2508 364 2586 quium
381 2510 637 2587 persoluamus.
654 2507 757 2571 Vale.

305 2614 359 2677 Ex
373 2617 466 2677 alma
482 2614 587 2677 domo
604 2615 818 2692 Lauretana,
835 2617 855 2676 5
870 2614 1007 2677 calend.
1024 2613 1240 2693 Septembris
1258 2613 1348 2681 1555.

306 2720 345 2785 R.
363 2721 399 2784 P.
418 2721 457 2800 T,
475 2720 742 2799 indignissimus
760 2721 850 2784 lilius
866 2739 908 2783 ac
924 2739 1048 2784 seruus
1064 2722 1098 2783 in
1114 2719 1281 2800 Domino,

1027 2933 1202 2996 Raenaiic
1225 2933 1350 2997 Rrssart.

304 3253 570 3335 superscriptio
595 3257 633 3317 r'n
655 3262 786 3334 quarta
808 3257 964 3335 pagina:
989 3255 1077 3319 IHS.
1103 3254 1269 3319 MARlA.
1300 3254 1343 3318 Al
1362 3255 1426 3318 mol
1438 3248 1547 3306 10

243 3358 325 3421 Rd0.
342 3361 377 3422 in
393 3360 501 3423 Giesu
518 3361 610 3441 Xpo.
628 3361 665 3425 P.
683 3363 705 3423 il
719 3361 756 3424 P.
770 3363 834 3424 M.⁰
850 3363 986 3440 ignatio
999 3362 1042 3424 de
1054 3361 1202 3442 Loyola,
1217 3361 1427 3442 Prepositog
1458 3359 1530 3404 ⁶
1540 3365 1549 3375 ‘

241 3467 447 3530 neraldella
464 3468 685 3548 Compagnia
702 3469 737 3531 di
752 3467 892 3531 Giesus

301 3573 339 3637 lu
355 3574 479 3638 Roma.

301 3681 386 3743 Alia
401 3699 526 3744 manu:
545 3682 631 3744 1555.
649 3681 702 3745 De
717 3683 859 3746 Loreto.
876 3682 1022 3762 Quadri.
1039 3683 1136 3762 Sept.

242 3860 453 3870 ——-.——.-

283 3964 290 3990 ¹
321 3959 420 4012 Cingoll
434 3963 475 4003 vel
487 3960 604 4014 Cingulo.

280 4031 291 4060 ¹
319 4031 472 4077 Montcchio.
