3210 5392
625 461 628 469 '
721 465 785 524 Au.
808 465 877 526 1555
1358 468 1410 525 751

241 607 402 688 Quinque
418 610 452 672 in
467 607 679 673 Societatem
696 611 829 690 recepti
852 620 945 688 sunt,
969 611 1061 674 inter
1076 628 1164 691 quos
1179 610 1244 673 fuit
1266 610 1412 691 quidam

180 716 365 796 Vtriusque
390 716 477 780 iuris
502 718 712 795 licentiatuS,
738 716 833 796 quod
857 717 996 796 publice
1017 717 1054 780 in
1078 717 1145 780 hac
1171 715 1411 781 Uniuersitate

180 821 424 903 profitebatur,
440 833 614 903 natusque
629 832 682 886 est
697 824 905 887 vicesimum
919 825 1080 903 quintum
1095 839 1242 903 annum,
1267 824 1412 904 ingenio

179 931 329 1010 pollens.
347 929 487 993 Caeteri
502 947 588 993 uero
603 942 685 994 sunt
700 932 826 994 litteris
842 941 876 995 et
891 931 1080 994 virtutibus
1096 932 1181 1011 apti.

243 1035 447 1100 Canonicus
461 1037 604 1117 quidam
620 1038 724 1100 huius
738 1038 894 1100 ciuitatis
909 1037 1151 1118 spiritualibus
1163 1038 1342 1101 exercitiis
1354 1057 1412 1100 ex·

183 1144 302 1205 cultus
316 1154 380 1221 est,
403 1144 463 1223 qui
484 1160 652 1222 magnam
673 1144 717 1207 de
738 1161 777 1207 se
799 1143 1080 1207 aedificationem
1099 1146 1228 1224 populo
1252 1144 1411 1223 praebet,

158 1287 162 1297 ·
180 1259 216 1313 et
231 1247 401 1313 Societati
417 1250 534 1314 vtilior
550 1253 658 1314 multo
675 1251 760 1314 ioris
774 1259 827 1314 est
842 1252 991 1331 quamsi
1006 1251 1099 1314 domi
1114 1262 1285 1314 maneret.

245 1355 344 1418 Haec
360 1356 468 1436 igitur
482 1366 574 1435 sunt,
591 1356 697 1420 Pater
711 1366 834 1421 noster
849 1358 1075 1434 charissime,
1093 1358 1234 1438 quaein
1249 1375 1411 1438 praesen·

182 1463 314 1525 tiarum
333 1462 378 1525 ad
399 1475 433 1526 te
456 1464 644 1528 scribenda
666 1481 744 1527 sese
764 1463 927 1526 offerunt.
951 1462 1088 1528 Obnixe
1104 1465 1254 1544 petimus
1278 1473 1317 1527 ut
1343 1465 1414 1527 tuis

183 1569 403 1633 orationibus
414 1587 521 1650 quam
532 1569 899 1634 commendatissimos
911 1587 993 1633 cum
1006 1569 1169 1633 Patribus
1184 1588 1227 1633 ac
1242 1569 1414 1633 fratribus

182 1675 290 1739 isthic
304 1674 512 1755 degentibus
531 1695 596 1740 nos
616 1677 748 1740 habere
762 1677 863 1754 velis,
887 1686 926 1738 vt
944 1675 1041 1740 Deus
1063 1676 1215 1757 optimus
1234 1677 1414 1740 maximus

184 1782 287 1845 nobis
301 1783 455 1860 gratiam
475 1784 659 1862 largiatur,
681 1800 750 1863 qua
765 1800 867 1846 suam
887 1782 1106 1846 voluntatem
1122 1800 1262 1863 semper
1283 1783 1413 1846 sentia-

185 1905 265 1951 mus
280 1889 510 1969 eamdemque
529 1899 655 1952 exacte
671 1888 905 1970 perficiamus
971 1880 974 1884 ’

247 1993 418 2072 Granata,
435 1996 548 2075 pridie
563 1995 740 2059 Calendas
753 1995 927 2078 januarii,
941 1995 1046 2058 Anno
1058 1995 1201 2059 Domini
1216 1997 1292 2060 nati
1304 1997 1413 2059 mille·

186 2103 277 2166 simo
292 2101 573 2182 quingentesimo
589 2102 881 2182 quinquagesimo
898 2111 1012 2165 sexto.

307 2206 404 2272 Tuae
419 2207 647 2271 Paternitatis

348 2315 514 2378 minimus
529 2315 565 2377 in
579 2315 733 2379 Domino
748 2314 851 2392 filiuS,

249 2422 304 2484 Ex
318 2422 568 2484 commissione
583 2420 698 2485 Patris
714 2421 827 2484 nostri
842 2419 980 2497 Basilii,

985 2633 1213 2706 †Nnununo.
1235 2637 1257 2708 †

250 2954 516 3037 superscriptio
530 2954 569 3016 in
584 2961 715 3034 quarta
725 2955 883 3035 pagina:
894 2953 982 3036 jhs,
995 2951 1041 3016 m
1056 2968 1140 3032 muy
1155 2949 1233 3013 R.‘¹⁰
1251 2969 1295 3014 en
1307 2950 1414 3015 Chro.

185 3064 243 3128 P.e
259 3075 405 3127 nuestro
421 3066 452 3126 el
467 3063 523 3127 P.e
539 3063 604 3126 M.⁰
618 3060 767 3141 Ignati0,
784 3060 967 3140 Preposito
982 3060 1128 3139 general
1149 3057 1191 3120 de
1211 3059 1246 3119 la
1260 3056 1404 3138 Comp.a

186 3172 232 3234 de
247 3170 327 3250 ihs,
345 3188 387 3234 en
403 3169 528 3254 Roma.

248 3278 302 3340 En
317 3276 443 3340 Roma.

249 3383 333 3446 Alia
345 3400 469 3446 manu:
484 3382 571 3447 1556.
586 3381 757 3446 Granata.
772 3381 1058 3462 Quadrimestres
1070 3376 1415 3441 vltimiDecembriS.

261 3490 460 3569 Vestigium
474 3507 575 3552 cerae
589 3487 719 3567 sigilli.
