3240 5386
507 98 961 166 Lirnanaaouaomuasnaas

596 776 873 860 ocoxovll

205 1121 351 1194 Joannes
365 1120 532 1181 Antonios
548 1122 738 1193 viperanus

243 1220 333 1277 Patri
346 1220 475 1293 Ignatio
492 1220 534 1279 de
551 1220 691 1293 Loyola.

279 1316 427 1388 Petusio,
443 1318 478 1376 10
490 1319 580 1391 lunii
595 1318 699 1377 15551.

698 1551 773 1670 nis

177 1848 230 1912 La
254 1867 342 1930 pace
363 1860 397 1912 et
417 1849 535 1928 gratia
559 1847 616 1911 del
641 1857 764 1911 nostro
788 1844 941 1927 Signore
962 1846 1017 1911 sia
1035 1864 1179 1929 sempre
1193 1866 1260 1913 con
1270 1648 1580 1915 noilfst
1598 1879 1604 1884 0

115 1954 243 2019 Amen.
1408 1922 1516 2075 if„
1618 2001 1620 2008 ,

176 2062 243 2126 Per
254 2080 324 2126 non
335 2078 503 2125 mancare
515 2061 549 2124 al
561 2070 685 2123 nostro
698 2058 813 2123 officio
822 2060 859 2123 di
869 2059 1226 2139 scriuere,scriuemo
1235 2040 1406 2143 quelle?
1465 2050 1532 2141 f

114 2187 211 2247 cose,
229 2172 260 2234 le
276 2170 371 2251 quali
395 2185 539 2248 sapemo
557 2166 614 2230 ch’
632 2168 745 2230 anche
759 2166 806 2230 V.
823 2164 862 2229 P.
878 2168 912 2229 le
936 2166 1062 2249 sappia
1080 2164 1104 2231 ⁹.
1127 2166 1266 2233 Perche
1277 2169 1342 2233 uit
1369 2122 1560 2291 qd

116 2277 302 2341 manifesto
322 2275 346 2338 li
361 2274 551 2345 sacerdoti.
568 2274 624 2337 ch’
642 2273 679 2336 in
694 2283 818 2354 questo
840 2272 975 2353 luogho
994 2290 1096 2351 sono,
1116 2290 1241 2340 essere
1260 2292 1342 2341 sem·
1482 2313 1516 2352 a
1559 2340 1620 2378 ⁴

115 2400 179 2465 pre
208 2381 372 2461 occupati
401 2382 437 2444 in
467 2380 671 2443 confessore
697 2391 732 2444 et
761 2380 1000 2444 comunicare.
1026 2380 1041 2445 Ι
1068 2380 1168 2461 quali
1196 2382 1345 2447 uisitano
1399 2346 1549 2499 ⁰55

115 2507 237 2571 spesse
262 2489 356 2552 uolte
380 2488 428 2568 gl'
455 2486 595 2550 infermi
614 2496 649 2550 et
670 2486 856 2564 carcerati,
884 2495 920 2551 et
943 2488 1137 2551 consolano
1162 2490 1215 2569 gl'
1235 2488 1348 2555 afflitti
1408 2468 1438 2523 ¹
1512 2527 1545 2564 e

114 2608 248 2679 quanto
274 2611 439 2676 possono.
466 2592 514 2657 Di
539 2594 599 2673 pii1
626 2594 649 2656 il
673 2610 822 2656 numero
837 2594 872 2657 di
887 2594 993 2674 quelli
1013 2592 1071 2659 chi
1087 2594 1119 2657 si
1133 2594 1348 2663 confesaano
1416 2564 1562 2707 σα

114 2721 238 2785 spesso
253 2713 286 2766 et
300 2700 555 2775 comunicaosi‚
572 2700 657 2779 ogni
670 2700 799 2779 giorno
813 2717 946 2764 cresce.
959 2697 995 2763 S'
1007 2700 1159 2781 insegna
1171 2702 1235 2769 alli
1246 2704 1348 2769 sello-
1425 2694 1455 2717 ‘

114 2812 181 2875 lari
196 2829 215 2873 e
231 2812 310 2873 altri
327 2809 382 2871 chi
399 2810 600 2887 uenghono,
618 2808 651 2869 la
668 2806 824 2871 dottrina
838 2807 1048 2871 christiana.
1493 2840 1547 2921 ί

175 2917 258 2979 Etsi
270 2916 413 2995 predico
426 2916 516 2977 nelle
528 2913 736 2978 domeniche
751 2932 771 2977 e
786 2913 875 2977 feste
889 2913 926 2978 in
940 2924 1064 2978 nostra
1079 2913 1239 2981 chiesae
1254 2916 1293 2983 in
1304 2920 1351 2981 al·
1439 2902 1569 3041 ’ᾗ

116 3025 160 3086 tri
176 3023 296 3101 luoghi
312 3040 382 3085 non
398 3040 466 3084 con
481 3039 597 3101 puoco
612 3022 734 3084 fruito.
753 3021 812 3084 Ma
827 3032 916 3084 tutte
931 3029 1053 3101 queste
1066 3036 1166 3101 cose,
1183 3031 1220 3087 et
1236 3024 1351 3089 anche

115 3132 175 3211 pili
190 3131 225 3194 di
241 3141 364 3210 queste
380 3148 442 3209 per
458 3131 547 3192 altre
563 3131 666 3192 lettre
686 3129 721 3191 ui
736 3146 824 3191 sono
839 3138 931 3191 state
945 3128 1077 3191 scritte.

178 3238 269 3300 Delli
284 3236 389 3298 studii
405 3254 520 3316 puoco
535 3235 581 3298 ho
597 3254 618 3297 a
641 3235 728 3299 dire.
751 3233 887 3298 Perche
907 3234 931 3297 li
950 3234 1055 3297 studii
1076 3234 1271 3303 domestici
1291 3257 1354 3322 pet

117 3347 149 3407 la
165 3346 282 3423 gratia
295 3342 330 3405 di
345 3341 415 3405 Dio
432 3361 549 3405 uanno
565 3343 665 3405 bene.
683 3341 729 3405 Li
748 3340 903 3405 scholari
927 3341 1122 3404 fuoristieri
1143 3360 1239 3409 sono
1258 3344 1355 3427 130,i

116 3452 211 3530 quali
227 3461 325 3512 tanto
340 3451 430 3512 nelle
447 3452 571 3512 lettere
585 3465 686 3511 come
701 3449 783 3512 nelli
799 3447 906 3511 buoni
921 3446 1070 3510 costumi
1086 3447 1201 3515 fanno
1215 3454 1357 3531 grande

116 3557 237 3620 frutto.

177 3662 310 3742 Questo
331 3664 523 3724 carnanale
543 3673 689 3740 passato
715 3663 895 3726 recitorno
925 3678 973 3725 un
1005 3660 1150 3741 dialogo
1177 3676 1312 3733 contro
1336 3668 1360 3733 li

117 3769 255 3849 peccati
275 3770 331 3830 ch’
351 3770 385 3830 in
410 3770 489 3847 quel
517 3778 635 3847 tempo
662 3768 693 3830 si
720 3778 973 3844 commettono‚
996 3776 1032 3830 et
1051 3768 1074 3829 l'
1096 3770 1195 3835 altro
1215 3776 1360 3853 giorno,

118 3877 213 3938 uersi
228 3885 261 3937 et
277 3875 432 3937 orationi
450 3874 591 3936 innanzi
604 3875 627 3935 ll
641 3874 850 3951 l'lcelegato
866 3884 900 3937 et
916 3874 998 3936 altri
1015 3874 1138 3939 nobili:
1153 3876 1248 3945 dalll
1262 3884 1362 3965 quali

117 3998 206 4042 sono
223 3982 305 4042 stati
321 3980 429 4042 lodati
446 3981 468 4041 li
483 3982 571 4059 puni
588 3996 621 4043 et
639 3982 661 4044 il
678 3992 799 4043 nostro
813 3978 916 4044 modo
927 3978 963 4043 di
974 3980 1097 4045 uiuere
1107 3992 1144 4045 et
1158 3984 1363 4070 insegnare

115 4089 163 4163 gl'
187 4088 280 4149 :llo-i.

160 4258 166 4285 ¹
198 4256 385 4310 ,lulliarlplue
397 4258 492 4309 dulillo
504 4258 574 4301 t'olm.
586 4260 667 4311 primo
679 4268 703 4299 n.
714 4258 748 4303 5⁸.
761 4260 845 4299 ..locro
855 4268 904 4300 non
914 4264 1059 4301 numerato.

158 4326 169 4355 ¹
197 4326 281 4369 Primo
293 4340 400 4381 scripsci
408 4338 433 4370 nt
449 4328 596 4381 l'ipcranus
607 4330 653 4371 clu·
665 4330 749 4372 anche
761 4340 800 4371 toi
811 4329 837 4371 le
844 4332 980 4384 supplete.
