3240 5386
187 408 239 466 176
570 410 741 470 errnnxs
761 425 1033 478 ouxnmur-:sraus

185 554 301 616 stiano
316 571 387 616 non
402 555 535 634 loquor,
563 573 670 636 quum
691 557 853 635 elinguis,
874 557 1011 634 balbus,
1028 555 1155 635 infans,
1173 565 1208 619 et
1223 558 1329 637 plane
1344 575 1421 621 mu·

186 668 242 722 tus
257 660 292 722 in
304 660 372 723 hac
387 677 438 739 re,
455 669 493 724 ut
508 662 544 724 in
568 663 730 739 caeteris
748 662 922 726 videatur.
945 662 1134 726 Praeterea
1153 662 1200 726 D.
1220 662 1421 744 Episcopus

186 784 242 829 me
266 765 273 798 ¹
296 766 439 830 adhibet
460 768 496 830 in
517 768 714 846 consilium,
737 768 895 850 praeficit
917 786 973 832 me
999 768 1192 831 lustrandis
1206 769 1370 832 ecclesiis
1384 779 1421 832 et

185 873 421 937 reformandis
446 875 644 940 coenobiis.
675 876 813 939 Vellem
839 877 906 939 hoc
932 875 1146 954 consequia
1171 874 1354 955 Patribus,
1379 887 1417 939 ut

186 980 400 1043 fructuosius
423 981 567 1045 vineam
599 981 742 1046 Domini
776 984 991 1059 excolerem,
1022 997 1215 1062 progressu
1244 983 1420 1062 temporis

185 1086 276 1149 mitti
290 1087 443 1167 aliquem
458 1088 690 1165 sacerdotem,
714 1089 774 1169 qui
795 1089 988 1152 liberaliter
1008 1097 1042 1151 et
1063 1087 1236 1152 foeliciter
1260 1088 1320 1152 illo
1336 1106 1420 1153 con·

185 1192 380 1256 sessionum
399 1210 543 1256 munere
564 1194 788 1274 iungeretur.
814 1194 893 1258 Hac
914 1195 1051 1257 ratione
1075 1210 1217 1275 possem
1242 1195 1420 1260 sustinere

186 1300 388 1379 opinionem
402 1298 446 1363 de
461 1318 517 1363 me
532 1302 747 1365 concitatam
765 1301 859 1381 apud
879 1300 924 1364 D.
945 1301 1160 1381 Episcopum
1181 1311 1216 1364 et
1234 1301 1421 1366 honestius

186 1423 314 1469 munus
329 1406 565 1471 concionandi
576 1408 763 1485 subirem,

246 1512 285 1576 In
299 1513 369 1577 hac
383 1515 592 1578 lustratione
607 1514 812 1577 dioeceseos
827 1515 950 1577 habuit
971 1515 983 1548 ¹
999 1524 1070 1577 tres
1092 1525 1153 1577 aut
1169 1524 1322 1594 quatuor
1337 1531 1420 1579 con-

187 1619 307 1682 ciones
322 1620 358 1682 in
372 1619 419 1683 D.
433 1620 601 1701 Episcopi
616 1632 821 1700 conspectu,
838 1622 994 1684 maxima
1009 1620 1191 1684 hominum
1206 1620 1418 1702 frequentia,

186 1726 314 1805 quibus
329 1726 418 1790 adeo
437 1728 638 1804 commouit,
662 1738 736 1790 tum
756 1738 929 1806 caeteros,
947 1738 1020 1791 tum
1035 1727 1260 1808 Episcopum,
1278 1737 1317 1792 ut
1339 1745 1419 1809 per·

186 1833 338 1897 suaserit
363 1833 542 1914 Episcopo
566 1835 613 1912 id,
641 1833 735 1914 quod
755 1834 876 1913 magni
900 1834 1011 1897 habiti
1030 1835 1305 1898 concionatores
1330 1852 1417 1898 nun·

186 1958 292 2021 quam
316 1951 517 2021 potuerunt;
540 1952 574 2004 et
593 1941 674 2005 hinc
695 1959 766 2004 non
789 1942 893 2004 modo
912 1941 956 2004 D.
978 1942 1177 2022 Episcopus
1195 1942 1258 2005 sed
1282 1943 1420 2007 caeteri

184 2048 301 2127 magis
314 2065 394 2111 eum
409 2066 530 2112 amare
545 2066 588 2112 ac
602 2048 768 2112 venerari
782 2057 985 2129 coeperunt.

247 2153 408 2218 Societas
428 2155 601 2233 abundat,
622 2172 708 2236 prae
727 2155 1052 2234 concionatoribus
1074 2156 1331 2236 sacerdotibus,
1356 2158 1422 2238 qui

186 2263 256 2325 hoc
280 2261 543 2326 confessionum
564 2279 710 2325 munere
734 2261 833 2340 fungi
855 2272 1018 2341 possunt.
1043 2263 1102 2341 At,
1126 2262 1187 2344 qui
1212 2264 1422 2328 concionari

187 2380 343 2451 possent,
360 2371 621 2449 praesertimin
634 2369 747 2447 Italia,
765 2369 850 2447 rari;
866 2370 1022 2433 maxima
1034 2371 1197 2433 habenda
1212 2379 1306 2433 esset
1324 2371 1422 2434 ratio

188 2477 316 2540 horum
330 2479 596 2558 praeclarorum
612 2477 845 2556 ingeniorum.
860 2475 976 2555 Pater,
995 2486 1032 2540 ut
1046 2477 1132 2556 dixi,
1149 2479 1244 2541 valet
1259 2478 1420 2557 ingenio,

187 2585 370 2662 memoria,
388 2585 674 2664 pronuntiatione
689 2593 723 2646 et
738 2582 882 2662 reliquis
898 2584 1099 2659 virtutibus,
1116 2585 1258 2664 quaein
1274 2593 1422 2649 oratore

187 2701 411 2770 expetuntur.
429 2691 477 2755 At
493 2691 675 2755 doctrinae
690 2690 819 2753 bonam
834 2699 972 2769 partem
992 2707 1059 2754 usu
1079 2702 1113 2756 et
1129 2692 1268 2754 actione
1282 2689 1422 2770 didicit,

188 2798 274 2860 etin
293 2799 368 2860 dies
387 2797 540 2874 uberius,
562 2797 638 2861 Deo
660 2800 820 2879 auspice,
842 2799 985 2862 imbibet
1005 2808 1040 2861 et
1059 2798 1211 2875 hauriet,
1233 2797 1317 2860 dato
1332 2798 1423 2877 oti0,

188 2916 222 2967 et
233 2905 374 2984 quando
390 2923 462 2967 non
476 2917 577 2984 potes
591 2905 709 2970 facere
721 2908 814 2989 quod
829 2909 895 2986 viS,
914 2908 948 2970 id
963 2906 1075 2970 facias
1089 2914 1156 2967 etc.
1173 2903 1196 2963 ³.

247 3011 312 3074 His
338 3012 556 3091 temporibus
577 3023 661 3091 tam,
683 3024 721 3076 ut
743 3033 882 3093 cense0,
909 3014 1086 3094 expetitur
1101 3029 1202 3075 amor
1218 3011 1287 3075 Dei
1301 3021 1336 3074 et
1350 3013 1424 3091 spi·

86 3102 89 3108 ¹
188 3117 276 3181 ritus
295 3118 409 3181 honus
429 3117 571 3200 [quam]
592 3122 782 3185 verborum
802 3123 905 3201 copia
927 3121 972 3184 ad
994 3120 1123 3182 delicta
1143 3120 1273 3198 populo
1298 3119 1424 3197 exagi-

187 3226 307 3287 tanda.
334 3225 450 3289 Cerno
476 3244 562 3289 sane
589 3228 625 3290 in
649 3228 718 3291 hac
746 3230 832 3292 urbe
859 3228 1045 3309 quemdam
1067 3226 1300 3307 scapucinum
1325 3226 1422 3304 (sic),

187 3333 246 3411 qui
262 3333 486 3410 gratissimus
500 3345 553 3397 est
576 3338 717 3415 populo,
734 3336 863 3416 quique
884 3336 1024 3398 actione
1044 3344 1078 3396 et
1094 3333 1221 3414 spiritu
1237 3334 1343 3410 ualet;
1360 3333 1422 3395 do·

187 3440 302 3502 ctrina
318 3451 435 3503 autem
451 3453 484 3503 et
501 3458 712 3519 magnarum
728 3461 846 3506 rerum
858 3442 1072 3521 cognitione,
1086 3449 1256 3521 quantum
1268 3458 1313 3502 ex
1326 3439 1423 3504 illius

162 3529 165 3533 ⁴
187 3546 429 3623 concionibus,
447 3549 702 3611 consuetudine
717 3561 752 3611 et
764 3549 907 3627 scriptis
922 3548 1063 3627 colligo,
1081 3564 1151 3609 non
1166 3556 1336 3627 praestat.
1355 3546 1422 3610 Illa

187 3653 327 3716 demum
342 3652 503 3716 doctrina
519 3655 585 3717 hac
601 3666 809 3735 tempestate
824 3655 990 3735 exigitur,
1006 3654 1056 3716 illi
1067 3653 1231 3716 acerrimi
1243 3655 1423 3716 clamores

187 3772 269 3823 sunt
289 3761 493 3822 necessarii:
516 3762 697 3823 annuncia
713 3761 848 3841 populo
873 3778 949 3824 nteo
965 3766 1112 3841 peccata
1134 3758 1284 3823 illorum
1299 3758 1324 3838 ⁴,
1349 3768 1420 3823 etc.

186 3866 283 3929 Illius
296 3865 458 3929 doctrina
473 3868 654 3946 probatur,
671 3869 742 3948 qui,
767 3868 834 3931 Dei
854 3868 980 3947 spiritu
1001 3877 1198 3944 extructus,
1224 3866 1345 3930 obiicit
1359 3885 1422 3947 po·

186 3975 268 4054 pulo
284 3974 377 4036 illius
393 3972 545 4036 nefanda
560 3974 706 4054 flagitia,
723 3976 897 4053 libidines,
922 3974 1109 4052 adulteria,
1125 3985 1160 4037 et
1175 3974 1424 4037 extraordina-

187 4080 260 4143 rias
286 4082 469 4160 utriusque
494 4097 602 4143 sexus
628 4082 801 4160 libidineS,
837 4082 967 4162 quique
997 4083 1084 4145 haec
1105 4081 1239 4144 acriter
1264 4081 1425 4160 quotidie

187 4189 357 4267 exagitat,
374 4188 515 4264 clamat,
539 4188 597 4267 qui
613 4188 716 4251 docet
739 4207 807 4269 qua
827 4189 964 4251 ratione
984 4187 1118 4251 Christi
1138 4196 1322 4268 compotes
1343 4204 1425 4252 esse

228 4428 236 4460 Ι
266 4428 371 4471 Putrem
382 4428 550 4473 Franclscum
562 4429 695 4482 Palmlum,
704 4432 777 4485 cujus
788 4433 869 4474 verbu
880 4437 948 4483 sunt,
960 4441 1025 4483 quae
1037 4429 1078 4472 hic
1089 4429 1171 4473 refert
1181 4428 1277 4483 Scipio.

228 4500 239 4530 ¹
266 4499 502 4554 lpsePAEmmlus,

227 4571 239 4603 ⁵
267 4571 373 4623 Quando
384 4583 433 4615 non
444 4583 518 4626 potes
529 4575 614 4616 facere
625 4575 691 4627 quod
704 4576 750 4621 vis.
760 4575 784 4617 id
796 4575 878 4618 incias
888 4575 955 4628 quod
967 4581 1049 4628 potes.

229 4646 240 4676 Α
268 4644 476 4698 Ικιιίειο.ινιιι,1.
