3210 5392
189 432 245 494 aab
575 435 747 496 Lucanas
765 450 1037 504 ouansurusrnss

181 579 315 658 cessio,
332 597 414 642 cum
430 596 561 660 magno
577 580 682 644 huius
697 580 782 644 cleri
796 588 831 644 et
842 579 962 660 oppidi
976 595 1163 659 concursu,
1180 597 1275 661 quae
1291 598 1354 645 res
1363 598 1426 646 ue·

190 686 455 751 hemeotissime
474 687 607 768 placuit
630 687 803 765 omnibus,
829 696 864 751 et
883 687 1107 751 deuotionem
1127 686 1424 753 communicandi

188 809 261 856 non
276 793 501 857 mediocriter
512 794 621 858 auxit.

249 898 368 964 Distat
382 901 426 964 ab
441 902 509 964 hac
525 902 619 965 alma
634 902 740 965 domo
764 901 930 983 oppidum
955 900 1133 982 quoddam
1154 903 1364 983 antiquum,
1387 912 1424 967 et

192 1008 311 1071 natale
324 1007 404 1071 ΚΜ
425 1007 627 1072 Cardinalis
641 1007 796 1072 Sanctae
814 1007 939 1072 Crucis
960 1009 1198 1088 honestatum,
1222 1009 1261 1072 in
1276 1024 1351 1089 quo
1366 1008 1424 1073 de⁸

179 1114 241 1194 -git
255 1130 363 1194 eques
377 1113 595 1196 Alexander,
611 1114 724 1178 frater
738 1114 896 1179 eiusdem
921 1112 1001 1178 RL³¹
1020 1113 1233 1195 Cardinalis;
1250 1115 1294 1194 is,
1320 1132 1423 1180 acce·

187 1228 249 1301 pto
263 1239 309 1284 ex
322 1219 420 1285 Urbe
441 1222 605 1301 iubilaeo,
626 1221 768 1303 rogauit
792 1232 830 1286 ut
854 1237 945 1285 unus
967 1239 1012 1285 ex
1030 1222 1162 1286 nostris
1181 1219 1361 1286 Patribus·
1378 1232 1424 1286 eo

184 1325 482 1406 proficisceretur,
499 1330 558 1410 qui
573 1329 640 1392 sibi
655 1339 690 1393 et
703 1329 870 1398 uniuerso
885 1330 1017 1410 populo
1036 1328 1178 1392 iubilaei
1190 1327 1350 1393 sormam
1364 1328 1423 1393 de⁸

178 1436 352 1515 clararet,
370 1435 669 1517 concionibusque
682 1436 727 1500 ad
738 1445 876 1501 tantum
891 1450 1020 1500 munus
1031 1435 1138 1515 digne
1148 1435 1422 1516 percipiendum

185 1553 430 1621 praepararet.
447 1542 556 1607 Cuius
572 1543 665 1606 uotis
680 1560 841 1607 annuens
855 1542 893 1607 P.
909 1542 1043 1606 Rector
1062 1552 1096 1605 et
1110 1541 1155 1606 D:
1174 1541 1420 1620 Gubernator,

184 1644 330 1711 Patrem
342 1649 515 1732 Joannem
530 1648 760 1714 Laurentium
775 1658 809 1714 et
820 1667 876 1714 me
887 1667 929 1713 eo
944 1648 1178 1713 destinarunt.

247 1754 402 1819 Publicis
421 1765 539 1819 autem
561 1756 791 1820 concionibus
812 1766 847 1820 et
863 1756 1015 1838 priuatis
1039 1755 1356 1820 adhortationibus
1374 1772 1420 1820 eo

187 1861 446 1940 oppidanorum
460 1864 599 1927 animos
613 1862 780 1945 perduxit
795 1863 915 1926 diuina
929 1861 1080 1941 bonitas,
1095 1871 1134 1926 ut
1144 1861 1359 1942 paucissimi
1369 1880 1421 1926 re

186 1976 381 2047 manerent,
398 1969 459 2048 qui
472 1979 592 2033 tantae
606 1969 745 2050 gratiae
770 1969 963 2050 participes
982 1984 1054 2032 uon
1079 1967 1317 2032 efficerentur.
1334 1967 1421 2033 Fuit

185 2074 296 2151 igitur
310 2090 379 2153 per·
388 2083 524 2156 septem
539 2076 728 2140 continuos
746 2076 822 2140 dies
842 2083 961 2139 tantus
985 2074 1420 2155 poenitentiumconcur·

184 2197 256 2259 sus,
273 2191 311 2244 ut
326 2181 386 2245 uix
401 2182 534 2263 aliquid
549 2183 616 2246 ocii
632 2191 833 2263 superesset
848 2182 894 2246 ad
909 2180 1249 2245 subministrandum
1270 2181 1420 2262 corpori

185 2287 401 2351 necessaria.
419 2287 510 2352 Nam
522 2299 712 2370 postquam
727 2297 840 2352 totum
851 2288 921 2352 diei
931 2296 1070 2370 tempus
1081 2288 1118 2351 in
1129 2287 1320 2352 audiendis
1331 2304 1418 2352 con·

184 2394 396 2458 sessionibus
417 2396 726 2475 transegissemuS,
751 2395 967 2474 cogebamur
989 2395 1096 2458 etiam
1114 2404 1224 2458 noctu
1243 2394 1281 2458 in
1308 2394 1418 2461 domo

185 2500 314 2580 equitis
330 2518 441 2583 usque
456 2500 501 2564 ad
515 2503 592 2565 3.·ιιι
607 2502 733 2565 horam
747 2503 861 2565 noctis
881 2502 987 2565 etiam
1011 2501 1255 2565 confessiones
1270 2502 1416 2581 audire,

184 2607 243 2669 vel
268 2607 490 2672 difficultates
509 2626 666 2688 casuum,
688 2626 777 2691 quas
799 2608 898 2673 multi
921 2608 1182 2688 proponebant,
1199 2607 1415 2674 dissoluere:

182 2713 309 2777 deinde
325 2713 370 2778 ad
384 2716 530 2779 multam
553 2732 664 2796 usque
678 2725 819 2779 noctem
834 2715 995 2795 uigilare,
1017 2723 1055 2778 ut
1074 2715 1292 2779 concionem·
1302 2715 1342 2779 in
1361 2734 1414 2781 se·

174 2830 346 2899 quentem
360 2821 454 2886 diem
468 2839 653 2903 possemus
667 2838 893 2904 praeparare.

242 2926 330 2992 Erat
345 2938 464 2993 autem
481 2930 516 2991 in
532 2930 639 2992 tantis
654 2928 834 2992 laboribus
849 2937 969 2992 tantus
990 2928 1132 2992 diuinae
1155 2928 1297 3008 gratiae
1312 2928 1418 2994 intlu-

181 3051 260 3111 xuS,
278 3043 448 3116 tantaque
463 3037 671 3115 consolatio,
689 3046 727 3099 ut
741 3037 856 3099 nullus
872 3047 976 3116 esset,
992 3035 1052 3117 qui
1074 3036 1218 3099 uberem
1238 3035 1308 3099 Dei
1331 3052 1416 3116 gra·

180 3141 268 3204 tiam
282 3143 318 3205 in
333 3160 371 3206 se
386 3160 457 3205 non
472 3144 628 3206 sentiret.
645 3141 757 3206 Paces
771 3142 820 3205 ibi
845 3143 981 3223 aliquot?
996 3154 1077 3206 sunt
1092 3141 1219 3221 ibctae,
1236 3140 1415 3208 scandala

182 3246 332 3327 sublata,
349 3257 383 3311 et
398 3251 590 3312 multorum
605 3248 713 3312 animi
729 3248 773 3312 ad
789 3249 984 3329 perfectum
995 3247 1138 3311 uiuendi
1149 3247 1415 3314 modum-reuo-

172 3355 263 3418 cati.
281 3353 524 3419 Promiserunt
538 3355 733 3419 etiam’fere
755 3372 877 3419 omnes
888 3354 1006 3418 uerbis
1021 3364 1056 3417 et
1077 3355 1227 3436 scriptis·
1244 3364 1415 3437 acceptu·

181 3477 241 3524 ros
255 3478 294 3523 se
308 3462 599 3525 consuetudinem
615 3462 853 3526 confitendi‘et
865 3462 1150 3525 communicandi
1161 3463 1415 3528 saltemsemel

182 3566 219 3630 in
233 3583 366 3631 mense:
384 3577 418 3630 et
433 3578 470 3632 ut
486 3569 590 3632 huius
605 3570 720 3632 sancti
736 3570 889 3633 instituti
909 3569 1050 3633 deuotio
1070 3568 1293 3649 perduraret,
1311 3586 1416 3635 acce⁸

182 3674 234 3755 pit
248 3691 356 3755 eques
371 3673 576 3738 Alexander
591 3693 713 3740 curam
728 3678 898 3756 uirorum,
912 3678 987 3740 eius
999 3693 1084 3740 uero
1096 3676 1318 3758 pientissima
1330 3692 1415 3742 con·

181 3781 245 3845 iux
259 3782 455 3860 mulierum,
476 3782 536 3863 qui
559 3783 731 3847 hactenus
745 3784 1013 3863 religiosissime
1032 3783 1310 3863 promissionem
1330 3800 1416 3849 cum

180 3889 344 3952 omuibus
359 3890 606 3953 obseruarunt.
623 3890 713 3954 Nam
729 3891 843 3972 prima
858 3890 1034 3954 dominica
1050 3889 1168 3955 Martii
1184 3888 1343 3956 adhunc
1365 3894 1414 3954 alt

181 4012 275 4059 mam
288 3997 429 4061 domum
441 3998 644 4076 deuenienS,
661 4015 768 4062 uerus
782 3996 915 4062 Christi
930 4015 1047 4078 eques,
1064 3994 1108 4060 D'.
1125 3996 1339 4062 Alexander
1352 4015 1416 4063 no-

172 4097 235 4166 bis
249 4103 367 4167 retulit
383 4123 421 4168 se
436 4123 477 4167 eo
490 4106 558 4177 die,
576 4123 656 4168 cum
679 4106 841 4169 omnibus
857 4106 930 4169 fere
944 4105 1195 4186 phanensibus,
1213 4107 1415 4186 sumpsisse

180 4211 443 4275 sanctissimum
464 4210 711 4276 Eucharistiae
729 4223 1002 4304 sacramentum.
1024 4211 1102 4275 Hoc
1117 4212 1232 4291 ipsum
1248 4213 1360 4277 etiam
1374 4231 1416 4278 se

175 4316 307 4380 iecisse
321 4319 397 4381 eius
412 4320 543 4384 coniux
556 4319 657 4382 nobis
673 4320 792 4383 retulit
807 4319 1048 4400 superioribus
1063 4319 1198 4397 diebus,
1217 4326 1415 4401 postquam

181 4423 239 4487 hic
254 4424 355 4486 nobis
367 4443 447 4488 cum
460 4427 538 4489 aliis
551 4427 754 4489 mulieribus
770 4437 862 4490 esset
877 4425 1052 4490 confessa.

242 4529 349 4594 Venit
362 4532 468 4595 etiam
485 4533 530 4596 ad
542 4550 607 4596 nos
622 4534 690 4596 loci
702 4533 793 4596 illius
804 4533 1046 4611 concionator,
1060 4532 1120 4614 qui
1131 4533 1415 4604 miris-laudibus

177 4646 256 4701 tam
271 4648 441 4701 sanctum⁴
450 4640 648 4703 institutum
660 4639 950 4721 prosequebatur.
