3210 5392
181 374 233 445 182
564 377 1020 449 Ltrrsaanouaoaurasrass

240 518 368 584 Sedulo
383 523 489 585 etiam
505 534 557 588 est
569 536 733 590 curatum
743 536 781 589 ut
793 525 1036 590 huiuscemodi
1046 526 1181 589 belluae
1192 522 1420 588 extermina.

181 639 315 706 rentur,
341 629 377 691 in
396 631 524 709 quibus
543 649 615 695 non
639 642 754 713 potest
775 634 845 696 dici
866 633 970 711 satis,
996 650 1041 695 ne
1069 631 1223 711 cogitari
1252 629 1409 712 quidem,

181 743 351 814 quantum
370 739 514 802 sceleris
533 750 771 821 quantumque
791 741 836 804 sit
851 741 960 819 exitii,
983 740 1110 821 quibus
1129 757 1195 803 nec
1215 738 1253 801 in
1272 738 1412 800 scelere

182 858 247 903 nec
273 843 309 905 in
334 845 461 923 quauis
486 847 676 911 uiolatione
710 847 797 911 nihil
825 866 981 928 unquam
1005 847 1072 911 suit
1099 846 1215 923 nefas,
1246 861 1415 926 quaeque

184 949 341 1013 omnium
354 950 570 1031 flagitiorum
585 971 689 1034 seges
703 955 806 1018 facile
822 955 972 1018 uidetur:
989 963 1028 1016 ut
1041 953 1148 1016 etiam
1162 952 1358 1015 haereseos
1372 951 1406 1013 li-

181 1055 236 1117 bri
249 1054 323 1120 iere
337 1075 484 1122 numero
499 1070 639 1124 centum
654 1063 954 1124 comburerentur:
971 1070 1006 1123 et
1021 1069 1193 1124 utcontra
1205 1056 1416 1121 haereticos

182 1162 335 1226 edictum
349 1165 523 1244 ederetur,
547 1185 592 1230 ne
617 1169 697 1248 quis
717 1185 789 1231 non
811 1168 945 1230 crebris
964 1167 1081 1244 modo,
1101 1167 1164 1229 sed
1183 1183 1228 1229 ne
1249 1163 1413 1244 perraris

181 1269 321 1348 quidem
337 1282 523 1352 usurparet
534 1274 766 1352 sermonibus,
783 1284 817 1336 et
831 1274 862 1336 si
876 1282 996 1354 posset
1008 1273 1095 1351 fieri,
1108 1289 1222 1352 neque
1234 1280 1318 1334 ante
1328 1286 1409 1333 ocu·

182 1376 236 1436 los
260 1388 432 1456 ponerent
458 1378 479 1442 ¹.
507 1380 603 1443 Data
627 1381 692 1443 suit
716 1380 822 1443 etiam
848 1398 956 1461 opera
977 1389 1016 1443 ut
1043 1380 1121 1460 ipsa
1150 1377 1234 1442 Dux
1262 1376 1411 1440 missam

182 1483 313 1546 audiat.

241 1590 328 1654 Illud
343 1603 528 1671 praeterea
542 1612 613 1658 non
633 1596 821 1659 tacendum
846 1595 996 1670 uidetur,
1017 1593 1111 1674 quod
1131 1593 1187 1656 his
1205 1591 1332 1655 diebus
1350 1590 1416 1653 iila

182 1697 259 1778 ipsa
274 1696 358 1761 Dux
368 1708 403 1762 et
413 1699 506 1764 filiae
516 1711 550 1764 et
561 1702 668 1764 etiam
679 1702 856 1780 mulieres,
874 1718 965 1782 quae
980 1701 1047 1764 sibi
1058 1697 1411 1782 quotidieassistunt,

183 1801 278 1866 Patri
292 1814 414 1869 nostro
429 1806 613 1871 confessae
627 1806 780 1887 suerunt,
795 1818 833 1872 ut
844 1809 928 1872 dum
938 1808 1067 1871 festum
1080 1805 1245 1870 Omnium
1260 1801 1409 1867 Sancto·

182 1926 259 1972 rum
275 1912 484 1991 celebratur,
503 1914 595 1977 idem
610 1914 716 1978 Pater
735 1915 927 1978 celebrauit
947 1931 1090 1977 sacrum
1110 1913 1146 1976 in
1172 1911 1298 1975 eadem
1313 1910 1408 1985 aula,

183 2025 216 2078 et
236 2019 477 2099 concionatus,
504 2020 636 2085 eisdem
661 2019 915 2085 Sanctissimae
940 2018 1186 2084 Eucharistiae
1206 2033 1409 2080 sacramen-

182 2132 257 2185 tum
271 2125 496 2204 ministrauit,
513 2139 547 2190 et
562 2137 731 2207 quantum
756 2128 932 2191 coniicere
953 2137 1113 2208 poteram
1133 2126 1287 2205 (semper
1314 2125 1414 2186 enim

183 2228 347 2309 interfui),
364 2234 519 2296 maxima
535 2251 617 2297 cum
631 2235 831 2298 deuotione.
853 2234 956 2298 Vnde
972 2233 1056 2315 quid
1073 2232 1184 2314 possit
1199 2231 1338 2312 sperari
1353 2230 1415 2309 (ne

182 2335 311 2399 nimius
325 2338 403 2413 sim)
420 2349 529 2418 tuum,
546 2340 586 2404 R.
605 2340 656 2419 P,
673 2343 718 2405 sit
733 2342 911 2405 iudicium:
928 2341 995 2405 hoc
1017 2350 1135 2404 tamen
1150 2338 1244 2402 scias
1262 2336 1360 2417 quod
1374 2337 1415 2400 in

182 2441 257 2506 dies
272 2445 348 2507 eius
363 2458 512 2527 augetur
526 2448 614 2511 fides
628 2460 662 2512 et
673 2450 710 2512 in
720 2449 851 2513 diuinis
862 2449 967 2512 rebus
981 2448 1157 2511 maximus
1168 2445 1324 2508 cernitur
1339 2444 1410 2507 sru-

182 2556 271 2612 ctus:
289 2551 364 2614 eius
377 2551 470 2616 filiae
485 2571 555 2617 una
570 2572 690 2618 secum
701 2557 822 2636 legunt
838 2554 992 2637 quotidie
1011 2562 1202 2634 praecepta
1225 2551 1412 2615 doctrinae

184 2655 410 2737 christianae,
421 2661 457 2723 in
469 2663 574 2724 rebus
585 2663 699 2725 sacris
708 2663 938 2725 instituuntur
949 2661 1055 2724 etiam
1066 2660 1227 2736 ancillae,
1238 2668 1273 2721 et
1286 2675 1412 2722 omnes

183 2763 332 2845 denique
346 2767 522 2846 mulieres,
540 2784 629 2849 quae
644 2786 765 2832 secum
781 2768 952 2831 habitant.
975 2766 1066 2830 RQ
1080 2775 1200 2829 noster
1221 2765 1329 2828 Pater
1343 2765 1412 2827 sin·

182 2871 275 2950 gulis
296 2873 418 2936 diebus
433 2874 478 2937 ad
493 2891 572 2937 eam
586 2892 625 2938 se
640 2875 786 2952 confert,
804 2875 967 2938 derebus
988 2873 1033 2936 ad
1048 2889 1170 2937 ueram
1184 2871 1289 2934 fidem
1304 2871 1410 2951 perti·

184 2978 347 3042 nentibus
362 2996 482 3043 secum
498 2992 654 3058 acturus;
671 2992 705 3044 et
726 2981 782 3044 his
801 2981 1011 3060 praesertim
1030 2980 1154 3042 diebus
1173 2978 1209 3041 in
1228 2977 1305 3041 eius
1327 2978 1413 3040 aula

183 3085 392 3148 concionem
426 3087 601 3166 (priuatas
632 3089 904 3167 praetermitto),
939 3104 1008 3149 non
1042 3086 1163 3166 paucis
1196 3084 1410 3163 astantibus,

182 3189 225 3252 de
247 3191 305 3253 illo
327 3193 475 3256 articulo
490 3193 571 3257 fidei
595 3194 677 3256 inde
696 3194 812 3256 uetaret
831 3193 1002 3270 r'udr'care,
1023 3203 1103 3270 ete,
1127 3191 1331 3255 doctissime
1351 3191 1414 3254 ha·

183 3298 267 3360 buit.
294 3298 347 3362 De
372 3300 438 3377 his,
465 3301 531 3362 etsi
556 3318 626 3363 non
652 3312 688 3363 ut
715 3319 771 3363 res
797 3302 895 3380 ipsae
921 3300 1150 3378 requirerent,
1177 3298 1266 3361 haec
1289 3308 1414 3361 tamen

183 3407 315 3471 dixisse
334 3406 491 3485 sufficiet,
510 3426 552 3470 eo
575 3408 690 3486 magis
712 3408 805 3488 quod
820 3408 986 3470 nonnulla
1003 3424 1024 3468 a
1040 3404 1164 3467 R.‹¹0P.
1187 3404 1338 3468 Rectore
1355 3422 1413 3469 ac-

184 3532 343 3593 ceperas

221 3667 224 3673 .
243 3622 440 3685 Instituitur
451 3621 480 3685 F
482 3623 692 3685 errariensis
704 3623 868 3685 iuventus
881 3632 914 3683 et
926 3621 961 3683 in
973 3621 1100 3683 litteris
1111 3630 1146 3683 et
1161 3620 1197 3682 in
1207 3619 1416 3698 uirtutibus,

186 3730 231 3792 ad
245 3746 334 3809 quas
349 3729 506 3810 quotidie
527 3746 597 3791 non
623 3746 747 3809 parum
768 3729 1030 3810 progressionis
1056 3727 1201 3791 iaciunt.
1224 3724 1360 3789 Omnes
1379 3737 1415 3790 et

185 3837 308 3899 Patres
323 3846 358 3899 et
373 3835 502 3901 fratres
517 3836 649 3913 valent,
667 3852 816 3914 quorum
828 3837 976 3915 quisque
989 3835 1024 3897 in
1036 3834 1090 3896 his
1102 3851 1140 3896 se
1151 3844 1306 3911 exercet,
1320 3850 1416 3914 quae

184 3943 228 4004 ab
244 3943 443 4005 obedientia
458 3943 523 4005 sibi
539 3943 777 4022 imponuntur.

183 4104 185 4107 .
245 4048 416 4128 Cupimus
433 4058 465 4111 te
482 4067 622 4128 quoque
638 4066 707 4111 una
723 4065 804 4110 cum
820 4050 899 4111 aliis
920 4050 1050 4125 ualere,
1074 4063 1224 4127 quorum
1243 4046 1417 4110 orationi·

185 4157 250 4218 bus
264 4173 330 4234 nos
342 4156 608 4235 commendatos
621 4157 794 4232 uolumus;
813 4172 881 4235 quo
898 4155 1062 4234 dignetur
1074 4152 1247 4216 Dominus
1257 4153 1420 4231 gratiam

186 4280 288 4325 suam
301 4262 376 4325 eius
387 4262 502 4325 seruis
513 4262 764 4344 transmittere,
778 4271 814 4324 ut
827 4261 1007 4324 ardentius
1019 4270 1052 4323 et
1063 4259 1282 4342 frequentius
1297 4261 1418 4339 parati

188 4442 399 4450 —-———-

229 4540 238 4571 ¹
267 4539 315 4584 che
326 4540 417 4588 niuno,
428 4550 479 4582 non
487 4540 636 4583 solamente
647 4551 699 4582 non
705 4540 833 4594 partasse
843 4541 872 4583 ἀι·
881 4540 998 4589 ireresr'u,
1009 4550 1053 4581 mu
1062 4541 1102 4596 (se
1112 4539 1174 4593 sare
1184 4539 1210 4580 si
1217 4539 1353 4593 puotessr)
1365 4551 1423 4583 uota

188 4615 215 4655 ει·
223 4620 364 4668 pensasse.
377 4611 417 4655 Ira
429 4609 544 4655 italicum
555 4613 699 4666 exemplum
711 4612 778 4655 inira
789 4612 967 4671 exhibendum.
