3210 5392
685 461 748 520 Aa.
771 461 841 519 1554
1331 462 1385 519 179

179 610 310 687 quentia,
325 609 380 672 uel
395 607 627 672 confessionis
639 607 755 686 potius
768 623 888 670 amore
900 615 1004 685 capta
1017 607 1152 685 mulier,
1170 625 1260 688 quae
1275 626 1379 688 quos-

182 715 252 778 dam
263 725 370 794 patres
385 715 497 778 tribus
511 715 580 778 iam
597 714 699 777 annis
714 713 830 776 uisere
843 713 991 788 solebat,
1009 713 1129 794 eisque
1150 723 1297 794 peccata
1314 732 1377 777 sua

185 821 326 899 confiteri,
344 823 389 885 ad
403 838 465 884 eos
480 821 596 884 redire
615 820 801 896 renuebat,
825 819 929 900 idque
949 820 1043 899 quod
1064 821 1248 884 cuiusdam
1263 821 1380 885 Patris

192 930 279 992 nostri
289 928 527 992 exhortatione
542 936 576 989 et
591 925 831 990 confitentium
847 927 949 1006 copia
965 927 1081 1005 magis
1098 929 1317 991 mouebatur.
1335 929 1378 991 Et

188 1036 320 1110 quamuis
333 1036 377 1098 ab
393 1033 635 1097 huiuscemodi
649 1033 814 1110 opinione
835 1032 1092 1111 dehortaretur,
1109 1051 1179 1096 non
1193 1045 1380 1114 propterea

195 1141 451 1222 reuocaripotuit,
462 1140 859 1221 quinquotidiesucrum
871 1139 1033 1202 auditura
1042 1141 1210 1220 templum
1220 1152 1381 1207 nostrum

196 1256 306 1327 peteret,
318 1248 372 1311 cui
387 1266 407 1310 a
424 1248 556 1310 nostris
571 1247 677 1310 etiam
693 1246 851 1326 patribus
866 1255 900 1308 ct
919 1245 1151 1309 consessionis
1169 1256 1203 1309 ct
1222 1250 1381 1313 cuchari·

196 1353 262 1416 stiae
272 1372 431 1435 persaepe
447 1354 690 1417 ministrantur
703 1362 938 1415 sacramenta.

242 1459 335 1539 Quare
349 1470 470 1525 noster
484 1460 523 1524 P.
545 1459 676 1523 Rector
697 1458 703 1489 ¹
726 1460 769 1523 de
789 1461 997 1522 excellentia
1018 1462 1231 1524 sanctissimi
1257 1461 1382 1526 Sacra·

196 1568 275 1630 menti
286 1569 446 1632 nonnulla
460 1568 589 1641 dicere,
607 1567 710 1630 simui
724 1570 1009 1642 emolumentum,
1027 1569 1120 1648 quod
1141 1568 1220 1631 inde
1244 1569 1378 1650 profici·

191 1672 285 1752 scitur,
298 1677 536 1739 demonstrare
551 1674 719 1750 decreuit,
737 1674 829 1753 quod
845 1673 1028 1753 foeliciter,
1046 1673 1199 1739 Domino
1216 1677 1283 1739 sibi
1295 1678 1381 1740 assi·

193 1789 292 1858 stante,
310 1795 360 1846 est
375 1792 583 1862 exequutus.
604 1779 694 1843 Nam
714 1798 733 1841 a
755 1780 827 1853 die,
849 1796 918 1860 quo
937 1779 1048 1843 feriae
1069 1780 1140 1844 Sed
1161 1781 1382 1848 Sacramenti

194 1886 391 1967 celebrantur,
408 1906 535 1969 nempe
550 1907 570 1950 a
586 1905 680 1950 nono
701 1887 931 1950 kalendarum
946 1888 1052 1970 Junii,
1074 1907 1184 1970 usque
1204 1889 1248 1953 ad
1269 1889 1290 1953 8
1310 1892 1380 1954 kal.

200 1989 329 2074 Augusti,
352 1998 491 2076 singulo
514 2012 652 2076 quoque
678 1994 768 2056 sesto
791 1994 837 2057 ad
863 1997 1031 2074 populum
1051 1998 1241 2060 conciones
1261 1999 1384 2062 habuit

201 2113 252 2177 tas,
270 2104 384 2182 quibus
409 2120 547 2166 summa
566 2104 748 2181 uoluptate
770 2103 883 2164 omnis
908 2104 1032 2165 concio
1058 2104 1279 2166 uescebatur.
1313 2104 1382 2168 Sed

200 2205 256 2282 quis
266 2227 324 2274 non
335 2220 446 2286 tanta,
462 2209 503 2272 R.
518 2209 569 2286 P,
583 2207 742 2288 mysterii
757 2210 932 2272 suauitate
944 2210 1091 2273 allectus
1105 2210 1242 2274 suisset?
1254 2211 1382 2277 Acces-

200 2311 233 2372 sit
242 2314 275 2377 ad
287 2317 316 2380 id
327 2315 547 2398 probandum
564 2314 778 2378 incredibilis
794 2315 968 2395 quaedam
984 2317 1238 2382 authoritatum
1258 2329 1294 2381 et
1309 2334 1383 2382 sen-

201 2421 349 2487 teutiarum
370 2424 489 2503 copia;
517 2432 592 2485 tum
613 2420 886 2501 Prophetarum,
912 2421 1180 2500 Apostolorum,
1202 2434 1236 2486 et
1262 2443 1386 2490 sacrae

198 2523 275 2591 etiam
293 2531 506 2610 scripturae:
528 2539 603 2591 tum
627 2527 838 2591 Sanctorum
859 2527 1003 2591 Patrum
1025 2528 1254 2609 frequentiae.
1283 2518 1387 2596 Vnde

197 2638 317 2700 nonnulli
332 2647 470 2700 tantam
485 2634 557 2699 81⁰¹
569 2634 789 2699 Sacramenti
809 2635 1075 2713 praestantiam,
1096 2645 1130 2698 et
1145 2654 1190 2698 ex
1205 2654 1247 2699 eo
1268 2641 1385 2718 cogni·

199 2735 294 2806 tionem
308 2744 490 2824 accepisse
505 2741 737 2819 affirmabant,
754 2752 792 2804 ut
807 2758 939 2818 omneS,
957 2742 1017 2820 qui
1032 2759 1151 2805 secum
1168 2743 1319 2808 dehisce
1334 2765 1386 2810 re·

197 2841 241 2909 bus
251 2861 398 2931 agerent,
415 2851 451 2913 in
467 2851 688 2912 mirationem
704 2849 859 2912 incidere
880 2857 1069 2928 oporteret:
1089 2869 1169 2913 nam
1188 2869 1258 2913 non
1275 2849 1310 2915 in
1325 2871 1386 2917 au·

196 2949 265 3018 ribus
276 2959 387 3034 modo,
403 2957 465 3021 sed
481 2957 516 3020 in
532 2957 686 3020 omnium
699 2972 837 3036 quoque
850 2954 961 3017 oculis
975 2956 1069 3017 illam
1083 2955 1155 3018 §.ut
1167 2956 1387 3022 Sacramenti

195 3066 503 3133 praestantissimam
518 3063 735 3126 nobilitatem
750 3073 784 3124 et
797 3061 889 3124 iilius
902 3061 1099 3136 utilitatem,
1117 3081 1233 3142 quam,
1252 3083 1339 3144 pure
1352 3079 1386 3130 et

198 3173 224 3226 ut
236 3168 321 3236 decet
342 3181 537 3246 sumenteS,
556 3178 803 3249 assequuntur,
824 3168 962 3231 defixit:
988 3170 1088 3231 cuius
1108 3171 1159 3233 rei
1187 3188 1314 3236 nomen
1336 3174 1389 3236 sic

199 3269 248 3337 late
263 3296 320 3359 per
342 3280 524 3343 ciuitatem
543 3277 713 3352 manauit,
735 3285 772 3338 ut
788 3275 833 3338 ad
850 3293 954 3338 aures
973 3275 1067 3339 sama
1084 3278 1256 3341 uolauerit
1276 3281 1388 3345 cuius·

198 3375 266 3461 dan,
284 3388 338 3468 qui
360 3387 485 3449 librum
502 3385 545 3448 de
561 3383 669 3446 Missa
684 3382 903 3458 condiderat,
927 3400 1031 3462 quem
1051 3401 1131 3446 cum
1152 3385 1243 3463 loca,
1266 3387 1391 3467 quibus

197 3479 332 3557 Sanctum
348 3493 618 3556 Sacramentum
634 3490 816 3570 probatur,
834 3491 994 3565 laterent,
1017 3500 1175 3553 nostrum
1192 3491 1231 3554 R.
1250 3493 1390 3558 Patrem

200 3600 350 3671 consuluit,
368 3599 425 3662 cui
442 3598 665 3673 cumulatius,
689 3613 794 3676 quam
816 3597 926 3658 literis
946 3597 1117 3676 explicari
1137 3611 1267 3678 posset,
1291 3602 1390 3664 satis-

201 3693 269 3764 iecit.

243 3806 340 3888 Nulla,
356 3812 398 3876 R.
416 3812 473 3888 Pa,
491 3811 678 3873 miratione
693 3811 858 3889 capiaris,
876 3812 904 3873 si
921 3812 1095 3891 quaedam
1111 3816 1234 3878 mulier
1251 3817 1393 3895 proprio

203 3905 334 3981 destituta
350 3920 441 3996 uiro,
458 3934 528 3980 non
544 3918 638 3998 quod
653 3918 767 3980 eidem
786 3919 902 3980 lucem
923 3919 1051 3981 intueri
1070 3938 1139 3982 non
1155 3919 1310 3999 daretur,
1332 3921 1392 3984 sed

204 4020 272 4090 uon
280 4023 409 4089 itineris
421 4024 608 4088 interuallo
619 4025 726 4104 longe
738 4024 888 4099 abesset,
903 4025 961 4087 alii
974 4037 1137 4106 nuptura,
1152 4043 1261 4107 opera
1272 4036 1307 4090 et
1319 4046 1394 4091 ora·

207 4117 323 4194 tionibus
345 4132 532 4196 cuiusdam
565 4148 610 4194 cx
643 4131 774 4193 nostris
810 4130 969 4210 patribus
1001 4148 1022 4192 a
1060 4134 1234 4196 sententia
1263 4134 1395 4198 destitit

207 4220 346 4302 (quamuis
359 4241 428 4302 hoc
446 4256 515 4301 non
532 4239 682 4317 exiguus
699 4238 933 4316 praecesserit
949 4238 1071 4315 labor),
1098 4256 1189 4319 quae
1209 4241 1276 4303 hac
1296 4258 1396 4321 prae·

212 4331 424 4412 ciliberatione
440 4345 547 4408 ducta
563 4344 597 4406 id
612 4344 739 4423 exequi
755 4344 899 4407 omnino
921 4345 1162 4424 constituerat,
1188 4348 1281 4426 quod
1302 4349 1396 4427 loca,

211 4449 276 4514 quae
287 4453 406 4516 coniux
421 4459 567 4525 teneret,
584 4449 678 4512 fama
695 4466 840 4529 prorsus
856 4451 1121 4515 recondidisset:
1144 4454 1336 4517 accedebat
1355 4474 1398 4518 eo

215 4587 386 4619 x—

245 4675 252 4708 ¹
271 4681 293 4730 P·
302 4685 401 4740 Ioanne·
412 4693 577 4737 Peitetnriun.
