3210 5392
576 395 639 454 An.
663 395 732 453 1555
1213 394 1265 453 511

90 537 307 602 {uiusmodi
322 541 441 620 plures
455 541 637 620 utriusque
649 556 757 603 sexus
768 557 813 601 ex
825 538 977 601 diversis
989 539 1266 619 inveteratisque

90 647 204 721 catiS,
225 646 394 711 beneficio
414 647 662 725 consessionis,
692 647 738 709 ad
762 646 874 709 vitam
899 645 1077 709 saniorem
1107 648 1266 710 revocati

90 761 126 827 t,
152 753 345 834 praecipue
365 754 433 817 hac
457 754 747 835 quadragesima,
775 770 867 831 curn,
893 751 1053 835 JubiIaeo
1079 771 1100 815 a
1123 751 1267 817 Summo

90 858 208 922 ttifice
234 877 417 938 concess0,
441 861 487 924 ad
508 861 604 923 vitae
628 861 736 924 totius
757 870 895 923 reatum
916 845 1146 940 aperiendum
1167 861 1268 924 multi

93 966 226 1029 vocati
240 967 350 1030 suere.
368 968 466 1047 Quae
487 966 495 997 ¹
511 968 652 1048 quidem
666 967 872 1047 singulatim
887 967 1118 1046 perscribere,
1136 978 1174 1030 ut
1189 985 1266 1047 pro·

90 1091 143 1136 rm
159 1075 277 1152 nimiS,
295 1074 344 1137 ita
359 1093 425 1138 nec
440 1074 682 1138 necessarium
696 1073 861 1138 arbitrati
876 1090 1009 1136 sumus.

90 1179 159 1243 His
174 1191 326 1261 quatuor
343 1182 522 1245 mensibus
537 1181 679 1245 diuersa
704 1180 919 1259 incircuitu,
953 1181 1199 1244 concionando
1225 1198 1267 1244 ac

90 1287 267 1366 rsulend0,
289 1289 368 1352 loca
393 1289 631 1366 visitavimus
659 1286 812 1369 quibus¹
839 1285 926 1351 odor
942 1287 1056 1351 bonus
1081 1286 1269 1351 Societatis

90 1409 139 1472 ge
152 1395 294 1475 iateque
309 1395 501 1475 spargitur.
518 1395 647 1458 Literis
672 1395 697 1458 ii
713 1403 747 1457 et
762 1394 908 1457 nunciis
935 1412 956 1457 a
982 1394 1083 1457 nobis
1108 1394 1268 1474 frequen-

90 1517 100 1562 ;
120 1500 261 1564 visitari
277 1513 488 1583 nostrasque
501 1502 624 1564 audire
639 1501 829 1564 conciones
844 1501 1036 1581 postulant.
1053 1500 1177 1565 Nullus
1192 1501 1268 1581 qui·

90 1624 117 1669 n
128 1608 232 1670 huius
248 1608 385 1688 patriae
400 1609 499 1671 locus
512 1618 565 1672 est
579 1626 600 1671 a
615 1609 718 1671 nobis
729 1609 975 1688 perlustratus
989 1607 1049 1670 ubi
1061 1624 1132 1671 non
1147 1608 1269 1687 singu-

90 1713 159 1776 Lter
173 1713 342 1794 diligatur
357 1725 616 1795 venereturque
631 1713 803 1779 Societas.
818 1712 1107 1778 contradictores
1119 1714 1267 1778 alicuius

90 1820 264 1885 horitatis
279 1838 413 1901 paucos
428 1823 609 1897 habemus
623 1821 781 1884 fautores
801 1820 942 1901 quidem
966 1821 1096 1900 plures,
1119 1822 1150 1884 si
1171 1821 1264 1901 prin·

90 1942 156 1989 um
169 1927 293 1992 favore
308 1928 366 1992 hic
387 1926 651 2008 promulgata³
667 1937 760 1991 esset
775 1925 947 1991 Societas.
970 1925 1040 1991 Sub
1059 1927 1128 1990 hac
1148 1938 1266 1991 autem

90 2034 242 2097 rmitate
275 2045 310 2097 et
343 2034 561 2098 dubitatione
589 2035 780 2098 multorum
813 2035 1037 2114 praeclarum
1069 2031 1081 2062 ⁴
1108 2034 1268 2097 uirorum

93 2156 189 2219 xnus,
218 2141 375 2222 alioquin
398 2141 435 2204 in
464 2158 529 2204 nos
555 2158 763 2222 propensus
795 2142 993 2204 occultatus
1020 2149 1150 2220 manet,
1176 2143 1268 2204 sicut

90 2246 137 2308 td
147 2264 227 2310 raro
240 2248 317 2327 ipso
328 2247 434 2327 iacto,
447 2248 506 2312 ubi
518 2256 756 2329 opportunum
767 2260 831 2327 est,
846 2247 1095 2327 comperimus,
1110 2247 1194 2312 dum
1209 2265 1269 2329 pu·

90 2365 134 2413 :e
148 2352 303 2433 profiteri
316 2364 495 2430 verentur,
517 2355 724 2434 ignorantes
739 2354 823 2435 quid
848 2354 991 2417 tandem
1013 2355 1125 2417 nostri
1145 2353 1189 2418 de
1204 2352 1266 2418 So·

90 2464 167 2522 tate
186 2470 342 2523 statuent
356 2461 545 2542 principes,
562 2460 701 2524 Interea
716 2461 752 2523 in
771 2461 884 2524 nostri
909 2463 1066 2525 muneris
1085 2460 1266 2525 iunctione

90 2564 170 2639 mia,
185 2584 276 2646 quae
291 2567 411 2646 libent,
426 2567 501 2631 scre
516 2567 667 2631 dixerim
681 2575 716 2629 et
731 2568 850 2644 licere;
867 2566 918 2630 sic
934 2566 1029 2647 apud
1044 2567 1174 2647 probos
1187 2585 1268 2649 pas·

90 2681 115 2729 1
136 2671 330 2751 laudantur,
353 2675 595 2754 approbantur
619 2683 655 2736 et
679 2673 813 2754 absque
838 2673 1120 2737 contradictione
1144 2684 1267 2738 nostra

90 2778 282 2856 scipiuntur
297 2796 416 2859 opera.

104 2879 274 2963 Dignetur
289 2884 463 2949 Dominus
483 2886 614 2949 nostris
629 2886 816 2949 conatibus
835 2885 1004 2949 adhibere
1023 2895 1267 2968 augmentum,

90 3000 113 3046 0
125 3007 188 3070 quo
203 2991 247 3056 V.
265 2990 303 3055 P.
321 2992 499 3074 totiusque
515 2990 706 3056 Societatis
720 2992 891 3056 auxilium
910 3007 944 3054 et
959 3009 1083 3071 preces
1102 2992 1266 3073 implora·

90 3103 134 3172 us,
149 3098 272 3178 quibus
288 3115 354 3162 nos
369 3101 471 3163 unice
487 3116 627 3179 semper
642 3097 909 3162 commendatos
925 3099 1096 3178 cupimus.

111 3200 264 3284 Lovanii,
282 3206 412 3290 6Junii
435 3207 525 3271 1555.

404 3313 449 3377 V.
477 3313 515 3378 P.

544 3418 677 3484 Servus
688 3420 867 3501 indignus,

778 3617 971 3681 Aauoious
994 3617 1147 3682 Hazaus

104 3884 367 3964 Superscrr'ptz'o
379 3885 417 3946 in
428 3885 583 3947 secunda
591 3885 747 3965 pagina:
759 3895 780 3965 †
791 3883 868 3947 R.clo
882 3886 917 3947 in
928 3884 990 3948 X.⁰
1000 3884 1097 3947 Patri
1110 3885 1154 3948 D.
1168 3885 1269 3964 Igna-

105 4009 125 4052 a
141 3990 287 4071 Loyola,
304 3989 471 4054 Generali
485 3990 691 4070 Praeposito
707 3991 894 4055 Societatis
908 3991 1004 4073 Jesu.
1022 3990 1166 4054 Romae.

100 4096 183 4160 Alia
198 4115 321 4160 mama:
336 4096 448 4176 Quad.
465 4098 657 4160 ‚Lovaniae
674 4098 761 4161 1555.
779 4098 798 4160 6
813 4098 919 4180 Junii.
938 4094 1195 4177 Emenidatae].

119 4339 171 4381 Sed
179 4337 342 4380 huiusmodi.
354 4337 489 4381 Poinncus.

90 4415 92 4440 1
119 4411 263 4463 inquibus.
276 4407 313 4450 id.

90 4482 91 4506 r
118 4481 223 4523 adiuta.
238 4480 273 4524 id.

118 4551 160 4596 Sic
171 4553 372 4606 autographum:
384 4553 408 4595 in
419 4552 571 4606 apographo
583 4563 653 4603 vero,
671 4552 817 4594 multorum
833 4547 1008 4603 praeclarum
1024 4547 1146 4593 studium
1168 4557 1193 4595 et
1212 4556 1271 4596 ani·

90 4637 128 4669 s...
