3210 5392
566 416 737 477 Lnruaan
756 433 1028 487 ouaoautttsrnes

532 1164 534 1169 ,
622 1029 970 1180 cocxxxvttt

237 1439 384 1512 Jacobus
398 1439 439 1498 de
454 1439 582 1498 Acosta

278 1537 372 1597 Patri
384 1536 514 1611 ignatio
528 1535 569 1595 de
583 1537 719 1612 Loyola.

311 1634 504 1709 Methymna
518 1632 647 1707 Campi,
659 1633 695 1693 29
708 1632 905 1693 Decembris
921 1632 991 1691 tsot
1004 1632 1024 1686 ¹.

767 1867 842 1984 ilis

243 2163 443 2227 Admodum
459 2161 535 2225 Ra
558 2163 594 2225 in
611 2161 752 2226 Christo
768 2162 885 2225 Pater.

247 2269 372 2333 Gratia
388 2280 423 2332 et
448 2287 519 2350 pax
544 2269 675 2333 Christi
697 2269 781 2351 Jesu
806 2267 950 2331 Domini
976 2269 1088 2332 nostri
1113 2267 1428 2335 Paternitatituae

192 2393 332 2456 semper
348 2394 389 2439 ac
408 2394 548 2455 semper
564 2376 707 2456 aspiret.
725 2375 853 2439 Amen.
1421 2450 1424 2455 Ι

248 2482 350 2561 Quod
366 2483 463 2545 Tuae
480 2483 556 2546 Pat.
569 2482 624 2545 his
636 2482 748 2545 literis
759 2499 837 2546 sese
849 2482 1081 2546 nuntiandum
1094 2483 1207 2562 offert,
1221 2484 1310 2547 illud
1321 2485 1429 2564 plane

186 2599 253 2666 est,
274 2590 310 2652 in
330 2591 397 2652 hoc
423 2590 619 2669 Collegium
645 2588 730 2671 Jesu
757 2590 931 2670 principio
952 2588 1169 2670 Septembris
1184 2591 1343 2671 proximi
1354 2591 1428 2654 iam

189 2695 330 2759 demum
345 2714 412 2760 nos
434 2697 701 2776 commigrasse.
723 2695 825 2775 Quod
851 2697 887 2759 in
909 2698 1192 2776 praesentiarum
1214 2708 1380 2761 tenemus
1394 2710 1429 2761 et

191 2804 360 2883 religione
376 2814 410 2866 et
425 2803 676 2867 commoditate
691 2803 814 2865 officiis
829 2803 961 2867 nostris
978 2805 1109 2884 aptiori
1123 2822 1176 2879 ea,
1204 2823 1312 2885 quam
1326 2807 1429 2886 prius

189 2911 407 2973 habebamus
421 2910 457 2973 in
473 2910 553 2987 illis,
566 2910 693 2989 quibus
708 2909 959 2989 demigramuS,
977 2910 1133 2974 aedibus.
1148 2909 1247 2990 Quae
1259 2913 1290 2975 si
1310 2915 1427 2992 algori

188 3019 267 3097 plus
281 3018 358 3081 istis
373 3018 544 3080 obsistere
559 3016 782 3094 videbantur,
800 3026 935 3080 attenta
957 3028 1076 3081 tamen
1100 3019 1297 3097 aptitudine
1324 3036 1426 3099 prae·

189 3124 282 3187 dicta
298 3125 537 3203 instantiaque
554 3124 688 3186 recenti
703 3123 785 3186 huic
809 3125 908 3203 operi
925 3124 1100 3202 addenda,
1123 3124 1229 3187 sactis
1248 3126 1427 3190 calculum

189 3231 386 3294 adiicimus.
399 3229 521 3310 Itaque
536 3230 684 3310 dignum
700 3230 822 3293 habuit
839 3229 1011 3293 Dominus
1027 3241 1065 3293 ut
1086 3230 1153 3293 hoc
1173 3232 1426 3311 quadrimestri

190 3337 372 3415 fastigium
398 3353 440 3398 ac
463 3348 596 3400 tectum
622 3337 688 3416 ipsi
714 3337 985 3416 imposuerimus
1014 3338 1123 3417 operi.
1159 3337 1427 3403 Praecoluimus

189 3446 285 3521 item,
303 3445 482 3525 hocceque
497 3445 739 3507 habitaculum
756 3445 804 3506 ita
821 3444 1019 3522 refecimus,
1034 3456 1072 3507 ut
1087 3445 1122 3507 in
1138 3445 1215 3524 ipso
1230 3446 1426 3510 babeamus

190 3552 368 3614 mediocre
391 3552 583 3631 quodpiam
599 3553 781 3629 sacellum,
799 3552 857 3613 ubi
874 3550 1145 3614 Sacramentum
1156 3549 1426 3616 Sanctissimum

189 3659 273 3722 laeti
289 3657 477 3721 admodum
497 3659 695 3721 statuimus.
720 3658 797 3721 Hoc
821 3676 907 3720 sane
930 3658 975 3720 ad
998 3658 1065 3721 Dei
1081 3658 1219 3745 laudem
1236 3660 1425 3738 plurimum

190 3766 348 3828 excitare
368 3765 519 3843 videtur,
540 3783 735 3828 concursus
751 3782 877 3843 nempe
893 3762 1017 3827 videre
1041 3764 1086 3827 ad
1110 3765 1370 3830 consessionem
1384 3785 1425 3829 ac

189 3874 472 3935 communionem
486 3874 570 3935 utin
583 3873 660 3935 dies
673 3873 788 3951 magis
801 3871 986 3951 magisque
996 3881 1167 3950 augescat
1179 3890 1252 3936 una
1264 3891 1348 3938 cum
1359 3875 1425 3955 spi·

190 3980 309 4042 rituali
322 3979 491 4060 profectu.
511 3980 623 4042 Hodie
640 3996 792 4058 namque
808 3996 947 4041 mecum
962 3980 1091 4058 agebat
1106 3979 1264 4058 quidam,
1282 3983 1343 4060 qui
1357 3981 1426 4044 huc

190 4086 266 4148 heri
278 4087 429 4149 accessit
445 4096 557 4166 pater,
574 4085 617 4147 de
633 4087 788 4166 quodam
803 4086 1068 4165 elegantissimo
1081 4086 1170 4164 uiro,
1188 4087 1249 4166 qui
1265 4089 1425 4167 plurimis

189 4192 313 4255 diebus
326 4194 480 4273 cuipiam
492 4195 628 4272 puellae
640 4211 678 4256 se
688 4194 854 4273 privatim
866 4193 1118 4274 spoponderat,
1138 4211 1289 4275 eamque
1310 4214 1351 4259 eo
1371 4195 1426 4259 dc·

190 4299 364 4376 stituerat,
376 4298 468 4379 quod
482 4300 658 4362 inferioris
670 4319 708 4363 se
722 4300 854 4379 lastigii
868 4311 971 4363 esset:
988 4317 1092 4379 quem
1105 4317 1185 4362 cum
1198 4303 1425 4366 convenisset

189 4422 235 4467 cx
250 4406 352 4469 nobis
368 4405 470 4469 Pater
486 4425 587 4483 unus,
613 4424 722 4486 usque
738 4408 827 4469 adeo
843 4417 1040 4470 commotus
1056 4418 1121 4484 est,
1138 4418 1176 4469 ut
1192 4407 1264 4470 iam
1280 4409 1353 4472 iam
1367 4426 1426 4489 pu-

234 4649 240 4681 t
273 4650 461 4704 Autograpbae
473 4651 497 4694 ln
509 4651 606 4705 duplici
618 4650 687 4703 lolio,
700 4651 782 4704 primo
793 4652 840 4693 sub
851 4663 874 4694 n.
884 4651 933 4703 iil,
944 4651 1029 4691 altero
1040 4659 1103 4691 vero
1114 4659 1164 4692 non
1174 4655 1321 4693 numerato.
