3210 5392
703 423 768 481 Ax.
790 423 861 481 1554
1352 421 1404 480 1019

167 571 360 649 exultante,
378 570 530 634 dicebat.
553 568 691 633 Coniux
716 586 801 632 uero
820 569 907 646 eius,
930 568 987 630 ubi
1003 586 1083 632 eum
1099 569 1243 632 morbus
1258 568 1399 645 inuasit,

167 677 215 739 ibi
232 694 321 741 suae
345 677 490 741 uirtutis
514 694 586 740 non
605 676 773 755 exiguam
792 675 933 755 reliquit
961 675 1178 751 memoriam;
1207 675 1403 738 distributis

167 783 271 862 enim,
288 800 381 863 quos
395 800 518 846 secum
538 782 697 863 gerebat,
720 781 873 844 nummis
894 781 1052 861 (gerebat
1075 791 1193 845 autem
1212 798 1284 844 non
1299 781 1402 845 ualde

167 889 326 970 paucos),
350 888 395 952 iis
415 889 641 970 pauperibus,
659 905 748 969 quos
768 888 814 951 ad
830 905 868 951 se
890 889 1013 951 uocari
1031 889 1195 965 iusserat,
1212 896 1247 951 et
1262 887 1401 952 decum-

166 997 253 1059 bens
267 1007 303 1059 et
319 997 487 1074 moriens,
504 996 539 1059 in
555 995 826 1060 admirationem
847 995 980 1074 pariter
994 1011 1080 1058 suae
1095 995 1283 1074 probitatis
1297 1004 1332 1059 et
1345 995 1401 1058 de·

167 1103 348 1166 notionem
373 1103 579 1167 uniuersum
605 1102 691 1165 illud
716 1101 883 1182 oppidum
909 1102 1118 1164 commouit.
1146 1100 1244 1165 Deus
1271 1111 1400 1177 autem,

167 1228 239 1290 qua
254 1210 565 1274 commiseratione
580 1209 645 1272 bos
658 1209 746 1272 istos
760 1218 950 1271 conseruat
965 1218 999 1272 et
1009 1219 1206 1289 promouet,
1230 1208 1355 1272 eadem
1368 1219 1403 1272 et

165 1317 257 1380 alios
270 1319 460 1397 plerosque
476 1316 521 1381 ad
536 1317 632 1380 uiam
647 1316 800 1380 iustitiae
815 1325 972 1380 reuocat.

225 1423 364 1488 Doctor
388 1424 531 1504 quidam
557 1423 797 1503 iurisperitus,
819 1423 923 1485 nobis
949 1431 1031 1485 ante
1045 1422 1228 1502 aduersus,
1246 1440 1401 1502 eousque

165 1540 326 1595 mutatus
340 1539 405 1610 est,
422 1540 546 1594 utnon
561 1530 610 1594 illi
625 1531 714 1593 satis
729 1530 775 1593 sit
790 1539 919 1592 octauo
936 1547 1075 1609 quoque
1094 1530 1150 1592 die
1166 1530 1403 1593 communica·

164 1655 217 1717 re;
234 1648 281 1714 et,
297 1638 381 1701 licet
396 1637 499 1701 uxori
514 1637 560 1701 sit
577 1637 778 1713 obstrictus
796 1645 916 1716 sperat
932 1645 1051 1698 tamen
1066 1635 1142 1699 iore
1157 1636 1268 1699 utilia
1284 1653 1402 1700 mona·

163 1746 318 1809 sterium
331 1743 486 1824 aliquod,
503 1744 578 1824 ipse
592 1742 806 1808 Societatem
820 1754 991 1820 nostram,
1008 1743 1239 1822 ingrediatur.

224 1851 449 1915 Adolescens
463 1851 618 1932 quidam,
637 1867 750 1913 annos
764 1860 870 1914 natus
887 1849 934 1927 19,
952 1848 1153 1914 Cardinalis
1164 1849 1404 1913 Messanensis

164 1977 212 2022 ex
226 1968 384 2040 cognata
397 1975 519 2038 nepos,
537 1957 693 2038 acceptis
718 1958 764 2021 ab
786 1974 856 2020 uno
876 1956 1021 2020 Patrum
1041 1967 1243 2020 nostrorum
1270 1957 1401 2020 exerei-

161 2067 236 2145 tiis,
252 2066 338 2129 huic
352 2082 391 2129 se
406 2063 575 2129 Societati
590 2064 735 2143 dicauit,
752 2063 897 2143 fierique
915 2062 1044 2143 poterit
1061 2073 1185 2126 utnon
1200 2064 1309 2126 multo
1323 2073 1403 2144 post

162 2173 319 2238 Romam
334 2190 374 2238 se
388 2172 561 2236 conferat.

222 2280 314 2344 Tres
338 2280 498 2360 uirgines
519 2279 773 2343 monasterium
794 2278 934 2357 ingredi
954 2287 1165 2357 statuerunt;
1192 2280 1323 2357 plures,
1350 2288 1402 2342 ta·

159 2388 269 2452 mersi
289 2388 404 2451 nolint
423 2387 517 2451 idem
532 2386 662 2465 facere,
679 2403 780 2449 suam
802 2395 922 2449 tamen
934 2386 1176 2465 uirginitatem
1190 2384 1267 2449 Deo
1282 2402 1400 2449 conse-

157 2505 322 2559 crarunt.
338 2493 522 2575 Quaedam
536 2502 676 2574 raptae
696 2493 925 2571 monasterio,
948 2509 1028 2555 cum
1051 2504 1145 2556 esset
1163 2491 1199 2554 16
1214 2510 1399 2571 annorum,

159 2620 205 2665 ac
219 2611 349 2683 postea
368 2602 405 2665 in
426 2600 697 2665 fornicationem
718 2599 807 2662 duos
828 2617 941 2662 annos
957 2609 1111 2678 uersata,
1128 2599 1224 2662 sacta
1239 2601 1400 2679 generali

156 2709 397 2787 consessione,
423 2707 585 2788 promisit
606 2724 645 2770 se
670 2706 716 2770 ad
741 2707 994 2770 monasterium
1020 2707 1136 2770 redire
1159 2708 1260 2786 uelle,
1288 2724 1399 2787 eoque

157 2817 291 2895 animo,
308 2824 348 2878 ut
362 2816 552 2893 credimus,
568 2831 614 2877 ex
627 2813 696 2877 hac
711 2815 797 2876 urbe
815 2813 988 2876 discessit.
1006 2812 1095 2876 Viro
1111 2813 1252 2876 cuidam
1267 2826 1302 2876 et
1323 2814 1399 2876 eius

156 2924 264 2987 uxori
285 2923 438 2986 daemon
453 2929 682 3002 persuaserat
697 2929 746 2989 ut.
764 2929 860 2982 metu
880 2919 1137 2997 calamitatum,
1161 2929 1400 2983 sacramento·

157 3047 241 3093 rum
253 3045 361 3093 usum
373 3044 520 3109 prorsus
531 3027 764 3107 negligerent,
782 3035 1041 3106 caruerantque
1056 3026 1099 3088 iis
1114 3026 1216 3089 iam5
1230 3036 1293 3088 aut
1307 3025 1399 3089 6an·

157 3151 239 3214 nos;
254 3135 318 3199 sed
332 3133 551 3215 poenitentia
565 3133 673 3211 ducti,
697 3142 846 3212 accepta
868 3132 1100 3208 absolutione,
1124 3142 1158 3194 et
1173 3131 1346 3195 firmiores
1362 3142 1397 3195 et

156 3243 356 3306 alacriores
371 3240 418 3304 ad
432 3257 517 3303 suos
531 3239 722 3302 redierunt.
739 3236 889 3301 Rediere
904 3256 1042 3318 quoque
1058 3238 1103 3301 ad
1119 3256 1157 3301 se
1172 3249 1207 3301 et
1222 3238 1266 3301 ad
1279 3237 1396 3302 Deum

154 3366 263 3413 sunm
283 3348 500 3428 turpissimis
519 3347 770 3427 uoluptatibus
793 3346 829 3410 id
854 3347 950 3426 quod
972 3355 1099 3425 patens
1118 3347 1281 3409 omnibus
1301 3354 1391 3417 erat,

155 3456 282 3535 dediti,
297 3472 437 3518 necnon
453 3454 571 3530 etiam,
589 3454 646 3534 qui
663 3470 684 3515 a
700 3453 818 3516 multis
833 3453 936 3514 annis
952 3451 1106 3515 confessi
1121 3470 1192 3515 non
1207 3462 1319 3532 erant,
1342 3461 1393 3516 at·

154 3582 228 3646 que
239 3565 332 3626 inter
347 3561 414 3625 hos
428 3578 520 3624 unus
534 3560 609 3638 luit,
620 3560 680 3642 qui
692 3576 730 3622 se
746 3561 869 3622 decem
881 3577 1055 3623 annorum
1067 3561 1182 3639 spatio
1195 3560 1261 3623 boc
1274 3577 1390 3623 sacra-

155 3681 281 3736 mento
296 3670 511 3751 priuauerat.
523 3667 748 3731 Remiserunt
761 3667 820 3729 alii
835 3667 927 3744 odia,
938 3667 1008 3744 alii,
1018 3684 1106 3747 quas
1117 3668 1395 3744 habebant,alie·

156 3795 228 3842 nas
242 3794 375 3841 uxores
389 3776 636 3840 amandarum.
654 3772 723 3838 Sed
739 3775 827 3837 baec
849 3775 926 3853 quis
945 3774 1057 3854 possit
1072 3775 1253 3854 sigillatim
1276 3792 1391 3854 perse·

155 3885 237 3967 qui?
251 3902 323 3949 vna
342 3901 413 3947 uox
427 3892 494 3962 est,
510 3884 700 3946 multorum
715 3892 845 3960 tamen,
862 3882 929 3945 sibi
944 3882 1054 3944 uideri
1071 3883 1198 3961 quietis
1213 3883 1345 3962 aliquid
1361 3893 1394 3946 et

155 3992 319 4056 laetitiae
337 3989 530 4070 spiritualis
544 3989 675 4052 sentire
690 4005 771 4052 cum
786 3997 867 4051 sunt
889 3988 924 4051 in
945 3989 1076 4068 templo
1091 3988 1136 4052 D.
1153 3988 1300 4068 Nicolai,
1317 4006 1395 4053 cae-

153 4112 237 4164 tera
251 4098 383 4162 misera
398 4096 674 4177 perturbataque
689 4094 812 4158 uideri.
836 4094 924 4159 Sunt
945 4096 1051 4158 etiam
1073 4107 1174 4159 extra
1195 4095 1395 4175 Collegium

153 4206 291 4270 multae
309 4202 551 4268 consessiones
566 4203 722 4281 auditae,
739 4211 813 4265 tum
829 4202 865 4264 in
881 4202 1125 4281 hospitalibus
1140 4212 1214 4265 tum
1227 4203 1263 4266 in
1277 4204 1395 4284 priua·

159 4314 209 4376 tis
224 4311 400 4377 domibus.

220 4417 293 4483 Nec
309 4435 393 4482 raro
408 4417 545 4482 consilii
560 4416 701 4497 petendi
716 4433 826 4478 causa
842 4415 911 4478 huc
921 4417 1140 4492 conuenitur,
1154 4434 1286 4497 perque
1298 4418 1392 4481 hunc

156 4526 305 4590 modum
329 4500 451 4602 multa,
472 4542 564 4605 quae
583 4524 701 4604 inique
724 4523 975 4595 retinebantur,
998 4533 1080 4585 sunt
1100 4524 1273 4587 restituta.
1301 4523 1395 4588 ΚΜ

159 4634 201 4697 Ρ.
226 4632 471 4712 Prouincialis,
491 4631 620 4695 missus
635 4631 679 4693 ad
697 4629 801 4692 finem
821 4629 903 4711 Julii
923 4629 1114 4710 aProrege
1135 4640 1172 4694 ut
1194 4631 1269 4693 eins
1284 4630 1392 4694 filiam
