3210 5392
185 412 240 473 518
572 411 1030 480 errunnuounbautusrnus

184 567 411 621 sacramento
426 558 673 622 Eucharistiae
688 557 935 636 ministrand0,
949 558 1008 639 qui
1023 557 1081 621 hic
1095 566 1190 633 sunt,
1206 534 1408 619 sacerd&

185 666 357 745 occupari
377 666 439 728 tibi
458 677 580 728 notum
600 675 670 743 est;
692 667 752 746 qui
770 682 935 729 carceres
955 675 989 728 et
1015 673 1244 744 aegrotantes
1267 643 1411 725 ιιίεἰιί41

186 771 404 852 afflictosque
418 773 535 853 quoad
550 782 698 852 possunt
712 775 952 836 consolantur.
969 770 1088 853 Atque
1102 787 1225 834 eorum
1247 785 1349 832 nume
1365 757 1411 819 1

184 879 222 942 in
238 879 312 942 dies
332 892 494 959 augetur,
522 881 582 961 qui
604 878 837 943 confessionis
860 890 895 942 et
917 878 1165 942 Eucharistiae
1188 870 1411 940 sacramel

185 986 386 1066 frequenter
407 987 615 1067 suscipiunt.
1223 973 1227 980 ’

246 1091 430 1156 Docentur
444 1095 547 1174 pueri
560 1092 760 1157 doctrinam
775 1093 1022 1172 christianam,
1045 1101 1081 1155 et
1099 1091 1277 1155 habentur
1292 1089 1411 1153 dieb·

183 1200 371 1263 dominicis
386 1210 419 1262 et
438 1200 548 1280 festis,
566 1210 641 1263 tum
660 1210 782 1264 nostro
798 1201 834 1263 in
852 1202 995 1280 templo,
1022 1209 1098 1263 tum
1117 1199 1196 1263 aliis
1218 1198 1256 1261 in
1273 1198 1360 1261 locis
1368 1232 1411 1273 2

184 1307 317 1369 nostris
331 1308 533 1386 conciones
550 1325 595 1371 ex
610 1308 736 1388 quibus
750 1325 821 1371 non
836 1307 995 1378 modicus
1013 1306 1151 1370 fructus
1164 1306 1379 1387 percipitur„

245 1411 314 1477 Sed
339 1414 428 1477 haec
454 1424 488 1478 et
514 1414 568 1477 his
593 1416 695 1494 plura
723 1412 731 1445 ¹
757 1415 820 1478 tibi
842 1414 968 1478 litteris
987 1414 1077 1477 alias
1098 1411 1301 1493 significata
1324 1420 1411 1475 su:

185 1519 321 1583 Verum
341 1521 384 1584 de
403 1522 576 1585 bonarum
597 1521 779 1585 literarum
803 1520 930 1584 studiis
950 1538 1065 1601 pauca
1088 1517 1242 1584 dicenda
1262 1519 1350 1583 mihi
1367 1537 1411 1581 t,

184 1628 321 1690 deutur.
344 1628 435 1691 Nam
455 1628 648 1691 domestica
669 1628 811 1709 quidem
830 1628 947 1691 studia
970 1644 1151 1708 prospere,
1179 1627 1304 1689 diuina
1322 1626 1379 1689 adi

184 1744 294 1797 uante
313 1736 442 1814 gratia,
466 1735 672 1816 procedunt.
693 1734 842 1798 Externi
863 1752 949 1797 uero
970 1733 1133 1814 discipuli
1147 1743 1295 1796 centum
1310 1743 1344 1795 et
1359 1744 1411 1796 tr]

183 1842 283 1918 ginta
299 1852 390 1919 sunt,
407 1844 478 1922 qui,
496 1842 699 1905 scholarum
708 1851 913 1904 nostrarum
924 1840 1033 1904 dediti
1044 1840 1227 1913 institutis.
1244 1857 1358 1920 aeque
1372 1852 1411 1902 εε

183 1948 296 2011 bonos
311 1966 428 2012 mores
443 1959 480 2011 ut
501 1948 546 2012 ad
571 1949 771 2012 doctrinam
792 1948 1040 2012 informantur.
1064 1946 1246 2011 Proximis
1261 1948 1411 2010 bacch&

184 2055 323 2117 nalibus
338 2055 519 2135 dialogum
531 2066 656 2118 contra
672 2065 858 2136 corruptos
870 2073 911 2119 ea
924 2064 1133 2136 tempestate
1145 2054 1334 2117 hominum
1347 2070 1411 2116 mu

185 2179 255 2240 reS,
273 2171 307 2225 et
326 2163 449 2241 paucis
469 2171 551 2225 ante
571 2162 695 2226 diebus
717 2180 842 2225 uersus
868 2163 1002 2243 aliquot
1023 2170 1058 2224 et
1083 2161 1268 2224 orationes
1288 2161 1411 2224 habu·

185 2277 268 2331 runt
282 2284 405 2332 coram
422 2269 627 2349 Prolegato,
648 2269 896 2350 praesentibus
911 2270 1019 2332 etiam
1039 2269 1118 2332 aliis
1133 2268 1245 2331 totius
1261 2268 1411 2331 ciuitati

185 2375 415 2455 primoribuS,
444 2394 465 2438 a
490 2376 617 2456 quibus
642 2377 777 2438 laudati
802 2376 902 2457 pueri
926 2386 960 2439 et
985 2384 1147 2438 nostrum
1171 2385 1247 2437 tam
1274 2374 1411 2438 uiuenc

182 2498 291 2562 quam
306 2482 455 2546 docendi
470 2483 670 2546 institutum
684 2500 909 2563 summopere
923 2484 1042 2563 palam
1061 2492 1115 2546 est
1130 2483 1411 2562 comprobaturi:

182 2587 370 2652 Mouentur
384 2589 440 2652 his
458 2590 564 2652 rebus
586 2590 694 2668 ciues,
715 2592 774 2670 qui
789 2585 800 2616 ¹
825 2589 954 2652 liberos
977 2605 1061 2651 suos
1079 2588 1182 2651 nobis
1197 2587 1411 2652 erudiendo«

180 2696 338 2759 tradant.
359 2696 543 2761 Venerunt
567 2696 650 2760 hinc
667 2696 713 2758 ad
737 2707 772 2759 te
787 2714 897 2776 nuper
913 2695 982 2759 duo
1008 2696 1122 2759 bonae
1146 2695 1280 2759 indolis
1298 2695 1411 2759 adole

182 2814 335 2882 scenteS,
345 2803 405 2884 qui
413 2801 601 2867 Societatis
610 2813 754 2867 nostrae
763 2804 905 2867 uiuendi
915 2804 1089 2866 rationem
1097 2803 1196 2882 sequi
1205 2802 1331 2866 auimo
1339 2820 1411 2883 pror

183 2920 388 2989 posuerant.
405 2909 474 2988 Qui
493 2927 554 2972 eos
569 2910 748 2974 imitentur
775 2927 819 2973 ex
840 2910 895 2973 his
915 2909 1201 2973 adolescentibus
1222 2910 1411 2973 nonnullo:

181 3017 281 3080 breui
296 3019 370 3080 sore
386 3034 581 3097 speramus.
599 3017 653 3079 De
667 3016 846 3096 Prolegati
862 3035 904 3079 ac
919 3017 1070 3080 aliorum
1085 3017 1299 3095 optimatum
1315 3025 1352 3080 et
1367 3027 1411 3079 to-

181 3125 252 3187 tius
266 3124 417 3204 denique
432 3125 588 3187 ciuitatis
602 3140 689 3203 erga
705 3142 770 3187 nos
788 3124 905 3187 animo
921 3124 1005 3204 quid
1025 3123 1179 3187 scribam
1194 3140 1268 3185 non
1284 3114 1402 3187 habeo

180 3247 286 3310 quem
302 3231 512 3293 beneuolum
527 3248 614 3310 erga
625 3248 691 3293 nos
706 3231 879 3293 hactenus
894 3230 1149 3310 perspeximus
1167 3227 1265 3292 Nihil
1282 3231 1380 3292 enim
1396 3247 1411 3290 ε

180 3338 285 3400 nobis
299 3338 446 3416 geritur,
465 3338 558 3417 quod
574 3339 713 3400 illorum
726 3340 943 3401 uoluntatem
955 3336 1131 3400 offendere
1142 3338 1271 3416 possit,
1285 3336 1411 3417 quippe

181 3444 243 3523 qui
259 3443 270 3473 ³
286 3444 447 3507 omnibus
462 3443 669 3506 satisfacere
691 3444 917 3523 omniumque
934 3443 1128 3506 commodis
1147 3460 1212 3522 pro
1233 3453 1340 3522 parte
1356 3460 1403 3506 no

183 3559 260 3613 stra
280 3551 384 3625 uirili,
406 3562 440 3612 et
463 3549 580 3629 quoad
600 3552 680 3613 licet
701 3567 841 3629 semper
865 3550 1038 3612 inseruire
1063 3549 1282 3612 studeamus.
1313 3547 1411 3631 Spes

185 3675 275 3736 quae
291 3657 334 3719 de
349 3657 453 3719 huius
470 3656 617 3735 Collegii
628 3658 790 3736 profectu
807 3657 934 3719 animis
949 3657 1129 3719 hominum
1146 3657 1411 3737 concipiuntur,

181 3780 335 3842 magnae
350 3774 442 3826 sunt.
459 3763 497 3827 Si
512 3763 595 3843 quid
610 3764 679 3842 fiet,
697 3782 766 3826 non
782 3765 1103 3844 praetermittemus
1125 3762 1170 3825 ad
1188 3771 1221 3825 te
1238 3765 1411 3827 scribere,

241 3870 333 3933 Vale
349 3870 501 3948 interim,
523 3889 657 3950 nosque
678 3871 747 3933 tuis
768 3871 987 3934 orationibus
1014 3870 1285 3934 commendatos
1311 3871 1411 3934 habe,

240 3977 417 4054 Perusiae,
435 3989 562 4058 quarto
575 3996 687 4040 nonas
699 3979 798 4050 lunii,
817 3995 909 4041 anno
922 3997 943 4040 a
959 3977 1151 4040 Natiuitate
1160 3975 1311 4042 Domini
1328 3980 1406 4043 1555

583 4084 622 4146 T.
641 4084 680 4147 R.
698 4084 735 4147 P.
753 4102 889 4162 seruuS,

626 4225 804 4308 Io[nunus]
828 4228 1009 4291 Auroinus
1032 4225 1254 4291 Vnuuanus.

222 4433 231 4466 ί
260 4433 392 4476 Potnncus
403 4434 499 4477 delevit
511 4435 591 4477 verba
600 4432 682 4487 pluro
693 4433 752 4484 tibi,
763 4439 788 4474 et
800 4444 889 4475 eorum
900 4433 955 4475 loco
966 4431 1071 4485 scripsit
1082 4432 1198 4474 similia.

222 4504 233 4535 ²
261 4504 401 4553 Polaticus,
413 4508 450 4547 ut.

222 4577 233 4609 ⁸
261 4576 393 4619 Pouaucus
409 4577 506 4620 delevit
518 4578 598 4620 verba
609 4575 649 4618 De
659 4575 797 4628 Protagora·
812 4576 938 4629 usquead
954 4580 1053 4630 quippe
1070 4577 1126 4628 qui,
1141 4582 1166 4618 et
1182 4576 1251 4620 haec
1271 4581 1411 4624 substituit

188 4649 279 4692 Totius
289 4649 411 4691 ciuitatis
421 4650 510 4690 animi
519 4659 583 4700 erga
595 4659 641 4690 nos
651 4647 774 4690 beneuoli
781 4649 920 4700 videntum
932 4659 979 4691 nec
991 4651 1101 4697 mirum,
1111 4650 1215 4702 quippe
1226 4661 1322 4695 cum...
