3210 5392
272 419 314 477 70
666 419 1123 487 erraaanouanmussrans

249 603 251 608 ι
276 563 378 626 missi
400 562 631 641 Societatem,
659 564 808 629 studiosi
834 564 969 644 logices
996 580 1038 626 ac
1071 562 1226 643 optimae
1251 562 1519 642 expectationis

277 672 434 734 iuuenes.
450 670 624 735 Dominus
639 688 725 737 uero
741 672 885 753 quidam
899 669 1140 735 Bernardinus
1156 667 1177 748 ¹,
1195 687 1240 733 ex
1255 684 1379 733 sorore
1398 686 1518 749 nepos

276 777 430 842 Moscosi
443 775 466 856 ⁸,
482 779 640 855 toletani,
657 779 693 843 in
708 789 858 861 utroque
872 778 956 861 Jure
971 778 1244 853 baccalaureus,
1262 784 1297 838 et
1311 774 1457 857 quidam
1473 777 1512 840 in

275 884 361 966 Jure
375 885 469 948 ciuili
483 885 691 950 licenciatus
711 885 856 965 Rasgou
872 885 1024 960 nomine,
1046 901 1089 948 ac
1104 863 1290 964 praeterea
1305 882 1515 962 theologiae

277 1007 403 1055 sacrae
415 990 567 1069 Doctor,
583 1003 619 1056 et
633 992 777 1072 quidam
792 992 1002 1072 cognomine
1020 990 1049 1054 F
1052 1001 1175 1055 uentes
1196 1000 1334 1054 tantum
1353 991 1389 1054 in
1406 1006 1516 1054 excr-

274 1098 370 1162 citiis
384 1097 627 1179 profecerunt,
644 1110 682 1163 ut
695 1101 727 1163 si
741 1109 900 1180 possent,
917 1098 1022 1162 facile
1036 1098 1226 1178 quasdam,
1243 1096 1369 1178 quibus
1385 1097 1510 1161 distin·

276 1213 335 1268 cte
349 1203 361 1234 ⁸
376 1205 578 1270 detinentur
593 1207 703 1271 tricas
718 1205 928 1287 effugerent,
951 1205 1129 1269 interdum
1150 1203 1355 1286 frequenter
1371 1221 1520 1268 asseue-

280 1323 399 1376 rantes
414 1312 475 1375 vix
490 1329 528 1376 se
548 1330 653 1392 posse
677 1322 780 1378 extra
803 1312 1017 1399 Societatem
1042 1312 1176 1375 uiuere.
1203 1311 1422 1374 Benedictus
1442 1311 1516 1373 Do·

278 1417 400 1481 astaus
413 1424 447 1481 et
462 1419 578 1482 Pater
594 1420 743 1482 Domini
755 1420 876 1483 nostri
885 1419 977 1500 Jesu
997 1417 1145 1489 Christi,
1160 1417 1225 1497 qui
1237 1417 1381 1480 uocauit
1394 1433 1463 1480 nos
1477 1418 1522 1479 ia

280 1523 492 1589 Societatem
507 1526 599 1589 Filii
609 1527 672 1589 sui
683 1524 706 1590 ⁵.
727 1527 853 1589 Anien.

338 1631 505 1696 Proximo
520 1649 641 1696 mense
652 1632 736 1716 Julii
749 1631 843 1696 R.‘¹¹¹⁸
862 1631 966 1697 Pater
979 1643 1099 1698 noster
1114 1632 1358 1707 ProuincialiS,
1373 1630 1518 1695 Doctor·

280 1736 417 1817 Araoz,
445 1749 635 1820 antequam
660 1740 791 1805 Albani
812 1741 977 1821 oppidum
994 1739 1005 1771 ³
1021 1740 1152 1819 adiret,
1176 1750 1214 1802 ut
1239 1738 1440 1820 Principem
1468 1755 1515 1802 ac

280 1844 520 1925 Hispanorum
534 1844 669 1926 Regem
683 1843 694 1877 ⁰
707 1848 743 1909 in
757 1846 926 1926 Angliam
942 1847 1237 1927 proficiscentem,
1260 1844 1345 1927 [qui]
1364 1846 1401 1909 in
1416 1845 1522 1910 dicto

279 1950 409 2032 oppido
418 1952 656 2042 'recreationis
667 1970 777 2016 causa
793 1963 876 2016 tunc
892 1954 1133 2031 detinebatur,
1161 1953 1344 2028 inuiseret,
1372 1953 1430 2016 hic
1446 1969 1518 2016 suo

280 2075 346 2121 nos
360 2059 470 2122 verbo
487 2068 520 2123 et
536 2061 697 2140 exemplo
713 2061 904 2140 plurimum
919 2061 954 2123 in
967 2060 1107 2125 Christo
1122 2061 1309 2124 recreauit.
1335 2058 1410 2124 Illic
1423 2077 1517 2124 uero

281 2166 516 2245 quarumdam
532 2167 749 2245 monialium,
766 2184 857 2249 quae
873 2167 983 2248 ipsius
991 2166 1102 2233 Ducis
1116 2165 1248 2230 Albani
1263 2165 1273 2196 ¹
1289 2165 1412 2230 affines
1426 2183 1511 2230 con·

280 2272 569 2353 sanguineaeque
584 2285 696 2352 erant,
710 2283 858 2354 rogatu,
876 2274 986 2338 uerba
1006 2290 1111 2338 sacra
1125 2281 1224 2337 tauta
1240 2289 1360 2337 rerum
1374 2272 1514 2336 diuina·

282 2395 361 2441 rum
376 2380 481 2459 copia
497 2390 665 2461 tantaque
681 2380 819 2443 dicendi
834 2380 871 2443 vi
882 2397 926 2443 ac
941 2378 1061 2443 diuino
1076 2380 1204 2461 spiritu
1215 2379 1314 2458 tecit,
1331 2389 1369 2443 ut
1388 2397 1518 2444 omnes

282 2485 452 2549 infletum
468 2486 670 2563 concitarit,
687 2497 725 2550 ut
740 2487 811 2550 iam
823 2486 905 2549 uiua
918 2485 1168 2551 confiterentur
1180 2503 1268 2550 uoce
1280 2502 1318 2549 se
1330 2503 1516 2567 nunquam

282 2603 388 2656 antea
413 2593 497 2673 quid
521 2602 614 2656 esset
640 2593 805 2673 religiose
830 2593 953 2657 viuere
976 2594 1200 2672 cognouisse.
1224 2591 1384 2672 Quarum
1399 2611 1516 2674 usque

282 2700 372 2763 adeo
387 2701 444 2763 uel
459 2700 564 2764 unica
579 2698 695 2763 Patris
709 2700 880 2763 concione
896 2700 1052 2763 excitata
1071 2699 1135 2763 fuit
1149 2699 1293 2764 deuotio
1316 2709 1422 2780 atque
1437 2718 1517 2764 cor·

282 2807 337 2870 dis
351 2807 592 2887 compunctio,
607 2816 646 2871 ut
669 2807 822 2885 socium,
849 2825 954 2888 quem
979 2823 1099 2870 secum
1113 2807 1267 2871 babebat
1283 2804 1306 2885 ⁸,
1323 2805 1453 2871 ibidem
1468 2809 1517 2872 ad

283 2927 422 2995 tempus
436 2915 635 2994 relinquere
650 2925 797 2979 coactus
811 2914 934 2992 suerit,
952 2914 1011 2994 qui
1026 2914 1136 2978 diuini
1153 2913 1250 2978 verbi
1270 2914 1408 2978 fructus
1429 2924 1522 2978 tam-

284 3039 393 3102 quam
407 3022 521 3085 bonus
536 3039 579 3084 ac
594 3021 685 3084 fidus
700 3021 832 3085 Christi
844 3038 980 3084 messor
995 3020 1191 3100 colligeret.

345 3127 423 3191 Non
435 3129 545 3192 multo
556 3139 637 3209 post
654 3128 720 3191 hos
735 3128 810 3192 dies
830 3128 950 3191 diuina
971 3144 1037 3207 ope
1052 3126 1215 3192 effectum
1227 3136 1292 3205 est,
1309 3145 1352 3193 ac
1368 3127 1520 3195 Patrum

286 3245 489 3298 nostrorum
505 3251 632 3315 opera,
649 3245 688 3297 ut
702 3235 821 3315 plures
837 3252 880 3298 ac
894 3234 1002 3310 uarii,
1019 3234 1079 3315 qui
1094 3233 1256 3297 diuersas
1267 3234 1312 3299 ob
1327 3251 1457 3299 causas
1469 3246 1521 3299 te·

286 3341 479 3405 nacissimo
495 3340 574 3404 odio
591 3341 682 3404 inter
698 3356 776 3405 sese
796 3340 1030 3417 dissidebant,
1055 3341 1165 3404 multo
1191 3349 1315 3420 postea
1339 3358 1381 3405 ac
1396 3341 1523 3405 diuino

283 3449 534 3528 copularentur
551 3464 688 3526 amore,
706 3447 797 3510 inter
812 3463 901 3527 quos
912 3446 1003 3510 duae
1015 3447 1229 3527 coniugatae
1246 3447 1428 3527 muliereS,
1445 3465 1522 3512 non

285 3555 361 3619 sine
377 3572 507 3634 magno
523 3556 660 3632 labore,
684 3553 848 3618 effectum
873 3563 979 3617 estut
1005 3554 1042 3617 in
1063 3554 1255 3633 coniugum
1274 3571 1420 3619 suorum
1438 3571 1521 3635 gra·

285 3663 373 3725 tiam
387 3662 553 3727 redirent.
567 3662 664 3726 Lites
676 3677 879 3740 uero,quae
892 3661 982 3723 inter
994 3661 1092 3723 ciues
1104 3672 1197 3737 sunt,
1211 3670 1317 3741 atque
1329 3661 1520 3726 interdicta

287 3786 442 3849 quoque,
458 3786 549 3850 quae
565 3768 602 3831 in
616 3769 684 3831 hac
700 3767 844 3831 ciuitate
860 3776 1005 3848 propter
1022 3765 1181 3846 jndicum
1199 3767 1414 3831 secularium
1438 3785 1522 3832 cum

328 4007 336 4040 ¹
367 4007 541 4052 Bernsrdinus
551 4007 582 4051 de
594 4007 734 4052 sandoval.
745 4006 812 4051 Vide
822 4006 935 4050 Pocaucr
946 4005 1100 4054 chronicon.
1109 4012 1128 4050 t.
1140 4017 1238 4061 1v‚psg
1254 4006 1304 4058 37⁶,
1314 4019 1337 4050 n.
1349 4007 1398 4051 807.

327 4080 339 4111 ²
367 4078 508 4134 Saepiusln
520 4078 1524 4135 noblllornrnfflspanlaefamiliarumstemnratibusconiuncteapperenthsec

285 4152 438 4205 cognomina
449 4150 597 4194 Moscosoet
605 4151 753 4204 sandoval:
762 4151 819 4205 quls
830 4157 917 4194 tamen
928 4150 969 4193 hic
979 4150 1110 4194 toletanus
1121 4149 1239 4194 Moscoso
1248 4151 1326 4194 inerit
1335 4152 1445 4196 nondum
1454 4152 1525 4197 scire

290 4224 425 4267 valuimus.

328 4295 339 4326 ὅ
367 4293 418 4345 Sic,
430 4296 526 4338 rectius
537 4294 793 4338 iortssslsdr‘stri'ctt.

328 4367 340 4398 ὁ
367 4366 389 4408 2.
404 4365 501 4418 Cor.,1,
515 4376 539 4407 v.
550 4366 623 4409 3.-t.
638 4365 717 4418 Pera,
729 4365 749 4417 l,
761 4378 785 4408 v.
802 4367 826 4409 3.

328 4437 340 4470 ⁵
367 4437 444 4489 Alba,
455 4437 575 4492 oppidum
585 4448 598 4479 e
609 4448 658 4491 quo
668 4448 760 4481 nomen
770 4449 903 4491 sumpsere
915 4437 1010 4482 Albani
1021 4438 1065 4491 (de
1076 4437 1153 4486 Albai
1165 4435 1260 4481 Duces.

327 4506 340 4538 ⁰
367 4508 502 4563 Philippus
513 4507 643 4561 Princeps,
654 4510 699 4552 sed
710 4509 821 4553 nondum
832 4510 974 4564 Hispaniae
986 4509 1050 4553 Rex.

330 4581 340 4610 Ἰ
369 4579 548 4623 Ferdinnndus
559 4580 674 4623 alverez
683 4581 714 4623 de
725 4581 830 4624 Toledo.

327 4651 340 4684 ⁸
368 4651 434 4695 Vide
445 4649 558 4695 Possunt
570 4647 724 4704 chronicon,
735 4660 744 4695 t
765 4662 801 4706 tv,
812 4665 872 4707 pag.
882 4653 930 4706 tao,
942 4664 969 4696 n.
981 4652 1030 4696 9³8.
