3210 5392
709 448 773 507 ΑΝ.
796 448 865 506 toth
1356 447 1416 505 '080

179 594 324 674 quando
338 597 358 656 5
373 597 430 657 vel
444 598 563 674 plures
578 594 782 658 deficientes
797 605 830 657 et
847 595 1096 657 semimortuos
1112 611 1197 673 prae
1213 594 1322 657 nimia
1338 602 1408 656 tur·

181 701 237 778 ba,
253 718 345 781 quae
361 701 397 764 in
417 701 492 764 dies
512 702 720 779 augebatur,
743 712 930 781 propterea
947 700 1040 781 quod
1062 701 1284 763 diuersorum
1299 717 1407 780 pago·

180 825 260 870 rum
273 807 411 870 incolae
426 819 531 888 atque
551 809 658 871 etiam
681 808 780 871 multi
801 827 846 871 ex
865 807 993 871 Insulis
1010 807 1018 838 ¹
1035 809 1138 888 (quae
1154 808 1283 871 ciuitas
1298 817 1352 869 est
1371 808 1406 870 in

179 914 350 977 Flandria
365 914 525 989 celebris)
542 914 587 977 ad
603 933 682 978 eum
697 931 829 994 pagum
841 915 901 977 vbi
914 916 1038 977 concio
1050 915 1247 977 habebatur
1258 914 1410 977 conflue·

181 1022 281 1099 bant3
290 1038 450 1101 perquas
462 1021 604 1101 quidem
612 1022 802 1084 conciones
813 1031 918 1100 atque
930 1022 1037 1084 etiam
1052 1022 1304 1097 consessiones,
1318 1039 1409 1101 quae

179 1127 489 1208 frequentissimae
512 1129 653 1192 suerunt
674 1131 800 1209 (neque
824 1139 943 1192 tamen
965 1127 1079 1191 adhuc
1099 1128 1168 1191 illis
1188 1127 1411 1191 satisfactum

180 1244 246 1312 est,
263 1246 455 1299 accurrunt
474 1237 567 1298 enim
587 1235 735 1298 subinde
755 1235 800 1298 ad
820 1252 886 1298 nos
908 1236 1049 1315 plurimi
1064 1246 1103 1297 vt
1125 1235 1361 1298 confiteantur
1376 1247 1411 1297 et

181 1343 467 1420 communicent),
485 1343 585 1406 multi
600 1343 782 1420 haeretici,
801 1342 963 1420 adulteri,
984 1342 1230 1418 fornicatores
1247 1342 1411 1405 concubi·

181 1450 275 1512 narii
288 1449 431 1529 publici,
447 1449 681 1529 resipuerunt;
699 1466 769 1512 una
785 1450 952 1512 meretrix
965 1465 1219 1512 conuersarum
1234 1459 1408 1511 monaste-

181 1556 274 1619 rium
288 1555 447 1633 intrauit;
463 1557 673 1619 vacillantes
687 1557 723 1618 in
738 1555 806 1619 lide
822 1554 1032 1619 confirmati.

241 1661 376 1725 Audiui
391 1680 469 1742 ego,
486 1664 545 1742 qui
561 1663 650 1725 haee
665 1663 782 1726 scribo
798 1666 848 1738 (vt
865 1663 979 1726 obiter
989 1664 1057 1725 hoc
1068 1661 1210 1741 dicam),
1225 1663 1413 1727 cuiusdam

183 1769 338 1832 rusticae
359 1770 515 1833 mulieris
534 1771 741 1833 lutheranae
761 1780 795 1833 et
815 1770 1117 1833 sacramentariae
1138 1768 1246 1833 filiam
1266 1770 1303 1833 in
1325 1787 1405 1833 cou-

183 1875 348 1953 fessione,
366 1893 456 1955 quae
471 1879 578 1939 etiam
601 1875 646 1939 ad
666 1878 800 1957 aliquot
821 1894 935 1939 anuos
954 1877 1079 1939 eadem
1100 1876 1288 1939 haereseos
1309 1886 1410 1956 peste

183 1982 313 2046 infecta
328 1983 455 2045 fuerat.
480 1982 548 2046 Sed
563 1992 643 2064 post
657 1983 815 2046 auditum
830 1982 868 2045 P.
885 1982 1105 2046 Bernardum
1123 1990 1135 2021 ¹
1154 1982 1271 2045 aiebat
1286 2000 1325 2046 se
1340 1992 1409 2046 sta-

185 2090 245 2152 tim
256 2088 405 2152 rediisse
417 2090 463 2153 ad
474 2101 639 2153 mentem:
653 2089 867 2153 remansisse
879 2099 998 2152 tamen
1009 2089 1059 2152 illi
1070 2091 1274 2168 scrupulum
1286 2107 1410 2165 uuum,

185 2197 331 2274 scilicet,
348 2215 393 2259 an
410 2215 474 2277 pro
489 2208 603 2261 matre
617 2214 721 2260 orare
735 2197 878 2260 deberet
891 2197 963 2260 iam
973 2195 1137 2259 defuncta
1154 2197 1189 2259 in
1205 2195 1409 2276 Germania,

185 2321 253 2384 quo
281 2322 319 2367 se
345 2307 544 2367 contulerat
565 2303 770 2367 Flandriam
789 2304 969 2381 deserenS,
996 2304 1040 2365 ob
1066 2304 1233 2366 haereses
1252 2305 1417 2367 securius

184 2411 344 2489 tuendas,
362 2422 396 2474 et
410 2411 639 2474 valedicendo
655 2412 700 2474 ab
715 2412 792 2490 ipsa
808 2410 940 2473 monita
957 2410 1072 2473 luerat
1087 2409 1180 2473 serio
1194 2428 1237 2473 ne
1253 2428 1410 2490 vnquam

184 2534 247 2596 pro
262 2535 312 2594 se,
329 2517 398 2580 hoc
412 2528 477 2596 est,
494 2535 558 2580 sua
574 2526 697 2594 matre,
714 2517 835 2580 audita
852 2517 962 2597 ipsius
981 2525 1094 2579 morte
1109 2512 1266 2596 vnqt'ram
1288 2533 1419 2595 preces

187 2624 276 2685 vllas
289 2622 464 2702 sunde1·et;
481 2641 585 2704 quem
601 2626 817 2702 scrupulum,
833 2633 872 2685 vt
881 2622 932 2685 illi
943 2623 1145 2701 eximerem,
1159 2623 1338 2702 respondi:
1351 2625 1413 2685 tali

185 2739 375 2810 praecepto
396 2732 521 2793 matris
540 2748 611 2792 non
631 2748 709 2793 esse
729 2731 933 2808 obnoxiam,
956 2729 1019 2793 sed
1038 2747 1146 2793 verae
1166 2747 1252 2792 suae
1274 2730 1412 2806 matris,

186 2837 358 2901 ecclesiae
373 2838 582 2915 catholicae,
601 2847 792 2917 praecepto
813 2837 928 2916 magis
944 2837 1067 2913 teneri,
1084 2853 1174 2914 quae
1193 2837 1288 2899 iubet
1310 2853 1415 2899 orare

187 2961 250 3024 pro
274 2945 437 3008 omnibus
457 2945 642 3020 defunctis,
667 2943 710 3006 de
732 2944 859 3024 quibus
881 2961 952 3005 non
975 2952 1027 3006 est
1050 2954 1185 3007 certum
1208 2944 1244 3005 in
1263 2954 1413 3023 peccato

187 3052 327 3114 mortali
342 3052 424 3115 hinc
440 3053 624 3129 migrasse.
639 3050 722 3114 Post
735 3049 829 3130 quod
844 3067 1052 3130 responsum
1068 3051 1165 3113 illam
1180 3050 1269 3113 bene
1285 3051 1415 3113 laetam

186 3169 219 3220 et
230 3160 389 3221 alacrem
403 3159 439 3221 in
454 3157 607 3220 Domino
622 3158 750 3231 dimisi;
767 3167 801 3220 et
818 3156 981 3237 quamuis
993 3156 1029 3218 in
1044 3156 1214 3235 praelatis
1229 3155 1332 3235 pagis
1342 3173 1415 3218 non

187 3263 362 3328 defuerint
377 3265 558 3343 haeretici,
576 3265 636 3344 qui
652 3263 687 3326 P.
706 3264 888 3327 Bernardo
905 3274 939 3325 et
954 3264 1028 3325 suis
1044 3262 1274 3325 concionibus
1283 3279 1347 3341 pro
1363 3263 1413 3325 vi-

187 3371 241 3433 rili
266 3371 506 3449 detraherent,
533 3382 703 3433 vocantes
730 3371 825 3432 illurn
846 3369 1096 3432 antichristum
1118 3379 1152 3431 et
1176 3368 1418 3449 hypocritam,

188 3478 302 3558 pergit
318 3487 437 3541 tamen
451 3479 601 3558 populus
623 3477 700 3540 Deo
720 3477 867 3554 seruire,
884 3487 923 3539 vt
944 3477 1070 3556 coepit,
1093 3485 1127 3538 et
1143 3475 1283 3556 quidem
1305 3478 1416 3539 multo

188 3583 350 3647 devotius
372 3585 486 3663 solito,
511 3585 717 3648 detestando
740 3583 818 3646 fidei
842 3583 1041 3646 catholicae
1064 3599 1205 3646 errores
1227 3592 1262 3646 et
1280 3583 1368 3646 vitia
1391 3581 1413 3662 ⁸,
1511 3663 1515 3673 ¹

188 3706 269 3754 nam
284 3692 321 3754 in
335 3690 543 3754 Pentecoste
555 3692 715 3771 proxime
731 3692 852 3768 elapsa
864 3689 1007 3753 suerunt
1018 3689 1054 3752 in
1067 3689 1220 3769 quodam
1232 3706 1326 3770 pago
1341 3689 1416 3752 sere

153 3832 162 3837 -
189 3797 335 3860 trecenti
346 3799 465 3877 plures
476 3798 580 3860 solito
592 3797 903 3873 communicantes
918 3805 1031 3876 neque
1043 3796 1139 3875 piget
1150 3797 1229 3859 illos
1241 3795 1416 3859 interdum

189 3902 396 3984 intempesta
411 3916 517 3968 nocte
531 3921 679 3984 surgere
694 3914 733 3966 vt
745 3904 940 3966 matutinae
953 3903 1117 3965 concioni
1127 3901 1166 3965 P.
1180 3902 1354 3965 Bernardi
1367 3904 1414 3964 in·

189 4011 311 4073 tersint
326 4010 494 4073 Tornaci.
516 4011 677 4091 Denique
696 4027 759 4090 per
779 4009 941 4073 eumdem
963 4009 1104 4072 Patrem
1125 4018 1207 4071 sunt
1227 4009 1421 4071 nonnullae

189 4117 399 4181 concordiae
420 4130 598 4197 peractae.

193 4293 401 4305 —-—-—-—

226 4395 233 4428 ¹
262 4395 364 4440 “insula
376 4397 432 4440 slve
443 4395 554 4448 Insulae,
570 4394 643 4438 l'Isle
654 4394 746 4448 Gallis,
761 4392 833 4436 tulta
845 4392 926 4444 italis,
941 4391 1038 4447 Ryssei
1053 4391 1149 4444 Belgis,
1163 4393 1225 4435 urbs
1242 4391 1325 4445 Belgll
1343 4404 1416 4446 prae·

192 4466 258 4510 clara
268 4469 443 4517 mercimonio.
454 4471 478 4512 ln
489 4467 628 4512 Flandriac
639 4467 728 4521 primis
741 4466 840 4514 habita,
852 4464 919 4508 inter
930 4463 1098 4508 Turnacumb
1112 4469 1138 4505 et
1154 4462 1269 4506 Duarum
1280 4463 1369 4507 sleuc.
1380 4467 1413 4507 ab

194 4533 284 4592 Hypris
293 4542 307 4582 6
316 4541 342 4584 in
350 4540 492 4591 meridiem,
503 4540 528 4584 in
537 4539 668 4588 Artesiae,
679 4545 705 4581 ct
716 4538 851 4581 Annoniac
862 4536 994 4588 confinis„
1005 4533 1131 4585 Fortunat,
1143 4532 1206 4576 Lex.
1220 4534 1368 4588 Geograpa.
1448 4583 1450 4587 ,

231 4611 242 4641 ¹
268 4611 298 4655 Ρ.
311 4611 473 4656 Bernardum
484 4610 634 4655 oliverium.

231 4682 242 4714 ³
268 4683 490 4734 Scilicet.errores
498 4681 556 4726 fidel
564 4683 710 4726 catholicae
719 4681 890 4725 adversantes
899 4688 924 4722 et
935 4679 1007 4724 vitia.
1016 4689 1081 4732 quae
1092 4677 1155 4720 tides
1163 4676 1293 4720 catholica
1301 4677 1423 4722 damnat.
