3210 5392
722 407 787 485 an'.
810 427 880 485 5555
1358 428 1415 485 aar

217 568 318 635 Indiam
327 581 377 635 est
389 572 513 650 iturus)
526 573 714 653 plurimum
728 572 805 634 Deo
816 572 983 635 seruitur.
994 572 1150 637 Relictus
1163 583 1216 636 est
1228 572 1412 635 ibiFrater

216 674 337 755 ignatius
350 678 514 758 Vogad0,
535 679 581 742 ad
603 697 708 760 quem
727 681 829 744 multi
850 679 932 742 hinc
948 680 1096 743 mittunt¹
1105 681 1349 760 eleemosynas
1364 679 1414 742 ad

215 785 400 849 redimendos
408 787 582 865 captiuos.
594 786 714 866 Nuper
723 786 804 849 inde
813 787 908 849 misit
919 786 1088 849 tredecim
1097 786 1329 864 foeminaS,in
1338 788 1411 866 qui-

214 893 262 955 bus
270 902 359 955 erant
373 892 523 973 puellae,
540 894 728 973 exquibus
745 911 815 957 una
836 903 1010 957 statuerat
1025 892 1102 955 fieri
1123 893 1288 955 hebraea:
1306 911 1412 972 quae-

214 998 455 1078 damgrandior
467 1008 564 1077 natu,
579 1001 712 1080 aliquot
725 1017 838 1063 annos
850 1000 1055 1080 turpissimo
1069 999 1261 1062 Mahometi
1275 998 1414 1079 [cultuii

214 1106 441 1184 setradiderat,
459 1117 743 1186 notauerantque
758 1107 951 1186 stigmatis,
970 1119 1007 1169 vt
1027 1107 1077 1169 illi
1098 1107 1197 1185 genti
1212 1124 1288 1169 mos
1317 1118 1369 1169 est
1389 1107 1406 1167 ¹.

177 1284 183 1297 .
255 1211 339 1276 Nunc
353 1223 591 1293 expectantur
605 1213 722 1288 multi,
739 1227 929 1293 propterea
945 1214 1039 1293 quod
1055 1213 1152 1275 missi
1172 1223 1253 1275 sunt
1266 1211 1348 1274 3000
1368 1210 1408 1282 it.

213 1315 326 1398 Scripsit
339 1320 415 1400 ipse
431 1318 541 1382 irater
555 1337 594 1383 se
609 1319 740 1382 habere
762 1331 931 1399 perpetuo
945 1319 997 1397 40,
1014 1320 1155 1383 interim
1168 1319 1209 1380 45
1227 1330 1411 1399 aegrotos,

214 1425 308 1505 quibus
318 1425 488 1488 curandis
501 1424 651 1505 grandis
665 1427 816 1505 pecunia
833 1426 1055 1506 expenditur,
1071 1444 1162 1506 quae
1177 1442 1223 1489 ex
1236 1425 1413 1505 Hispania

215 1532 290 1611 apiis
304 1533 505 1595 hominibus
527 1533 688 1596 mittitur.

256 1636 396 1718 Captiui,
413 1639 474 1719 qui
496 1638 577 1701 inde
594 1639 758 1715 veniunt,
775 1656 846 1703 non
867 1650 1008 1702 ccssant
1023 1640 1099 1702 eius
1121 1642 1321 1720 exemplum
1342 1641 1414 1703 vir-

215 1743 465 1823 ntisadmirari;
482 1746 518 1808 in
533 1745 698 1808 omnibus
713 1745 806 1808 enim
823 1762 863 1807 se
876 1746 1025 1825 praebet
1037 1744 1177 1809 fidelem
1197 1747 1409 1809 ministrum.

216 1845 299 1914 Mauri
311 1851 459 1915 credunt
478 1853 575 1914 illum
596 1869 673 1914 esse
693 1862 873 1928 sanctum,
891 1852 995 1931 idque
1015 1870 1120 1933 saepe
1136 1851 1274 1930 dicunt,
1293 1853 1413 1916 viden·

218 1960 256 2016 tes
269 1958 365 2021 animi
387 1958 679 2038 aequabilitatem
698 1959 1032 2039 perpessionemque
1055 1960 1091 2022 in
1115 1959 1270 2022 ferendis
1291 1969 1411 2023 contu·

219 2063 299 2127 meliis
313 2065 420 2128 illatis
434 2082 455 2126 a
470 2064 600 2144 pueris.
619 2062 771 2143 Quidam
785 2064 888 2127 fidem
910 2077 1116 2144 negauerat;
1132 2079 1267 2146 postea,
1284 2066 1415 2128 ductus

217 2170 413 2250 poenitentia,
431 2171 574 2252 scripsit
589 2170 634 2232 ad
650 2170 689 2234 P.
704 2171 878 2253 Joannem
900 2173 1093 2235 secundum
1107 2171 1221 2235 Deum
1245 2191 1316 2236 non
1332 2190 1409 2237 esse

218 2272 310 2354 alium,
325 2295 388 2358 per
403 2294 507 2359 quem
529 2288 649 2357 posset
671 2277 813 2356 redimi,
829 2277 1026 2356 deprecans
1040 2290 1079 2341 vt
1101 2279 1136 2341 id
1151 2281 1257 2343 vellet
1279 2279 1410 2343 facere:

218 2389 386 2463 susceptum
410 2396 464 2447 est
486 2385 684 2463 negotium:
707 2384 911 2464 propediem
936 2384 1061 2447 aderit.
1078 2384 1247 2464 Quidam,
1269 2388 1414 2450 nomine

214 2478 451 2554 Misericordiae
476 2490 488 2521 ¹
517 2491 621 2554 huius
648 2490 765 2569 vrbis,
798 2491 1000 2571 petiuerunt
1036 2492 1210 2571 proximis
1237 2492 1360 2556 diebus
1389 2512 1410 2555 a

214 2580 241 2644 P·
249 2590 367 2671 Joanne
381 2597 508 2674 Nonio,
522 2607 561 2660 vt
573 2598 678 2660 vellet
694 2615 755 2661 eos
777 2599 949 2678 captiuos,
964 2599 1024 2678 qui
1043 2599 1079 2661 in
1091 2597 1195 2662 Salac
1211 2601 1387 2663 coloniam
1400 2599 1414 2630 ³

213 2689 324 2766 deducti
348 2713 448 2783 sunt,
472 2704 662 2782 redimere,
686 2705 972 2785 quandoquidem
998 2706 1042 2768 ob
1068 2725 1147 2769 eam
1172 2724 1247 2769 rem
1272 2708 1341 2770 huc
1367 2726 1414 2770 ex

210 2793 307 2874 Africa
319 2811 493 2889 venisset;
510 2810 731 2891 quibuscum
747 2811 987 2890 respondisset
1003 2829 1041 2874 se
1057 2812 1144 2875 nihil
1160 2830 1263 2893 posse
1278 2813 1413 2892 iacere,

208 2903 257 2970 nisi
279 2918 366 2998 qued
389 2917 592 2998 superiores
617 2917 849 2995 iudicassent,
867 2919 1037 2999 alloquuti
1059 2929 1141 2982 sunt
1165 2919 1301 2999 Regem
1316 2930 1356 2983 vt
1377 2920 1412 2982 id

205 3019 267 3081 lum
280 3023 314 3087 P.
331 3023 467 3088 Mirone
487 3034 629 3102 ageret,
647 3024 741 3104 quod
757 3024 897 3105 quidem
912 3024 1010 3101 iecit;
1027 3043 1152 3089 verum
1166 3044 1237 3089 non
1256 3027 1344 3089 satis
1359 3037 1412 3089 est

202 3117 349 3207 emporis
363 3140 403 3194 vt
421 3131 534 3211 possit
549 3148 591 3193 eo
606 3147 814 3210 excurrere,
832 3141 867 3195 et
881 3133 987 3196 simul
1001 3133 1049 3196 ad
1065 3132 1202 3197 Indiam
1222 3133 1413 3214 proticisci:

198 3220 322 3300 tltidem
335 3237 518 3318 respondit
534 3236 602 3299 illis
617 3236 693 3300 Rex
709 3238 804 3300 nullo
820 3238 925 3301 modo
942 3237 1016 3301 lieri
1030 3256 1146 3319 posse.

237 3337 297 3408 Ab
310 3344 410 3409 India
428 3360 500 3406 non
522 3354 607 3407 sunt
618 3346 749 3408 allatae
764 3345 951 3424 epistolae,
968 3346 1053 3425 quia
1067 3347 1224 3410 nondum
1237 3357 1416 3411 uenerunt

189 3439 306 3528 naues,
328 3452 364 3514 in
390 3449 517 3530 quibus
542 3450 732 3512 vehuntur.
749 3450 896 3530 Appulit
917 3452 1112 3532 quaedam,
1128 3454 1222 3517 vnde
1247 3455 1414 3533 cognoui-

186 3545 259 3611 mus
284 3556 479 3621 discessum
502 3555 640 3634 felicem
664 3555 811 3619 Patrum
842 3555 864 3634 ⁴,
895 3574 958 3636 pro
984 3559 1111 3637 quibus
1140 3560 1345 3624 sacerdotes
1370 3559 1416 3624 de

183 3650 281 3755 POre
302 3662 518 3728 sacrificium
544 3661 719 3743 iecerunt,
749 3681 965 3744 quamquam
991 3666 1131 3729 illorum
1157 3685 1326 3731 excessus
1351 3685 1414 3730 va·

182 3758 221 3812 ‘¹⁶
247 3780 393 3834 nostros
418 3771 556 3834 animos
580 3770 753 3845 affecerit,
776 3780 922 3849 propter
943 3773 1187 3851 operariorum
1208 3775 1411 3854 penuriam,

179 3865 335 3941 Ina{time
349 3878 385 3940 in
408 3877 477 3939 illis
497 3877 599 3940 locis:
617 3888 736 3940 tamen
757 3893 889 3953 omnes,
907 3875 1065 3940 diuinam
1081 3880 1300 3943 voluntatem
1320 3897 1417 3942 eom·

181 4024 398 4064 k

208 4133 223 4168 ¹
268 4150 336 4199 lianc
351 4155 493 4209 indigitare
509 4154 613 4197 videtur
629 4153 771 4205 Ponancus,
784 4153 844 4195 dum
861 4153 960 4195 scribit:
970 4153 1092 4207 puellam
1103 4158 1336 4211 quaradarrr,quae
1348 4161 1410 4213 jum

179 4197 389 4337 ξ”ἱέἒίηὺανὺα
405 4227 499 4269 notatu
507 4225 605 4281 suerat
621 4237 694 4268 errore
711 4224 858 4266 ntulierum
874 4233 1077 4269 saracenorum.
1089 4225 1192 4282 cirron„
1202 4235 1221 4273 t.
1239 4239 1274 4282 iv,
1285 4242 1350 4285 pag.
1367 4232 1419 4281 571,

213 4351 233 4383 ¹
271 4365 375 4424 Scilicet,
387 4368 622 4422 confraternitatis,
632 4368 666 4411 de
676 4364 866 4410 Misericordia
875 4364 970 4408 dictae.

219 4423 237 4457 ⁸
272 4436 543 4491 Sela,velSa1e,urbs
557 4446 634 4483 estet
649 4445 742 4494 portus
752 4437 786 4481 ad
801 4434 929 4479 Atlantici
947 4446 1020 4481 oram
1034 4439 1060 4482 ln
1077 4441 1184 4496 imperio
1195 4441 1343 4500 Marocano,
1355 4448 1417 4491 olim

191 4502 373 4556 merectoribus
383 4518 410 4556 et
419 4511 514 4567 piratis
521 4511 650 4565 irequens,
659 4522 725 4554 nunc
734 4511 788 4554 iere
797 4508 924 4552 desertus.
932 4505 971 4550 De
979 4508 1028 4553 hac
1038 4513 1200 4566 captivorum
1208 4517 1317 4571 colonia,
1327 4516 1417 4562 Salam

196 4563 309 4629 deducta,
319 4581 376 4626 vide
386 4594 474 4639 supra,
487 4590 505 4627 t.
517 4594 543 4635 0,
552 4594 613 4637 pag.
623 4583 671 4628 677.

235 4642 249 4676 ⁴
276 4648 333 4696 Vide
343 4653 455 4701 Ponasct
467 4656 621 4706 Cirronicon,
641 4662 659 4699 t.
671 4667 707 4710 rr,
717 4667 778 4711 pag.
788 4655 837 4708 555,
849 4666 874 4698 n.
888 4644 949 4692 120³·
