3210 5392
706 404 770 465 Aa.
793 406 862 464 labi
1384 405 1404 460 7

160 549 316 631 pradicti
329 560 520 629 venerunt,
537 568 583 614 ex
597 551 725 631 quibus
736 549 842 615 Pater
856 551 886 615 F
887 553 1073 616 ranciscus
1084 550 1192 615 totius
1203 549 1399 630 Hispaniae

161 657 201 720 in
215 657 516 737 commissarium,
533 675 576 722 ac
591 657 759 739 deinceps
775 657 1048 723 Doctor'Araoz
1060 656 1251 735 Castellae,
1264 655 1401 720 Doctor

160 764 295 828 Torres
320 764 503 843 Baeticae,
531 763 704 846 Magister
727 763 857 829 Strada
878 764 1130 845 AragonibuS,
1158 764 1196 827 in
1221 762 1399 843 praeposi·

163 882 220 933 tos
254 880 336 935 sunt
368 870 554 951 praefiniti.
591 871 708 935 Etiam
738 871 861 935 habita
898 872 1192 952 congregatione,
1222 868 1398 933 Constitu·

163 977 297 1055 tiones,
313 976 473 1058 Regulac
489 991 596 1059 atque
611 977 725 1042 officia
743 989 874 1042 cuncta
886 978 1066 1058 patefacta
1081 976 1234 1056 suerunt,
1260 976 1304 1039 de
1323 977 1396 1055 qui-

163 1085 231 1147 bus
245 1101 353 1165 supra
368 1085 512 1148 modum
527 1083 735 1149 Paracletus
751 1088 887 1149 solatus
902 1096 954 1149 est
970 1102 1036 1149 nos
1054 1083 1074 1148 ¹.

224 1189 445 1255 Adolescens
454 1191 641 1272 quispiam,
656 1194 766 1272 probe
780 1194 960 1256 intellectu
970 1192 1163 1272 praeditus,
1174 1190 1302 1254 abhinc
1312 1205 1398 1269 pau-

163 1299 218 1360 cis
232 1298 354 1361 diebus
369 1298 434 1362 suit
448 1299 543 1362 domi
557 1309 720 1379 nostrae,
737 1300 799 1379 qui
819 1301 884 1362 sub
904 1300 1202 1364 carthusiensium
1223 1296 1396 1376 Regulam

162 1404 241 1467 sore
253 1422 290 1467 se
305 1404 546 1486 recipiendum
558 1424 690 1486 operae
702 1408 857 1487 pretium
871 1407 982 1471 duxit.
1000 1406 1102 1469 Alius
1113 1421 1200 1467 vero
1217 1403 1398 1467 exercitiis

161 1510 281 1573 adhuc
298 1521 414 1576 vacat:
431 1513 461 1575 is
474 1513 614 1592 ingredi
626 1510 844 1577 Societatem
856 1512 1026 1590 decreuit,
1040 1513 1100 1593 qui
1112 1511 1294 1591 utriusque
1306 1507 1396 1588 juris

162 1617 336 1697 facultati,
352 1618 525 1683 Pontificii
541 1620 675 1684 scilicet
691 1630 725 1684 et
746 1619 929 1698 Caesarei,
952 1636 1098 1700 operam
1116 1617 1273 1682 dederat.

224 1722 264 1787 In
278 1726 440 1789 omnibus
454 1738 489 1790 et
503 1744 566 1806 per
582 1727 700 1790 omnia
722 1727 885 1791 laudetur
904 1735 938 1790 et
957 1725 1173 1807 glorificetur
1193 1724 1301 1787 totius
1313 1722 1395 1784 boni

161 1830 246 1893 fons
260 1839 366 1911 atque
381 1832 493 1912 origo,
512 1833 675 1897 Christus
687 1834 790 1916 Jesus
802 1832 976 1897 Dominus
989 1844 1023 1895 et
1035 1831 1248 1911 Redemptor
1260 1839 1392 1906 noster,

161 1953 269 2015 quem
284 1939 432 2019 supplex
446 1939 618 2020 deprecor
632 1950 671 2004 vt
692 1939 946 2003 Paternitatem
966 1949 1064 2002 tuam
1083 1938 1184 2002 nobis
1203 1938 1261 1999 diu
1277 1943 1394 1998 seruet

161 2044 376 2108 incolumem
391 2046 530 2126 tuisque
545 2047 708 2111 omnibus
728 2048 885 2110 consiliis
908 2056 1013 2127 atque
1035 2044 1220 2110 conatibus
1241 2042 1394 2123 Spiritus

165 2149 289 2213 Sancti
300 2153 418 2230 gratia
430 2162 463 2216 et
474 2152 597 2217 fauore
605 2171 745 2234 semper
757 2154 912 2217 assistat.
928 2153 966 2217 In
976 2153 1178 2231 sanctisque
1191 2152 1274 2213 item
1286 2149 1393 2211 sacri·

164 2256 257 2320 ficiis
271 2259 408 2339 piisque
423 2261 642 2324 orationibus
656 2261 884 2325 Paternitatis
896 2271 978 2324 tuae
994 2260 1218 2339 omniumque
1230 2256 1393 2320 charissi-

164 2380 305 2427 morum
319 2363 464 2429 Patrum
480 2384 523 2430 ac
537 2366 717 2447 Fratrum,
734 2368 793 2448 qui
805 2367 908 2430 isthic
924 2375 1046 2446 agunt,
1063 2380 1285 2444 summopere
1300 2363 1394 2442 cupi·

163 2487 245 2533 mus
260 2473 512 2551 commendari,
526 2485 564 2536 vt
576 2472 675 2553 digni
687 2473 881 2538 efficiamur
896 2475 956 2554 qui
971 2489 1157 2553 supremae
1169 2469 1407 2534 beatitudinis.

162 2578 341 2657 promissa
355 2597 503 2644 munera
519 2582 677 2645 obtinere
693 2599 901 2646 mereamur.

224 2685 452 2766 hiethymnae
467 2687 591 2769 Campi
606 2689 720 2770 pridie
739 2687 921 2752 Kalendas
937 2688 1066 2753 Iunias.

223 2790 356 2856 Rector
369 2792 475 2857 Pater
490 2793 685 2875 Seuillano,
703 2795 798 2875 quod
814 2795 968 2859 Abulam
982 2811 1108 2858 versus
1130 2795 1198 2857 iter
1213 2790 1391 2868 habuerit,

161 2916 184 2960 a
200 2898 408 2979 Methymna
423 2902 534 2965 abest.

225 3005 264 3069 P.
281 3015 362 3071 tuae
377 3009 543 3073 minimus
558 3019 592 3073 et
603 3010 770 3090 indignus
785 3010 888 3089 filius,

848 3224 1022 3306 Josarrrus
1043 3241 1091 3287 na
1113 3222 1265 3287 Acosrn.

203 3425 212 3456 ¹
243 3423 310 3469 Hinc
321 3426 456 3488 evidenter
466 3429 575 3483 eruitur,
585 3430 625 3473 sin
637 3431 720 3474 minus
732 3431 837 3474 initium
848 3437 875 3474 et
885 3431 989 3474 duratio
998 3430 1098 3485 primae
1110 3428 1327 3484 congregationis
1335 3428 1397 3473 Pro·

159 3496 286 3541 vincialls
296 3496 322 3540 S.
329 3496 350 3550 J.
358 3497 383 3542 in
393 3497 529 3553 Hispania,
540 3501 634 3545 saltem
643 3501 753 3555 mensis,
765 3502 791 3546 ln
802 3513 851 3557 quo
863 3503 996 3545 celebrata
1007 3501 1064 3553 init,
1075 3502 1141 3556 qnod
1152 3501 1254 3556 quidem
1264 3500 1395 3556 hucusque

157 3566 295 3611 historicis
305 3567 390 3612 inerat
400 3569 524 3623 ignotum.
535 3570 602 3615 Vide
614 3571 711 3615 Carras
719 3572 752 3615 de
764 3571 820 3615 San
829 3572 949 3626 Ignacio,
959 3579 981 3617 t.
994 3583 1030 3626 ιν,
1041 3582 1103 3627 pag.
1117 3571 1149 3625 10,
1161 3577 1248 3616 annot.
1259 3570 1279 3621 2,
1289 3572 1332 3614 nbi
1343 3571 1395 3615 edi·

159 3648 243 3691 tores,
252 3639 429 3695 coniectando,
439 3642 524 3685 minus
534 3644 673 3687 averitate
685 3645 842 3688 aberrarunt
853 3654 930 3698 quam
941 3645 1034 3687 harum
1045 3654 1131 3686 rernm
1141 3644 1291 3697 scriptores,
1300 3643 1395 3697 quiens

159 3721 342 3765 praecessere.

204 3780 293 3826 Etiam
304 3793 336 3825 ex
346 3782 451 3837 litteris,
462 3786 574 3829 nondum
583 3787 608 3830 ln
615 3788 699 3832 lucem
706 3788 792 3837 editis.
802 3798 818 3831 a
826 3787 854 3831 P.
864 3786 953 3831 Natali
962 3786 1079 3831 exaratis
1086 3792 1113 3829 et
1121 3784 1276 3830 Vallisoleto
1285 3784 1393 3828 Romam

158 3854 195 3897 ad
208 3852 236 3896 P.
246 3852 277 3896 N.
286 3852 417 3908 Ignatinm
427 3856 519 3908 mlssls,
528 3858 594 3901 satis
605 3860 677 3902 clare
688 3858 825 3902 deducitur
835 3859 861 3902 in
873 3869 959 3901 mense
968 3858 1053 3913 Aprili
1066 3857 1183 3901 habitam
1194 3856 1271 3900 inisse
1281 3854 1394 3910 Congre-

157 3925 303 3980 gationem.
314 3926 360 3971 Ait
370 3938 433 3982 ergo
443 3927 557 3974 Natalis.
570 3928 624 3974 “Yo
635 3932 705 3984 parti
717 3931 748 3974 de
759 3932 819 3985 aqnl
830 3930 1000 3981 (vallisoleto
1016 3932 1116 3984 nempe)
1126 3939 1186 3972 creo
1197 3926 1250 3971 aad
1264 3928 1295 3970 de
1306 3926 1393 3979 Marco

158 4007 229 4053 pars
238 3996 403 4049 salamanca.
412 4011 429 4055 y
439 4000 524 4044 vinea
535 4000 645 4055 bledlna,
656 4003 777 4058 publlqne
789 4005 829 4046 las
840 4002 1048 4054 constituciones,
1060 4002 1085 4045 di
1096 4001 1193 4056 Regias
1202 4032 1207 4055 ,
1217 4012 1235 4056 y
1244 4000 1340 4043 ordene
1354 4000 1394 4042 los

160 4069 288 4124 collegios
298 4080 329 4113 en
340 4071 401 4115 todo
411 4073 436 4115 lo
446 4084 495 4127 qne
505 4084 545 4117 me
557 4075 661 4130 pareclo
672 4076 820 4120 necessario
831 4088 848 4132 y
859 4075 907 4118 vtii
919 4085 951 4117 en
960 4076 984 4117 el
995 4073 1076 4117 Senot
1086 4079 1204 4127 nuestro,
1215 4085 1232 4129 y
1243 4082 1275 4114 en
1292 4070 1393 4114 Medina

158 4142 315 4186 hallandose
326 4143 351 4186 ei
359 4142 407 4188 Pa
418 4142 566 4194 Francisco.
576 4147 601 4190 el
611 4145 660 4190 Dr.
675 4148 771 4199 Araoz,
783 4148 808 4191 el
819 4145 865 4190 Dr.
874 4145 979 4197 Torres,
990 4147 1014 4189 el
1025 4144 1076 4189 Mn
1088 4144 1249 4200 Strada,yel
1257 4144 1299 4187 P.·
1310 4143 1394 4187 Villa·

159 4223 275 4270 nueuay
286 4214 319 4267 lo,
328 4225 356 4258 se
366 4215 424 4260 hizo
434 4218 457 4259 la
469 4218 599 4271 particlon
609 4218 640 4261 de
650 4219 689 4263 las
699 4219 856 4273 prouincias,
867 4230 883 4274 y
892 4219 1041 4272 pnsieronse
1050 4218 1088 4261 los
1095 4217 1268 4271 prouinciales
1278 4216 1393 4272 ycomis·

156 4284 239 4329 sario.
251 4284 284 4328 El
295 4285 344 4331 Dr.
355 4286 443 4332 Araoz
454 4300 486 4332 en
496 4289 607 4335 castilla
618 4303 634 4345 y
646 4290 736 4346 Reyno
747 4291 777 4333 de
789 4290 894 4342 Toledo,
905 4292 929 4334 el
938 4288 983 4333 Dr.
992 4289 1087 4333 'forres
1099 4300 1128 4331 en
1138 4287 1310 4343 Andalnzlay
1321 4286 1392 4330 Stre·

157 4355 281 4408 mdm.
291 4360 314 4402 el
325 4358 377 4404 lio
389 4362 486 4408 strada
495 4374 561 4418 para
572 4363 689 4416 Aragon,
701 4362 855 4419 Valenclay
867 4362 1003 4413 cararum,
1014 4374 1031 4417 y
1042 4362 1066 4405 el
1076 4361 1118 4403 P.0
1129 4359 1175 4403 Ma
1187 4358 1270 4403 iilron
1279 4358 1392 4414 qnedan·

154 4441 223 4485 dose
233 4448 300 4495 pm
310 4438 410 4481 acabar
420 4447 450 4480 sn
460 4435 580 4489 triennio;
590 4447 608 4491 y
618 4436 642 4478 el
654 4435 695 4478 Pa
708 4433 849 4479 Franclsco
860 4436 936 4477 sobre
948 4434 1022 4476 todos
1032 4464 1044 4485 „

200 4509 256 4553 Hae
266 4519 331 4553 vero
341 4508 447 4553 litterae
458 4518 508 4551 non
519 4506 684 4563 Methymnae
695 4507 740 4551 sed
750 4506 899 4551 Vallisoletl
910 4515 955 4548 xrv
967 4503 1026 4559 Maii
1042 4503 1093 4547 istd
1103 4502 1206 4546 inerunt
1217 4508 1352 4555 exaratae,
1363 4510 1390 4544 et

153 4587 184 4630 ln
195 4583 249 4627 illis
258 4582 289 4625 de
300 4580 412 4625 diversis
427 4581 512 4632 rebus,
528 4586 586 4635 post
602 4579 838 4633 congregationem
853 4578 969 4633 peractis
984 4574 1012 4620 lit
1028 4586 1125 4619 sermo:
1142 4574 1245 4619 inerunt
1261 4584 1324 4629 ergo
1340 4585 1391 4617 non
1467 4620 1470 4625 ,

150 4653 249 4713 paucis
259 4660 317 4709 post
327 4652 562 4707 Congregatlonem
572 4653 662 4696 diebus
672 4652 796 4706 scriptae.
