3210 5392
232 110 288 166 55⁴
620 109 790 165 burensis
809 123 1081 174 ounuarnasrass

232 261 383 338 ipsomet
399 263 475 322 loco
491 258 653 338 supplicii
675 259 864 320 conciones
886 257 1076 319 habentur:
1100 272 1222 318 earum
1244 238 1501 318 fructussoli
1560 276 1563 281 ·

234 365 310 428 Deo
337 378 416 428 sunt
443 367 634 429 manifesti:
666 382 756 427 vnus
785 376 904 426 tamen
932 365 1141 438 multorum,
1173 378 1261 443 quos
1285 377 1348 440 ego
1371 357 1506 423 effe
1594 351 1603 360 '

235 474 413 549 existimo,
442 475 527 536 mihi
553 473 714 536 innotuit.
741 474 911 536 Intererat
940 470 1131 551 aliquando
1157 469 1228 547 vir,
1255 469 1314 548 qui
1337 469 1374 532 ob
1394 468 1432 531 ι’-
1448 465 1513 511 ‘¹1'

234 580 366 643 flictum
382 582 448 642 sibi
464 582 507 643 ab
528 581 734 643 aduersario
759 583 918 658 (propter
942 579 1098 657 alapam)
1119 577 1257 653 vulnus,
1278 562 1522 668 extremssf

234 685 437 768 [unctionis]
454 691 531 751 oleo
546 701 669 751 sancto
686 697 876 767 perunctus
894 686 1026 760 fuerat,
1043 687 1103 766 qui
1118 687 1317 764 etiamnon
1339 661 1533 768 aad?

235 805 317 857 ante
330 795 452 858 diebus
467 809 615 858 mortem
630 797 680 858 illi
695 797 914 858 moliebatur:
932 797 962 857 is
976 795 1083 874 igitur
1099 794 1242 856 Patrem
1256 791 1300 854 de
1313 772 1543 878 homiffiff'

232 902 292 963 dio
308 901 539 965 disserentem
555 904 712 978 audiens,
726 915 910 982 tantopere
926 913 1157 982 compunctus
1171 901 1248 978 suit,
1264 911 1302 963 ut
1316 913 1454 980 proprj
1495 870 1557 929 Ψ

234 1019 360 1088 sponte
376 1009 432 1071 die
447 1010 622 1071 dominica
637 1010 799 1089 proxime
815 1010 976 1089 sequenti
987 1010 1082 1080 domi
1097 1009 1213 1090 ipsum
1228 1009 1402 1088 alloquens
1413 972 1570 1063 ‘el

235 1118 493 1194 complectens,
524 1118 774 1180 reconciliatus
806 1118 948 1179 omnino
978 1117 1026 1179 illi
1054 1116 1171 1179 fuerit.
1200 1114 1321 1178 Seruis
1353 1116 1486 1177 etia5
1511 1083 1581 1143 fl

234 1223 415 1303 (quantum
444 1240 567 1285 eorum
595 1224 661 1286 fert
689 1225 837 1303 captus)
863 1225 1004 1302 pietat-is
1028 1223 1197 1302 dogmata
1222 1229 1458 1301 exponuntut
1475 1193 1591 1265 ια’

235 1330 326 1391 unde
341 1343 375 1391 et
391 1330 597 1406 collegimus
611 1331 763 1392 fructum
778 1349 849 1393 non
864 1332 1052 1407 modicum,
1067 1340 1301 1392 mercatorem
1311 1327 1453 1390 scilicet
1470 1320 1547 1368 θ
1557 1297 1597 1360 ¹¹

233 1437 304 1515 qui,
322 1435 441 1497 audito
457 1439 564 1498 semel
580 1448 690 1517 patre,
708 1439 839 1516 statim,
857 1449 893 1500 ut
910 1438 976 1517 ipsi
988 1448 1135 1517 peccata
1147 1435 1383 1512 confiteretur,
1394 1414 1592 1497 (ἰώ

236 1559 332 1605 mum
347 1543 500 1606 aduenit.

297 1648 418 1712 Restat
439 1661 475 1712 ut
495 1651 538 1713 de
559 1650 594 1712 P.
617 1649 789 1730 Magistro
808 1652 968 1731 Baptista
988 1664 1022 1714 et
1042 1651 1080 1715 P.
1102 1650 1211 1714 Paulo
1237 1651 1409 1714 dicamus:
1430 1648 1463 1711 't

235 1757 328 1819 enim
349 1768 475 1819 octauo
495 1775 634 1837 quoque
658 1759 714 1821 die
737 1760 773 1821 in
793 1760 903 1822 variis
924 1759 1026 1838 hujus
1045 1759 1143 1822 vrbis
1163 1758 1320 1836 templis,
1340 1773 1383 1819 eo
1401 1771 1499 1819 α’*
1574 1746 1603 1775 ““

236 1865 359 1943 plausu
389 1881 457 1943 quo
486 1882 624 1944 semper
652 1867 783 1941 solent,
808 1868 1082 1929 concionantur:
1106 1877 1260 1946 quantus
1284 1876 1403 1927 autem
1430 1877 1500 1915 ὗ
1582 1852 1605 1881 ³

235 1988 342 2050 quam
358 1972 480 2034 varius
503 1974 548 2034 sit
563 1972 715 2050 fructus,
732 1973 836 2036 facilc
857 1986 909 2036 est
929 1974 1095 2052 colligere
1114 1991 1160 2036 ex
1181 1971 1439 2036 confessionibu

129 2064 133 2072 ’
236 2079 425 2142 multorum
451 2097 641 2155 annorum,
666 2098 711 2142 ex
732 2085 841 2143 multa
860 2082 1056 2160 frequentia
1078 2081 1113 2142 in
1131 2079 1291 2144 visendis
1310 2077 1437 2143 xenod·
1456 2089 1525 2121 ⁴·
1547 2067 1605 2101 ““

150 2182 152 2186 ’
236 2187 337 2263 cbiiS,
355 2206 398 2249 cx
414 2188 609 2250 ministerio
624 2189 671 2249 ibi
687 2208 706 2248 a
724 2190 841 2251 multis
856 2189 1011 2251 exhibito
1025 2187 1189 2268 infirmis;
1207 2188 1295 2265 duo,
1313 2203 1438 2267 quoru
1461 2205 1514 2234 ι·
1587 2185 1605 2208 ¹

237 2309 327 2355 unus
341 2312 459 2374 eques,
478 2298 566 2356 alter
582 2308 756 2358 mercator
772 2309 859 2373 erat,
882 2313 986 2374 quem
1001 2295 1178 2358 habebant
1198 2295 1347 2357 nimium
1361 2311 1436 2356 orn
1482 2282 1605 2332 ²³⁵

237 2411 310 2462 tum
326 2401 532 2479 vendidere,
549 2403 618 2465 imo
634 2413 668 2464 et
684 2403 781 2481 ipsos
796 2403 948 2482 parietes
970 2401 1145 2481 tapetibus
1166 2402 1409 2482 expoliarunt,

237 2508 440 2570 necessaria
463 2510 672 2587 pauperibus
695 2525 843 2588 erogare
869 2519 1023 2588 possent.
1051 2509 1206 2572 Fuerunt
1232 2520 1265 2571 et
1293 2509 1514 2588 virgin(

237 2633 339 2693 quae,
356 2616 478 2678 relicto
491 2615 592 2695 hujus
605 2618 724 2680 mundi
736 2596 829 2679 vano
841 2628 875 2679 et
888 2616 1024 2680 caduco
1039 2609 1224 2696 apparatu,
1238 2616 1420 2680 solitudin
1435 2642 1440 2669 ι
1480 2626 1533 2658 ⁶

237 2732 271 2783 et
286 2722 536 2801 poenitentiam
549 2726 741 2801 elegerunt:
754 2724 914 2786 instituta
926 2724 1033 2787 etiam
1044 2723 1109 2787 suit
1125 2723 1215 2786 inter
1228 2723 1328 2785 viros
1341 2721 1431 2786 state

237 2829 330 2890 nitas
343 2829 538 2900 charitatis,
551 2830 600 2891 ita
611 2831 703 2891 enim
716 2832 924 2909 appellatur,
936 2847 1005 2909 qua
1014 2829 1229 2909 pauperibus
1240 2830 1313 2892 iam
1321 2846 1405 2892 recu
1415 2854 1423 2882 ν
1435 2838 1532 2882 ά

236 2936 395 2997 rantibus
411 2937 598 2998 sanitatem
619 2936 804 3014 pristinam
823 2937 1024 2999 necessaria
1045 2945 1275 3015 pararentur;
1292 2953 1358 2999 nec
1380 2916 1560 2999 solu?

237 3044 303 3119 his,
317 3061 440 3104 verum
453 3044 613 3104 omnibus
623 3044 749 3104 misere
762 3044 956 3121 egentibus:
970 3043 1133 3104 conuenit
1144 3042 1266 3105 itidem
1277 3043 1371 3105 inter
1383 3042 1442 3104 ad·
1482 3045 1557 3081 e

238 3152 409 3211 lescentes
425 3170 478 3225 ea,
496 3168 586 3227 quae
602 3150 698 3228 prius
714 3151 748 3211 in
765 3149 866 3221 ludis,
883 3149 1056 3211 conuiuiis
1071 3159 1105 3210 et
1120 3149 1199 3211 aliis
1214 3150 1334 3211 multis
1358 3151 1480 3228 (quar
1561 3133 1605 3168 ⁵

238 3258 326 3317 solet
342 3269 440 3317 aetas
455 3257 513 3317 illa
529 3257 670 3332 habere)
684 3257 830 3335 prodige
843 3255 1107 3331 consumebant,
1123 3255 1159 3316 in
1173 3273 1257 3317 vsus
1268 3270 1441 3334 pauperu·
1494 3262 1540 3294 ⁶

236 3376 457 3426 conuertere:
475 3365 601 3425 mirum
618 3365 723 3426 ctiam
744 3375 914 3442 quantum
929 3363 995 3424 sibi
1017 3374 1169 3424 caueant
1184 3362 1347 3423 homines
1369 3341 1550 3423 irruis?

238 3469 340 3548 hujus
356 3489 375 3532 a
392 3470 555 3549 perjuriis
571 3482 603 3532 et
621 3469 837 3549 jusjurandis
851 3468 941 3548 (sic).

298 3576 377 3639 Duo
394 3589 511 3640 autem
531 3590 729 3656 supersunt,
747 3594 837 3655 quae
852 3576 915 3637 tibi
931 3576 1084 3637 maxime
1105 3591 1292 3636 recensere
1312 3574 1442 3652 gaud·
1483 3579 1551 3613 ‘

238 3685 405 3762 primum,
424 3687 515 3763 quod
531 3687 576 3756 is,
600 3687 658 3764 qui
678 3685 723 3745 ab
743 3683 1023 3760 Archiepiscopo
1045 3680 1248 3760 Hispalensi
1268 3682 1386 3743 vicem
1403 3696 1426 3759 g

236 3791 406 3853 bernandi
423 3792 766 3870 archiepiscopatum
781 3803 814 3852 et
830 3807 957 3851 munus
972 3789 1017 3850 ad
1033 3788 1298 3866 persequendos
1313 3786 1394 3850 fidei
1405 3789 1442 3849 h·
1462 3797 1536 3831 0

237 3906 309 3958 stes
325 3901 461 3977 accepit
478 3899 544 3975 (vir
560 3898 700 3975 quidem
716 3910 750 3958 et
770 3897 967 3958 eruditione
983 3905 1017 3957 et
1040 3893 1228 3973 prudentia
1244 3895 1380 3970 claruS,
1405 3906 1523 3956 ω’

237 4003 360 4082 bisque
378 4023 398 4066 a
415 4006 587 4084 principio
607 4006 760 4066 maxime
777 4004 968 4079 addictus),
985 4012 1023 4064 ut
1038 4001 1238 4063 mercedem
1258 4017 1403 4063 suorum
1416 4001 1490 4062 21:
1504 3998 1605 4023 s

237 4110 360 4172 borum
375 4112 581 4188 susciperet,
599 4112 841 4190 spiritualibus
856 4126 894 4171 se
909 4109 1068 4170 exercuit
1083 4108 1217 4187 aliquot
1232 4107 1355 4170 diebus
1367 4114 1516 4170 exe-1

236 4217 446 4279 citamentrs:
463 4233 633 4296 quantum
649 4230 765 4280 autem
781 4217 816 4278 in
832 4217 875 4278 iis
890 4214 1096 4295 profecerit,
1118 4215 1174 4275 vel
1195 4214 1271 4292 ipse
1294 4230 1395 4294 quem
1416 4212 1573 4274 εἴ

236 4342 274 4388 se
291 4326 426 4389 diffudit
442 4330 527 4391 odor
544 4341 705 4405 testatut·;
727 4329 814 4391 adeo
835 4330 941 4390 etiam
966 4328 1141 4407 imperare
1161 4321 1240 4383 aliis
1260 4335 1405 4385 exosum
1422 4303 1591 4377 fl?

1554 2714 1605 2746 A
