3210 5392
614 420 677 478 Aa.
701 420 769 478 lona
1257 422 1311 480 273

75 572 310 642 peccatorum
326 566 373 629 ad
385 566 638 646 poenitentiam
657 565 856 642 conuersi0,
870 574 1044 628 testantur
1060 566 1095 628 id
1111 566 1215 645 plane
1237 585 1307 630 non

76 670 247 734 minimae
268 673 461 735 lachrimae
482 682 517 735 et
535 673 705 752 gemitus,
733 671 791 751 qui
817 672 851 733 in
878 683 999 734 nostro
1026 673 1155 752 templo
1176 674 1210 735 in
1233 674 1309 737 dies

76 777 330 840 exandiuntur.
353 778 421 858 Qui
441 786 546 841 antea
568 780 633 842 sub
655 778 775 841 mundi
801 788 902 841 erant
924 779 1088 858 imperio,
1119 798 1212 842 nunc
1243 782 1308 844 sub

76 881 214 946 Christi
230 885 381 947 militant
396 886 536 948 uexillo:
559 886 618 965 qui
638 885 797 964 turpibus
820 895 925 947 antea
948 896 981 947 et
1001 886 1163 948 obscenis
1180 887 1308 950 irretiti

76 1003 185 1053 erant
199 992 304 1068 uitiis,
321 991 377 1055 bis
397 1010 491 1055 nunc
513 993 678 1072 expediti,
702 991 879 1071 perfectae
901 992 1097 1054 honestatis
1114 1004 1146 1055 et
1167 994 1309 1073 pietatis

76 1107 163 1160 sunt
180 1099 341 1162 omnibus
367 1100 539 1179 exemplo.
566 1097 635 1162 Sed
651 1100 738 1162 haec
764 1098 916 1178 longiori
941 1116 1114 1177 sermone,
1134 1118 1214 1164 cum
1238 1119 1308 1164 non

73 1221 191 1267 vnum
206 1215 266 1268 aut
278 1206 429 1268 alterum
444 1215 540 1269 extet
555 1206 658 1269 huius
669 1206 720 1268 rei
732 1207 943 1284 exemplum,
957 1206 1019 1269 sed
1030 1224 1141 1286 prope
1153 1208 1308 1271 innume-

73 1327 129 1387 ra,
143 1312 312 1391 prosequi
327 1329 398 1375 non
414 1323 467 1374 est
482 1313 632 1376 animus.

138 1417 199 1480 Ad
224 1418 312 1481 haec
336 1418 463 1482 nefarii
482 1419 626 1498 quidam
649 1437 714 1481 nec
733 1418 909 1482 inferioris
931 1419 1145 1484 conditionis
1171 1430 1308 1484 tantum

71 1522 157 1599 uiri,
175 1524 237 1588 sed
252 1534 285 1587 et
301 1525 407 1589 huius
422 1526 578 1589 ciuitatis
593 1526 764 1606 primarii,
792 1543 942 1606 quorum
961 1527 1102 1590 infamis
1125 1528 1198 1590 uita
1220 1531 1305 1593 nulli

72 1646 149 1692 non
166 1639 244 1693 erat
259 1644 355 1710 nota,
378 1633 473 1708 quod
491 1633 549 1695 siti
570 1632 828 1712 inextinguibili
848 1633 1071 1696 inimicorum
1096 1636 1304 1714 sanguinem

73 1747 286 1816 expeterent
306 1755 348 1801 ac
370 1739 479 1801 armis
499 1739 616 1802 onusti
632 1756 772 1820 semper
792 1740 1093 1819 conspicerentur,
1110 1759 1216 1820 nunc,
1238 1743 1306 1805 illis

74 1842 267 1922 depositiS,
298 1845 342 1907 iis
367 1845 525 1908 animum
549 1846 707 1909 muniere
732 1847 858 1924 armis,
891 1847 1016 1926 quibus
1047 1848 1181 1910 diutino
1215 1850 1306 1912 bello

77 1950 251 2013 mundum
273 1968 497 2031 expugnare,
522 1969 666 2015 carnem
695 1953 870 2031 subigere,
898 1953 1107 2017 daemonem
1131 1954 1307 2018 debellare

78 2067 223 2134 queant.
238 2055 306 2121 Sed
318 2075 373 2134 ne,
391 2057 473 2121 dum
490 2059 637 2122 nimium
653 2076 817 2139 propero,
839 2061 937 2138 leges
952 2062 1191 2142 praescriptas
1206 2079 1306 2125 exce·

80 2160 166 2225 dere
180 2164 311 2243 uidear,
332 2182 443 2228 vnum
461 2165 529 2227 hoc
545 2166 635 2228 inter
651 2179 723 2227 tam
744 2167 852 2228 multa
876 2167 999 2230 audire
1020 2170 1220 2248 exemplum
1236 2185 1306 2231 non

83 2266 141 2346 sit,
157 2286 295 2350 quaeso,
312 2287 437 2350 graue.
454 2270 521 2335 Vir
535 2280 612 2334 erat
627 2272 694 2334 hac
715 2273 748 2334 in
766 2272 852 2334 urbe
874 2273 1017 2351 quidam
1039 2292 1110 2337 non
1133 2276 1306 2340 obscurae

86 2373 281 2456 nobilitatis,
296 2378 368 2457 qni,
385 2379 490 2458 graui
505 2379 549 2441 ab
565 2379 707 2441 inimico
724 2387 871 2459 accepto
883 2382 1040 2454 uulnere,
1058 2381 1201 2444 inuitae
1216 2400 1305 2462 pene

90 2482 285 2547 uersabatur
301 2484 515 2548 discrimine:
532 2485 716 2548 consessus
733 2496 852 2548 tamen
868 2485 1008 2549 cuidam
1020 2505 1064 2550 ex
1077 2490 1218 2565 nostris,
1233 2492 1304 2552 alta

96 2589 281 2653 exclamans
296 2608 395 2668 uoce,
414 2592 449 2654 in
461 2593 650 2654 multorum
665 2594 877 2672 praesentia,
892 2594 1013 2672 pansis
1024 2612 1061 2657 se
1073 2595 1229 2658 brachiis
1241 2597 1304 2658 ini·

101 2690 213 2758 micum
226 2699 468 2778 amplexurum
484 2697 661 2778 pollicitus
676 2707 740 2761 est:
756 2708 894 2761 tantum
910 2700 1008 2762 abest
1024 2709 1061 2763 ut
1072 2701 1127 2764 nel
1146 2702 1181 2764 in
1197 2702 1250 2765 ius
1266 2704 1303 2765 il·

105 2794 167 2859 lum
182 2818 296 2867 uocare
319 2806 374 2867 uel
399 2805 564 2867 iniuriam
585 2805 717 2869 illatam
739 2807 862 2869 ulcisci
880 2808 994 2869 uellet.
1009 2807 1094 2871 Erat
1112 2819 1145 2871 et
1163 2810 1252 2872 alius
1268 2810 1303 2872 in

109 2898 166 2964 hac
177 2909 284 2974 eadem
299 2911 386 2974 urbe
409 2928 479 2973 non
495 2911 649 2990 ignotus,
666 2913 725 2991 qni
741 2929 778 2974 se
793 2912 935 2975 inimico
952 2914 1115 2976 iniuriam
1128 2916 1302 2978 condona·

111 3012 205 3075 turum
216 3017 421 3095 promiserat
433 3017 586 3097 quidem,
600 3035 642 3080 ea
657 3029 776 3082 tamen
791 3020 1002 3099 conditione,
1020 3021 1108 3083 utin
1123 3022 1303 3085 ciuitatem

115 3127 170 3175 non
182 3117 227 3183 ille
240 3123 373 3186 ueniret
389 3124 479 3201 (erat
493 3125 586 3186 enim
598 3124 725 3187 absens
741 3126 926 3205 inimicus),
944 3144 999 3204 ne,
1013 3127 1103 3190 eoin
1114 3129 1200 3190 urbe
1212 3129 1300 3207 uiso,

117 3220 247 3303 antiquae
260 3230 411 3292 iniuriae
424 3230 626 3292 recordatio
641 3232 924 3295 recrudesceret:
945 3250 1028 3296 mox
1048 3251 1144 3312 uero,
1164 3236 1304 3299 cuidam

116 3334 152 3383 el
167 3337 277 3399 nostris
302 3335 498 3413 confessus
521 3354 593 3399 non
620 3335 826 3416 efflagitauit
848 3339 951 3401 modo
977 3340 1217 3418 obnixissime,
1241 3343 1303 3405 sed

116 3428 187 3497 misit
200 3442 297 3506 etiam
313 3443 358 3505 ad
371 3443 478 3520 illum,
496 3443 554 3522 qui
573 3443 714 3520 dicerer,
730 3455 768 3506 ut
783 3445 818 3507 in
833 3446 955 3508 urbem
971 3458 1218 3527 reuerteretnr,
1233 3467 1303 3528 quo

116 3529 185 3601 illius
196 3548 294 3625 pedes
313 3551 546 3613 oscularetur.

159 3641 306 3719 Virorum
326 3667 517 3736 utcumque
536 3658 811 3736 praelibauimus
830 3660 1081 3737 constantiam;
1109 3661 1305 3742 fragilioris

113 3759 193 3832 flunt,
206 3778 301 3842 roge,
319 3751 428 3826 sexn‘s
443 3763 525 3826 audi
540 3763 732 3828 infractum
747 3765 914 3844 animum,
933 3783 975 3828 ac
991 3767 1026 3828 in
1045 3769 1205 3832 muliebri
1228 3787 1304 3833 cor-

112 3864 308 3932 noreuirnem
320 3870 561 3949 contemplare
573 3871 913 3950 magnanimitatem.
930 3871 1100 3936 Foemina
1111 3887 1188 3938 erat
1200 3893 1304 3955 quae-

112 3954 183 4045 dam,
196 3989 279 4054 quae
294 3976 415 4040 mariti
429 3985 580 4039 mortem
595 3977 643 4040 ita
658 3978 787 4042 tulerat
801 3979 1023 4058 impatienter
1040 3998 1082 4043 ac
1097 3981 1304 4046 immodera-

112 4070 147 4144 11.
160 4088 188 4138 ut
200 4083 337 4147 modum
352 4083 577 4160 excogitarit,
593 4101 662 4165 quo
677 4096 712 4147 et
726 4085 801 4164 ipsa
815 4085 880 4148 sibi
893 4095 1042 4149 mortem
1054 4089 1302 4153 conscisceret.

111 4165 198 4248 Quare
214 4206 282 4252 non
298 4189 536 4253 manducabat
552 4208 718 4270 unquam,
742 4208 813 4253 non
829 4191 1035 4270 dormiebat,
1054 4193 1148 4256 humi
1165 4195 1304 4259 iacebat

109 4290 229 4373 Semper,
244 4306 282 4360 ut
298 4296 367 4359 hac
382 4296 519 4359 ratione
535 4297 646 4360 uitam
661 4313 742 4360 cum
756 4307 870 4360 morte
885 4308 1130 4363 commutaret.
1154 4300 1305 4365 Dicebat

110 4389 181 4459 enim
192 4398 281 4466 haud
297 4401 374 4466 fieri
388 4419 493 4483 posse
509 4414 557 4481 ut,
575 4420 617 4466 eo
629 4403 769 4483 priuata
784 4405 925 4482 marit0,
948 4423 1053 4485 quem
1068 4407 1171 4470 unice
1185 4408 1305 4488 dilige·

110 4486 162 4575 bat,
174 4519 344 4588 superstes
359 4509 436 4588 ipsa
452 4509 599 4572 uiueret.
616 4508 681 4572 Dei
699 4510 869 4573 iustitiam
883 4522 1050 4591 proterua
1066 4515 1191 4577 mulier
1210 4515 1303 4578 incn-

105 4601 194 4673 Sibat:
206 4613 238 4677 in
250 4615 383 4678 doloris
394 4615 675 4679 consolationem
688 4616 816 4679 misera
830 4617 959 4680 inferni
968 4619 1147 4683 cruciatus
1160 4621 1226 4685 sibi
1240 4623 1306 4685 ele-

199 4727 232 4786 Τ.
248 4747 280 4785 tl'
1138 4734 1168 4795 18
