3210 5392
272 425 326 483 t70
655 426 826 485 hirenus
846 440 1117 493 Qunnmussraus

268 572 379 633 nostri
402 589 595 635 consensus
614 571 840 637 ac¹Curionis
860 572 1070 652 supplicatio
1091 569 1314 634 confirmant.
1336 570 1415 650 Qua
1434 578 1601 641 5:¹1¹

270 677 432 741 eflectum
457 688 510 741 est
529 689 567 741 vt
587 680 759 759 reliquum
781 678 1076 759 quadragesimae
1098 678 1135 740 in
1158 679 1226 740 hoc
1246 693 1342 757 pago
1362 686 1601 748 nanze

270 784 394 862 gerim,
422 786 532 848 verbo
556 784 624 848 Dei
648 786 861 866 inuigilans,
889 784 982 866 quod
1007 783 1142 848 efficaci
1169 783 1326 864 quadam
1350 795 1601 868 mergi

271 892 460 954 multorum
474 892 610 956 animos
625 894 741 968 euicit,
759 893 993 972 affectumque
1007 894 1165 955 omnium
1179 890 1265 953 mibi
1277 889 1573 962 conciliata
1586 902 1601 966 11

329 997 464 1061 Diebus
479 1000 602 1077 sacris,
620 1000 732 1063 tribus
747 1000 783 1061 in
797 999 901 1079 pagis
915 1001 1121 1079 plerumque
1136 997 1390 1075 concionabar,
1416 1013 1601 1073 ῐῇῑ.

271 1104 407 1168 duobus
423 1106 510 1168 locis
522 1115 719 1169 contentus.
736 1105 836 1168 Multi
847 1108 957 1169 multa
971 1104 1119 1168 mirifico
1135 1103 1261 1167 affectu
1277 1104 1444 1168 obtuleru
1454 1126 1601 1182 :mr

269 1228 371 1290 quae,
388 1229 453 1291 pro
469 1210 656 1276 Societatis
670 1213 843 1289 instituto,
867 1228 1048 1287 recusans,
1070 1212 1106 1274 in
1127 1210 1321 1274 maximam
1343 1209 1601 1288 admira.

271 1318 402 1381 tionem
424 1328 498 1380 tum
522 1319 656 1382 nobiles
688 1328 763 1382 tum
793 1321 981 1399 populares
1012 1319 1125 1397 rapui.
1154 1316 1270 1396 Quam
1299 1316 1601 1394 honorifice

271 1424 364 1504 apud
380 1426 444 1487 hos
460 1422 621 1489 Societas
636 1426 704 1488 hac
719 1428 795 1488 sola
817 1425 1004 1488 occasione
1026 1425 1160 1501 audiat,
1184 1424 1314 1486 mirum
1338 1433 1406 1487 est.
1421 1424 1543 1489 [J
1559 1437 1596 1498 η’.

270 1548 353 1594 nam
368 1531 585 1612 frequentior
607 1533 643 1595 in
667 1532 735 1595 hoc
756 1543 878 1595 nostro
899 1532 1056 1610 collegio
1077 1531 1374 1594 concionatorum
1392 1540 1591 1614 copia

272 1637 338 1701 has
353 1641 524 1701 coelestes
539 1639 737 1702 animorum
752 1656 837 1720 opes
853 1639 1098 1719 locupletaret!

330 1745 433 1808 Alter
445 1745 683 1823 vicariorum,
701 1746 756 1808 vir
771 1746 914 1826 probuS,
931 1761 1013 1808 cum
1024 1745 1100 1825 ipso
1112 1744 1393 1823 Ludimagistro‚
1407 1760 1538 1825 op
1551 1751 1582 1810 ti·

270 1870 349 1915 mae
364 1851 491 1914 indolis
503 1868 545 1914 ac
557 1852 672 1914 dextri
684 1852 816 1931 ingenii
828 1852 1051 1915 adolescente
1066 1851 1261 1928 vicenari0,
1274 1867 1383 1914 sacra
1394 1867 1577 1915 etet·

270 1958 353 2020 citia
368 1958 486 2021 subire
502 1958 705 2039 propediem
720 1959 888 2036 decreuit,
903 1974 1079 2038 propenso
1096 1957 1213 2020 animo
1235 1973 1323 2036 erga
1339 1955 1574 2021 Societa-

267 2066 314 2127 tis
327 2066 524 2128 institutum
540 2065 697 2129 affectus.
714 2065 791 2129 Deo
803 2066 916 2128 honor
931 2076 965 2128 et
983 2065 1109 2144 gloria.

327 2170 655 2234 Reuerendissimus
686 2171 887 2236 Cardinalis
918 2171 1159 2250 Lotharingus
1187 2171 1195 2202 ¹
1218 2188 1240 2233 a
1266 2170 1420 2234 Domino
1511 2166 1569 2226 (iu

267 2276 377 2356 Mont,
393 2278 589 2342 libellorum
605 2279 784 2357 regiorum
794 2278 986 2358 praefecto,
1004 2279 1168 2356 monitus,
1185 2295 1290 2341 omne
1302 2276 1476 2342 Societa
1484 2269 1561 2331 tis

269 2384 504 2463 patrocinium
519 2385 613 2466 apud
627 2384 777 2464 Regiam
798 2384 1020 2448 Maiestatem
1034 2385 1211 2465 pollicitus
1226 2384 1328 2448 nobis
1343 2394 1408 2448 est.

328 2490 656 2555 Reuerendissimus
672 2491 832 2555 Pontifex
848 2491 1121 2555 Clarmontanus
1136 2491 1147 2522 ⁸
1161 2491 1360 2570 Collegium
1374 2489 1482 2555 Soc
1493 2477 1560 2541 ie·

268 2599 334 2661 tati
350 2600 385 2661 in
400 2598 595 2661 Academia
610 2599 824 2676 Billomensi,
846 2617 930 2662 mox
950 2599 1010 2661 vbi
1025 2599 1155 2662 fratres
1176 2597 1329 2662 Romam
1350 2582 1559 2679 appule·

269 2705 351 2780 rint,
367 2705 524 2783 polliceri
539 2714 754 2784 perseuerat,
772 2705 895 2785 hisque
911 2704 1033 2768 diebus
1048 2704 1233 2786 proximis,
1249 2705 1317 2767 iter
1332 2706 1369 2767 in
1390 2697 1560 2768 suam

265 2811 455 2874 dioecesim
471 2810 660 2888 adornans,
678 2829 734 2874 me
749 2812 814 2874 sibi
830 2812 993 2874 comitem
1009 2829 1030 2873 a
1052 2810 1157 2875 Patre
1172 2811 1376 2889 postulauit,
1393 2818 1449 2873 vt
1498 2785 1560 2849 ἰὼ

263 2919 340 2998 ipso
368 2918 579 2980 sacerdotali
605 2918 777 2996 dignitate
804 2919 1003 2997 insignitus,
1029 2916 1267 2997 professorem
1288 2903 1563 2996 theologam

264 3025 435 3104 simulque
461 3026 699 3087 Ecclesiasten
723 3026 769 3087 ibi
796 3042 902 3103 agam
924 3027 1181 3104 euangelicum;
1203 3025 1306 3088 cuius
1328 3018 1508 3104 precib
1522 3008 1565 3054 ¹¹⁵

269 3130 374 3193 Pater
389 3131 604 3210 suffragatus
619 3143 683 3210 cst,
700 3149 744 3194 ex
760 3130 797 3194 P.
811 3132 851 3194 T.
868 3133 1026 3194 arbitrio.
1044 3127 1046 3130 ’
1411 3183 1414 3188 ,

327 3238 382 3301 Ab
398 3237 616 3300 aduersariis
631 3237 725 3299 haud
747 3240 843 3301 leues
858 3238 1010 3318 patimur
1025 3239 1166 3302 interim
1180 3239 1344 3317 insultus,
1363 3237 1495 3321 quil?
1514 3217 1571 3266 ¹¹³

268 3363 288 3406 a
303 3345 380 3407 Deo
397 3346 529 3425 optimo
545 3361 685 3408 omnem
700 3363 831 3408 noxam
847 3346 985 3423 ignosci
1000 3344 1244 3424 efflagitamus,
1262 3356 1363 3409 certa
1380 3323 1574 3439 etiae}

264 3468 326 3531 spe
341 3450 421 3513 freti
439 3451 581 3514 tandem
596 3453 751 3514 faustum
768 3461 819 3515 tot
831 3453 993 3515 laborum
1007 3451 1111 3515 finem
1128 3451 1247 3515 affore.
1264 3452 1346 3516 Non
1363 3444 1479 3517 med
1487 3431 1579 3528 Ὀ]

262 3559 370 3620 criter
382 3532 1584 3639 veroliterisPaternitatistuae,nupe=rrimeaccepti8‚recreffl‘n‘

263 3677 378 3727 macte
393 3666 523 3728 uirtute
539 3666 693 3743 negotia,
711 3666 937 3745 quantumuis
952 3666 1080 3742 ardua,
1097 3666 1340 3745 aggredimur,
1365 3664 1538 3748 quil?
1559 3637 1588 3687 ¹¹⁵

265 3773 335 3834 iam
352 3771 444 3834 ΚΜ
462 3772 565 3834 Pater
580 3783 702 3834 noster
717 3773 868 3849 insudat,
890 3771 994 3835 hodie
1014 3771 1114 3835 Rmo.
1131 3772 1326 3850 cardinali,
1344 3743 1590 3839 huin?ce

262 3879 408 3957 negotii,
426 3878 519 3959 quod
535 3897 555 3941 a
571 3878 655 3941 RA²
675 3890 736 3941 tua
752 3880 963 3959 imperatum
977 3890 1042 3957 est,
1060 3881 1212 3957 nomine,
1231 3879 1364 3944 litteris
1379 3850 1593 3962 patffs'

266 3987 388 4049 nitatis
402 3997 484 4048 tuae
500 3985 638 4047 traditis
659 3983 681 4063 ³,
705 3985 763 4064 qui
778 3985 919 4047 Patrem
939 3996 1098 4048 nostrum
1120 3986 1378 4051 humanissime
1393 3959 1596 4051 πόθ’

306 4226 315 4256 ¹
346 4225 454 4268 Carolus
466 4225 495 4267 de
507 4224 592 4268 Guise.

306 4296 318 4327 ¹
345 4296 615 4339 GuilelmusduPrat.
1532 4349 1551 4359 ,
1585 4331 1601 4360 ἢ

304 4367 315 4398 ³
343 4366 620 4410 Eritnehicsermode
632 4367 726 4421 lgnatll
738 4368 841 4415 litteris,
860 4379 924 4420 quas
939 4368 1019 4410 habes
1034 4368 1060 4411 in
1078 4367 1172 4410 Curias
1185 4368 1219 4411 de
1236 4369 1292 4411 San
1310 4370 1434 4423 lgnaclo,
1448 4370 1486 4406 t*
1538 4362 1561 4379 ‘⁶
1590 4403 1601 4435 ι

261 4449 321 4493 pag.
334 4439 379 4491 lat,
390 4438 440 4480 363?
452 4438 502 4480 Sed
514 4439 547 4480 l.⁰
558 4439 644 4481 inillis
654 4438 751 4482 litteris
764 4439 793 4481 de
805 4440 874 4481 nullo
886 4441 989 4491 negotio
1000 4439 1027 4482 lit
1043 4441 1147 4489 mentio,
1158 4440 1226 4493 quod
1236 4443 1269 4484 ab
1285 4442 1390 4494 ignatio
1408 4409 1601 4515 impe,

264 4514 354 4552 ratum
366 4512 414 4561 sil,
424 4516 449 4552 et
464 4510 499 4552 2.⁰
520 4512 623 4563 longum
640 4511 715 4553 nimis
732 4511 837 4553 videtur
855 4512 971 4564 elapsum
988 4519 1086 4564 tempus
1101 4522 1117 4553 a
1128 4511 1167 4554 die
1186 4511 1212 4554 13
1227 4511 1325 4567 Martll,
1343 4526 1393 4570 quo
1408 4514 1453 4558 dat

262 4582 356 4626 Romae
368 4589 434 4634 sunt,
445 4581 478 4623 ad
488 4581 502 4624 3
512 4580 571 4635 Maii
584 4581 682 4636 rhodie)
695 4593 743 4635 quo
755 4581 888 4624 Cardinall
899 4591 957 4625 sunt
969 4582 1090 4625 traditae.
1102 4581 1199 4626 Verum
1206 4583 1237 4626 de
1247 4585 1279 4628 lis
1286 4587 1365 4640 plura
1375 4587 1401 4630 ln
1410 4548 1601 4629 Uri

260 4652 339 4696 Serio
349 4653 504 4695 litterarum
518 4652 612 4696 Sancti
622 4654 733 4707 Ignatii.
