3210 5392
10 588 15 663 l

688 444 750 502 Ait.
773 443 843 504 1555
1329 440 1386 500 383
1472 461 1478 471 ·

141 588 329 653 Praestitit
341 586 449 653 Pater
462 587 581 668 Auila,
597 590 716 669 plures
732 589 915 668 aethiopes
942 587 949 618 ¹
973 587 1008 650 in
1024 586 1183 651 ordinem
1199 584 1378 666 redigens,

137 685 207 760 ‘lui
222 690 265 758 in
276 695 449 776 aliquibus
462 696 590 776 plateis
603 697 717 759 solent
732 694 856 758 diebus
869 694 969 758 festis
992 693 1207 756 commorari
1223 702 1258 756 et
1274 694 1375 757 ludos

130 804 217 858 ¹10ss
236 802 323 865 satis
335 801 505 867 honestos
519 819 698 866 exercere:
715 801 886 864 deductos
901 801 947 864 ad
963 799 1162 881 proximam
1187 801 1378 863 ecclesiam

125 899 406 973 exhortabatur
421 909 467 972 ad
481 909 649 974 virtutem
664 919 698 971 et
710 909 865 971 terrebat
881 925 902 969 a
917 908 1024 971 vitiis.

199 1007 331 1078 Victui
351 1025 386 1079 et
403 1016 547 1080 vestitui
566 1025 757 1096 suppetunt
782 1015 882 1078 nobis
908 1026 980 1077 tam
1000 1013 1139 1077 abunde
1159 1013 1375 1090 necessaria,

114 1118 164 1173 ut
192 1128 242 1184 et
258 1120 377 1186 domui
396 1122 541 1203 copiosa
563 1122 733 1202 supellex,
760 1133 794 1183 et
815 1122 947 1185 sacello
966 1120 1036 1183 sint
1055 1122 1155 1200 plura
1176 1129 1281 1199 atque
1303 1135 1380 1198 pre-

108 1215 247 1292 ciosa
260 1246 351 1293 vasa
369 1230 475 1294 simul
489 1241 595 1309 atque
609 1239 828 1292 ornamenta.
846 1228 900 1292 De
916 1228 1079 1291 omnibus
1100 1226 1145 1289 sit
1160 1226 1238 1290 Deo
1253 1236 1379 1289 nostro

102 1335 364 1415 sempiterna
377 1337 506 1417 gloria,
522 1352 629 1417 quam
644 1337 805 1399 omnibus
820 1336 855 1398 in
870 1335 935 1399 X.⁰
949 1334 1092 1411 nostris,
1109 1341 1147 1396 ut
1161 1333 1263 1396 nobis
1278 1333 1378 1413 ipsis,

98 1442 370 1520 eltoptamirs.

186 1543 356 1630 Hispali,
372 1549 547 1627 vigesimo
562 1550 666 1614 tertio
680 1549 826 1631 Aprilis.

394 1700 400 1713 .
507 1656 677 1736 Indignus
692 1666 726 1720 et
741 1656 873 1719 inutilis
887 1655 980 1718 filius
991 1655 1026 1716 in
1039 1651 1191 1731 Christo,

937 1982 960 2052 †
981 1922 1209 2039 Mmsscsrrus.

182 2297 471 2381 Superscriptt'o
501 2300 540 2361 in
569 2304 701 2379 quarta
716 2298 873 2378 pragma:
895 2243 981 2360 liis,
1006 2297 1208 2367 Admodum
1233 2295 1311 2359 R.‘¹⁰
1336 2299 1373 2360 in

63 2377 284 2469 Christo
298 2405 398 2469 Patri
412 2405 478 2469 M.⁰
493 2406 642 2484 ignatio,
658 2404 866 2485 Praeposito
884 2403 1051 2467 Generali
1071 2402 1258 2468 Societatis
1273 2402 1371 2485 Jesu.

59 2481 287 2576 Rorrrae.
1127 2562 1131 2568 .

181 2619 287 2683 Alia
297 2636 423 2682 manu:
437 2619 525 2683 1555.
537 2619 688 2699 Hispali.
705 2618 989 2698 Quadrimestres
1003 2616 1043 2679 23
1054 2616 1199 2697 Aprilis.
1213 2617 1255 2696 Q.
1268 2617 1315 2680 V.

198 2725 409 2804 Vestigium
424 2744 525 2790 cerae
536 2727 667 2789 rubrae
677 2733 711 2789 et
726 2725 857 2805 sigilli.

55 2859 357 2896 xx.-—..—.

140 2956 156 2990 ⁸
218 2968 342 3022 Nigrim
351 2967 478 3023 intellige,
487 2977 551 3022 quon
559 2976 682 3010 morenos
688 2976 777 3021 supra,
787 2976 850 3019 pag.
863 2963 912 3018 379,
923 2963 1067 3017 appellavit
1079 2962 1214 3009 Gonzalez.
1309 3031 1313 3039 .
