3210 5392
616 449 679 505 An.
702 448 771 505 lato
1136 402 1138 405 *
1260 451 1316 510 605

90 608 160 654 rum
176 592 297 655 ludum
311 592 407 667 data,
426 592 476 654 ita
494 593 549 654 uel
564 592 783 655 orationibus
798 593 921 669 sacriS,
939 604 1126 672 quaesunt
1143 595 1178 657 in
1194 596 1313 676 alpha·

90 699 220 760 betario
237 699 407 775 libellulo,
430 700 486 760 uel
506 697 718 761 nostratium
738 699 1028 777 uirguncularum
1051 700 1315 765 honestioribus

90 806 258 882 moribus,
274 807 329 867 uel
344 804 495 885 denique
511 821 644 867 arcano
660 805 790 867 Christi
804 805 887 887 Jesu
903 805 953 883 (ut
968 823 1026 869 res
1044 816 1165 886 postea
1180 807 1315 886 docuit)

90 913 229 990 lumine,
245 911 405 990 deposita
422 912 532 975 durae
547 922 688 991 patrum
700 912 849 974 ceruicis
861 912 1073 991 peruicacia,
1092 914 1136 976 ab
1147 914 1216 978 alio
1228 932 1316 978 sane

90 1019 229 1082 loctore
241 1036 311 1081 non
323 1027 532 1097 prouocata,
548 1017 688 1080 Christo
698 1035 825 1080 nomen
843 1018 878 1080 in
893 1018 1068 1097 baptismo
1086 1020 1171 1083 dare
1188 1021 1313 1098 sitiret,

90 1126 189 1205 dque
207 1143 314 1187 unum
331 1135 487 1202 curaret,
503 1141 548 1186 ne
563 1125 668 1186 matri
683 1124 860 1186 suboleret
875 1125 1076 1202 consilium,
1095 1136 1131 1189 ut
1152 1127 1226 1190 m'si
1237 1133 1314 1191 tan·

90 1233 173 1304 iem,
199 1250 264 1295 nec
289 1233 483 1310 magistrae
509 1230 682 1306 crederet,
712 1232 894 1293 consultus
914 1242 935 1292 a
955 1232 1028 1294 ludi
1052 1234 1314 1311 gubernatricis

90 1340 209 1402 narito
227 1338 337 1401 Pater
353 1339 397 1400 ab
412 1337 509 1400 urbis
524 1337 703 1417 praesecto
718 1337 867 1399 Romam
880 1346 917 1400 ut
933 1336 1058 1400 deduci
1071 1350 1189 1418 posset
1200 1341 1246 1404 ad
1258 1358 1314 1405 ca·

90 1446 297 1509 :echismum
314 1445 518 1524 impetrauit
533 1443 678 1521 (Romae
694 1431 886 1524 quid'apud
898 1443 1106 1508 Cardinales
1120 1446 1315 1510 illustrissi-

90 1570 158 1615 nos
173 1563 292 1614 actum
308 1553 352 1615 sit
369 1562 402 1614 te
419 1551 527 1614 credo
542 1550 783 1629 cognoscere.)
800 1549 965 1624 Maritus,
988 1552 1056 1614 huc
1072 1569 1254 1632 reversuS,
1279 1556 1313 1617 in

90 1676 264 1722 :arcerem
287 1669 322 1720 ut
343 1659 464 1736 magni
484 1656 653 1720 facinoris
672 1673 754 1718 reus
774 1657 954 1719 coniectus
976 1668 1028 1721 est
1051 1676 1122 1720 non
1141 1660 1248 1722 aliam
1270 1663 1314 1724 ob

90 1783 228 1828 :ausam
248 1783 352 1845 quam
377 1765 449 1843 Qui
460 1764 520 1843 pie
540 1763 669 1826 uolunt
686 1764 724 1824 in
740 1763 800 1825 X.⁰
815 1763 954 1841 ut'uere,
976 1765 1068 1827 nosti
1088 1766 1240 1845 reliqua:
1258 1786 1314 1831 ue-

90 1890 159 1934 rum
186 1872 291 1951 paulo
317 1882 396 1951 post
422 1871 539 1934 Patris
565 1871 697 1933 auxilio
719 1871 785 1933 sibi
807 1872 1001 1934 restitutus
1027 1869 1180 1952 Puellae,
1208 1891 1313 1954 quam

90 1979 165 2056 lixi,
183 1979 368 2040 historiam
385 1991 505 2040 texere
520 1994 590 2040 non
603 1988 656 2039 est
668 1977 772 2039 huius
787 1977 931 2056 negotii,
947 1978 1092 2041 sednon
1105 1985 1226 2058 potest
1237 1982 1314 2044 abs·

90 2087 189 2148 tondi
209 2086 338 2147 ciuitas
369 2093 486 2164 supra
521 2090 675 2146 montem
706 2085 838 2162 posita.
873 2083 959 2147 Eius
996 2086 1132 2147 meritis
1168 2085 1314 2151 fratrem

90 2209 193 2270 nuper
205 2193 312 2255 morti
327 2192 507 2266 deuotum,
526 2191 702 2269 aliumque
718 2191 879 2253 undecim
895 2208 1069 2254 annorum
1086 2192 1161 2255 eius
1177 2210 1313 2272 germa-

90 2317 177 2377 num,
197 2299 267 2361 imo
283 2310 432 2361 matrem
449 2299 562 2378 ipsam
577 2296 718 2361 Christo
735 2298 926 2360 initiandos
937 2315 1020 2377 spes
1031 2310 1121 2377 erat,
1139 2317 1229 2379 quae
1241 2303 1313 2381 qui·

90 2407 167 2469 dem
194 2407 368 2485 deprimo
392 2405 538 2467 ,nostris
556 2405 714 2484 peccatis
733 2403 767 2466 id
787 2405 1025 2484 exigentibus)
1043 2405 1182 2481 fefellit3
1201 2409 1244 2472 de
1266 2411 1313 2472 al·

90 2524 156 2575 tero
173 2513 246 2592 (qui
261 2513 447 2574 nobiscum
463 2512 597 2591 aliquot
612 2510 736 2573 diebus
748 2521 875 2590 rogatu
888 2511 1071 2574 cuiusdam
1087 2513 1245 2577 doctoris
1257 2532 1311 2579 co·

93 2619 273 2695 habitauit)
290 2628 395 2696 atque
412 2628 524 2679 matre
540 2617 647 2680 etiam
661 2634 745 2679 num
762 2616 916 2695 affulget.

143 2725 216 2788 Alii
229 2725 355 2805 Judaei
371 2742 434 2785 cur
449 2741 521 2786 non
534 2732 787 2786 conuertuntur
799 2741 907 2788 causa
919 2725 975 2802 sit,
990 2736 1063 2788 tum
1075 2736 1210 2803 nostra,
1222 2728 1313 2791 chri·

90 2833 282 2895 stianorum
298 2833 380 2892 mali
395 2847 532 2908 mores,
550 2841 624 2892 tum
639 2847 714 2906 sua,
731 2830 888 2908 ipsorum
903 2831 1075 2894 obdurata
1096 2834 1218 2896 ceruix
1232 2851 1311 2914 pro-

90 2940 231 3019 priaque
245 2939 421 3000 uoluntas.

139 3043 243 3107 Alias
258 3045 462 3123 frequenter
478 3060 659 3106 carcerem
674 3043 757 3105 uisit
772 3042 888 3118 Pater,
903 3047 956 3106 uel
971 3045 1144 3108 hebraeos
1157 3046 1203 3109 ad
1214 3046 1311 3111 Chri·

90 3161 173 3216 tum
187 3152 418 3227 adducturus,
437 3152 492 3212 uel
508 3150 721 3212 christianos
736 3151 887 3213 nominis
899 3151 952 3213 sui
964 3168 1138 3215 memores
1155 3154 1309 3217 redditu-

90 3277 152 3338 us,
169 3276 235 3321 nec
251 3258 380 3320 uinctis
395 3260 524 3334 solum,
541 3256 603 3319 sed
624 3255 748 3319 eadem
767 3275 874 3336 opera
896 3268 931 3319 et
954 3259 1132 3336 praefecto
1156 3262 1311 3324 satelliti·

90 3367 218 3446 busque
234 3365 437 3427 adiumento
454 3364 529 3425 luit.

138 3470 374 3535 Xenodochia
390 3482 424 3533 et
440 3471 521 3533 huic
537 3482 572 3532 et
592 3471 670 3533 aliis
692 3471 823 3533 nostris
845 3472 988 3533 uisitata
1014 3472 1172 3553 saepius:
1189 3493 1311 3538 conso·

90 3580 145 3642 ‚ati
160 3580 289 3641 mirum
304 3579 340 3641 in
357 3578 501 3641 modum
519 3576 663 3652 infirmi,
681 3594 761 3638 cum
777 3579 906 3655 nostri,
930 3588 1004 3640 tum
1019 3581 1132 3642 exteri
1146 3597 1152 3657 ;
1169 3599 1234 3643 nec
1256 3583 1312 3645 dic

90 3685 201 3762 noda,
217 3702 343 3748 uerum
359 3685 468 3747 etiam
488 3694 604 3746 nocte.
625 3682 805 3763 Quotquot
820 3684 906 3759 adit,
925 3686 1128 3749 cuiuscuius
1144 3688 1312 3751 conditio-

90 3793 155 3871 ris,
172 3809 253 3855 cum
268 3790 520 3854 discedendum
535 3799 604 3866 est,
620 3808 691 3852 non
706 3792 819 3852 solum
844 3791 982 3868 dolent,
1007 3792 1069 3854 sed
1090 3793 1242 3871 ingenue
1264 3797 1311 3857 la-

90 3900 308 3980 :hrymantes
322 3897 487 3960 fatentur.

138 4004 381 4085 Aegrotorum
397 4005 456 4067 hic
475 4022 560 4067 cura
577 4006 688 4066 altera
703 4015 755 4066 est
772 4015 808 4065 ut
823 4002 999 4082 Andreas,
1016 4006 1174 4069 medicus
1187 4024 1311 4086 corpo-

90 4129 173 4188 um,
191 4112 386 4174 aduocetur
401 4111 553 4185 aliusue,
571 4112 682 4173 altera
698 4121 735 4172 ut
754 4109 792 4173 P.
812 4112 1040 4188 Laurentius;
1058 4122 1096 4175 ut
1112 4113 1184 4175 l'ere
1207 4114 1311 4176 simul

91 4219 303 4281 nueniantur
317 4219 476 4282 medicus
492 4219 647 4280 ciuitatis
662 4228 695 4280 et
710 4216 842 4281 Rector
854 4227 985 4281 noster.

137 4325 177 4388 In
193 4326 425 4389 concionibus
442 4325 629 4388 dominicis
644 4325 780 4387 dubites
796 4325 884 4388 utris
899 4327 1108 4404 praesertim
1129 4327 1307 4406 loquatur,

90 4432 234 4510 uulgone
260 4449 305 4494 an
331 4430 586 4511 perfectionem
612 4431 868 4519 profitentibus;
895 4433 945 4494 ita
970 4424 1085 4495 nullos
1111 4432 1228 4496 fructu
1252 4434 1309 4496 de·

90 4537 233 4601 iraudat.

140 4643 247 4708 Domi
264 4646 315 4709 sic
336 4656 463 4709 cuncta
486 4647 706 4724 moderatur,
731 4656 768 4709 ut
784 4664 887 4709 nemo
909 4645 992 4726 quid
1013 4649 1182 4726 postulet,
1203 4665 1307 4713 nemo
