<?xml version="1.0" encoding="UTF-8"?>
<!DOCTYPE html PUBLIC "-//W3C//DTD XHTML 1.0 Transitional//EN"
    "http://www.w3.org/TR/xhtml1/DTD/xhtml1-transitional.dtd">
<html xmlns="http://www.w3.org/1999/xhtml" xml:lang="en" lang="en">
 <head>
  <title>
</title>
<meta http-equiv="Content-Type" content="text/html;charset=utf-8" />
  <meta name='ocr-system' content='tesseract 3.04.00' />
  <meta name='ocr-capabilities' content='ocr_page ocr_carea ocr_par ocr_line ocrx_word'/>
</head>
<body>
  <div class='ocr_page' id='page_1' title='image "./litteraequadrim02jesugoog_0238.png"; bbox 0 0 3210 5392; ppageno 0'>
   <div class='ocr_carea' id='block_1_1' title="bbox 683 424 1383 484">
    <p class='ocr_par' dir='ltr' id='par_1_1' title="bbox 683 424 1383 484">
     <span class='ocr_line' id='line_1_1' title="bbox 683 424 1383 484; baseline 0 -1"><span class='ocrx_word' id='word_1_1' title='bbox 683 425 747 483; x_wconf 75' lang='lat' dir='ltr'>Au.</span> <span class='ocrx_word' id='word_1_2' title='bbox 770 425 839 482; x_wconf 72' lang='lat'>1553</span> <span class='ocrx_word' id='word_1_3' title='bbox 1324 424 1383 484; x_wconf 73' lang='lat'>227.</span> 
     </span>
    </p>
   </div>
   <div class='ocr_carea' id='block_1_2' title="bbox 179 568 1399 4706">
    <p class='ocr_par' dir='ltr' id='par_1_2' title="bbox 179 568 1376 759">
     <span class='ocr_line' id='line_1_2' title="bbox 179 568 1376 651; baseline -0.004 -15"><span class='ocrx_word' id='word_1_4' title='bbox 179 575 300 651; x_wconf 76' lang='lat' dir='ltr'>loeutuS,</span> <span class='ocrx_word' id='word_1_5' title='bbox 320 581 358 635; x_wconf 92' lang='lat' dir='ltr'>ut</span> <span class='ocrx_word' id='word_1_6' title='bbox 375 569 515 634; x_wconf 91' lang='lat' dir='ltr'>mulieri</span> <span class='ocrx_word' id='word_1_7' title='bbox 536 577 672 631; x_wconf 85' lang='lat' dir='ltr'>tantam</span> <span class='ocrx_word' id='word_1_8' title='bbox 688 568 780 631; x_wconf 88' lang='lat' dir='ltr'>hanc</span> <span class='ocrx_word' id='word_1_9' title='bbox 800 569 995 632; x_wconf 89' lang='lat' dir='ltr'>remitteret</span> <span class='ocrx_word' id='word_1_10' title='bbox 1017 569 1181 632; x_wconf 90' lang='lat' dir='ltr'>iniuriam</span> <span class='ocrx_word' id='word_1_11' title='bbox 1202 579 1256 632; x_wconf 88' lang='lat' dir='ltr'>est</span> <span class='ocrx_word' id='word_1_12' title='bbox 1282 586 1376 632; x_wconf 89' lang='lat' dir='ltr'>asse·</span> 
     </span>
     <span class='ocr_line' id='line_1_3' title="bbox 183 687 293 759; baseline -0.027 -18"><span class='ocrx_word' id='word_1_13' title='bbox 183 687 293 759; x_wconf 89' lang='lat' dir='ltr'>quutns.</span> 
     </span>
    </p>

    <p class='ocr_par' dir='ltr' id='par_1_3' title="bbox 181 782 1384 2234">
     <span class='ocr_line' id='line_1_4' title="bbox 231 782 1376 863; baseline -0.003 -14"><span class='ocrx_word' id='word_1_14' title='bbox 231 784 393 849; x_wconf 83' lang='lat' dir='ltr'>Hactenus</span> <span class='ocrx_word' id='word_1_15' title='bbox 416 782 461 846; x_wconf 92' lang='lat' dir='ltr'>de</span> <span class='ocrx_word' id='word_1_16' title='bbox 479 783 652 862; x_wconf 76' lang='lat' dir='ltr'>patribuS,</span> <span class='ocrx_word' id='word_1_17' title='bbox 679 782 827 862; x_wconf 91' lang='lat' dir='ltr'>quaein</span> <span class='ocrx_word' id='word_1_18' title='bbox 850 792 1003 846; x_wconf 84' lang='lat' dir='ltr'>mentem</span> <span class='ocrx_word' id='word_1_19' title='bbox 1022 793 1212 861; x_wconf 88' lang='lat' dir='ltr'>uenerunt,</span> <span class='ocrx_word' id='word_1_20' title='bbox 1235 783 1376 863; x_wconf 88' lang='lat' dir='ltr'>scripsi;</span> 
     </span>
     <span class='ocr_line' id='line_1_5' title="bbox 184 888 1378 969; baseline -0.004 -13"><span class='ocrx_word' id='word_1_21' title='bbox 184 909 257 956; x_wconf 89' lang='lat' dir='ltr'>nuuc</span> <span class='ocrx_word' id='word_1_22' title='bbox 276 892 341 955; x_wconf 90' lang='lat' dir='ltr'>iam</span> <span class='ocrx_word' id='word_1_23' title='bbox 365 890 410 954; x_wconf 93' lang='lat' dir='ltr'>de</span> <span class='ocrx_word' id='word_1_24' title='bbox 437 888 617 967; x_wconf 66' lang='lat' dir='ltr'>fratribus</span> <span class='ocrx_word' id='word_1_25' title='bbox 644 905 735 969; x_wconf 92' lang='lat' dir='ltr'>quae</span> <span class='ocrx_word' id='word_1_26' title='bbox 761 890 992 968; x_wconf 88' lang='lat' dir='ltr'>occurrerint,</span> <span class='ocrx_word' id='word_1_27' title='bbox 1020 890 1148 953; x_wconf 88' lang='lat' dir='ltr'>dicam.</span> <span class='ocrx_word' id='word_1_28' title='bbox 1175 890 1255 954; x_wconf 92' lang='lat' dir='ltr'>Duo</span> <span class='ocrx_word' id='word_1_29' title='bbox 1280 891 1378 954; x_wconf 90' lang='lat' dir='ltr'>missi</span> 
     </span>
     <span class='ocr_line' id='line_1_6' title="bbox 185 995 1377 1079; baseline 0 -19"><span class='ocrx_word' id='word_1_30' title='bbox 185 1007 248 1061; x_wconf 88' lang='lat' dir='ltr'>sunt</span> <span class='ocrx_word' id='word_1_31' title='bbox 258 1016 313 1079; x_wconf 87' lang='lat' dir='ltr'>per</span> <span class='ocrx_word' id='word_1_32' title='bbox 326 998 403 1062; x_wconf 87' lang='lat' dir='ltr'>dies</span> <span class='ocrx_word' id='word_1_33' title='bbox 417 998 546 1060; x_wconf 91' lang='lat' dir='ltr'>multos</span> <span class='ocrx_word' id='word_1_34' title='bbox 562 995 608 1059; x_wconf 91' lang='lat' dir='ltr'>ad</span> <span class='ocrx_word' id='word_1_35' title='bbox 621 997 789 1075; x_wconf 88' lang='lat' dir='ltr'>generale</span> <span class='ocrx_word' id='word_1_36' title='bbox 804 997 1075 1076; x_wconf 85' lang='lat' dir='ltr'>xenodochium,</span> <span class='ocrx_word' id='word_1_37' title='bbox 1098 1009 1136 1061; x_wconf 93' lang='lat' dir='ltr'>ut</span> <span class='ocrx_word' id='word_1_38' title='bbox 1151 998 1377 1078; x_wconf 62' lang='lat' dir='ltr'>pauperibus</span> 
     </span>
     <span class='ocr_line' id='line_1_7' title="bbox 181 1101 1379 1186; baseline -0.001 -18"><span class='ocrx_word' id='word_1_39' title='bbox 181 1122 267 1185; x_wconf 85' lang='lat' dir='ltr'>quan</span> <span class='ocrx_word' id='word_1_40' title='bbox 277 1115 417 1186; x_wconf 88' lang='lat' dir='ltr'>possent</span> <span class='ocrx_word' id='word_1_41' title='bbox 432 1121 546 1184; x_wconf 93' lang='lat' dir='ltr'>opem,</span> <span class='ocrx_word' id='word_1_42' title='bbox 562 1101 706 1165; x_wconf 90' lang='lat' dir='ltr'>ferrent:</span> <span class='ocrx_word' id='word_1_43' title='bbox 724 1119 875 1183; x_wconf 90' lang='lat' dir='ltr'>quorum</span> <span class='ocrx_word' id='word_1_44' title='bbox 887 1103 1044 1166; x_wconf 88' lang='lat' dir='ltr'>charitas</span> <span class='ocrx_word' id='word_1_45' title='bbox 1055 1116 1090 1167; x_wconf 90' lang='lat' dir='ltr'>et</span> <span class='ocrx_word' id='word_1_46' title='bbox 1101 1103 1281 1167; x_wconf 88' lang='lat' dir='ltr'>humilitas</span> <span class='ocrx_word' id='word_1_47' title='bbox 1295 1121 1379 1184; x_wconf 91' lang='lat' dir='ltr'>pau-</span> 
     </span>
     <span class='ocr_line' id='line_1_8' title="bbox 185 1209 1380 1291; baseline -0.003 -16"><span class='ocrx_word' id='word_1_48' title='bbox 185 1212 297 1291; x_wconf 88' lang='lat' dir='ltr'>peribus</span> <span class='ocrx_word' id='word_1_49' title='bbox 309 1211 501 1275; x_wconf 85' lang='lat' dir='ltr'>extiterunt</span> <span class='ocrx_word' id='word_1_50' title='bbox 516 1226 623 1290; x_wconf 90' lang='lat' dir='ltr'>quam</span> <span class='ocrx_word' id='word_1_51' title='bbox 637 1210 875 1289; x_wconf 78' lang='lat' dir='ltr'>gratissimae.</span> <span class='ocrx_word' id='word_1_52' title='bbox 892 1209 1036 1273; x_wconf 87' lang='lat' dir='ltr'>Fratres</span> <span class='ocrx_word' id='word_1_53' title='bbox 1046 1211 1139 1274; x_wconf 90' lang='lat' dir='ltr'>enim</span> <span class='ocrx_word' id='word_1_54' title='bbox 1151 1228 1212 1274; x_wconf 89' lang='lat' dir='ltr'>eos</span> <span class='ocrx_word' id='word_1_55' title='bbox 1223 1212 1380 1275; x_wconf 86' lang='lat' dir='ltr'>maxima</span> 
     </span>
     <span class='ocr_line' id='line_1_9' title="bbox 185 1316 1379 1396; baseline 0.002 -18"><span class='ocrx_word' id='word_1_56' title='bbox 185 1318 318 1382; x_wconf 87' lang='lat' dir='ltr'>leuabant</span> <span class='ocrx_word' id='word_1_57' title='bbox 339 1317 454 1380; x_wconf 91' lang='lat' dir='ltr'>morbi</span> <span class='ocrx_word' id='word_1_58' title='bbox 480 1316 642 1379; x_wconf 89' lang='lat' dir='ltr'>molestia</span> <span class='ocrx_word' id='word_1_59' title='bbox 669 1317 888 1396; x_wconf 90' lang='lat' dir='ltr'>aliorumque</span> <span class='ocrx_word' id='word_1_60' title='bbox 914 1317 1074 1379; x_wconf 88' lang='lat' dir='ltr'>laborum</span> <span class='ocrx_word' id='word_1_61' title='bbox 1091 1318 1222 1396; x_wconf 78' lang='lat' dir='ltr'>taedia,</span> <span class='ocrx_word' id='word_1_62' title='bbox 1243 1336 1304 1381; x_wconf 91' lang='lat' dir='ltr'>eos</span> <span class='ocrx_word' id='word_1_63' title='bbox 1327 1335 1379 1380; x_wconf 92' lang='lat' dir='ltr'>so·</span> 
     </span>
     <span class='ocr_line' id='line_1_10' title="bbox 187 1422 1382 1506; baseline 0 -19"><span class='ocrx_word' id='word_1_64' title='bbox 187 1425 268 1488; x_wconf 87' lang='lat' dir='ltr'>lando</span> <span class='ocrx_word' id='word_1_65' title='bbox 279 1435 379 1506; x_wconf 91' lang='lat' dir='ltr'>atque</span> <span class='ocrx_word' id='word_1_66' title='bbox 394 1441 506 1504; x_wconf 88' lang='lat' dir='ltr'>prope</span> <span class='ocrx_word' id='word_1_67' title='bbox 520 1439 632 1502; x_wconf 87' lang='lat' dir='ltr'>aeque</span> <span class='ocrx_word' id='word_1_68' title='bbox 647 1422 809 1486; x_wconf 91' lang='lat' dir='ltr'>dolendo.</span> <span class='ocrx_word' id='word_1_69' title='bbox 827 1422 1019 1486; x_wconf 87' lang='lat' dir='ltr'>Monebant</span> <span class='ocrx_word' id='word_1_70' title='bbox 1034 1424 1141 1487; x_wconf 86' lang='lat' dir='ltr'>etiam</span> <span class='ocrx_word' id='word_1_71' title='bbox 1158 1442 1219 1487; x_wconf 88' lang='lat' dir='ltr'>eos</span> <span class='ocrx_word' id='word_1_72' title='bbox 1234 1441 1382 1505; x_wconf 92' lang='lat' dir='ltr'>pauper·</span> 
     </span>
     <span class='ocr_line' id='line_1_11' title="bbox 189 1530 1380 1612; baseline 0.001 -20"><span class='ocrx_word' id='word_1_73' title='bbox 189 1531 252 1595; x_wconf 85' lang='lat' dir='ltr'>tatis</span> <span class='ocrx_word' id='word_1_74' title='bbox 265 1549 301 1595; x_wconf 91' lang='lat' dir='ltr'>ac</span> <span class='ocrx_word' id='word_1_75' title='bbox 319 1530 583 1612; x_wconf 84' lang='lat' dir='ltr'>aegritudinum</span> <span class='ocrx_word' id='word_1_76' title='bbox 604 1546 693 1593; x_wconf 92' lang='lat' dir='ltr'>onus</span> <span class='ocrx_word' id='word_1_77' title='bbox 713 1547 759 1592; x_wconf 87' lang='lat' dir='ltr'>ex</span> <span class='ocrx_word' id='word_1_78' title='bbox 778 1547 817 1592; x_wconf 92' lang='lat' dir='ltr'>se</span> <span class='ocrx_word' id='word_1_79' title='bbox 837 1531 1025 1594; x_wconf 90' lang='lat' dir='ltr'>molestum</span> <span class='ocrx_word' id='word_1_80' title='bbox 1040 1532 1216 1609; x_wconf 90' lang='lat' dir='ltr'>patienter</span> <span class='ocrx_word' id='word_1_81' title='bbox 1234 1530 1380 1608; x_wconf 90' lang='lat' dir='ltr'>ferrent,</span> 
     </span>
     <span class='ocr_line' id='line_1_12' title="bbox 185 1634 1383 1719; baseline 0.003 -21"><span class='ocrx_word' id='word_1_82' title='bbox 185 1637 410 1719; x_wconf 85' lang='lat' dir='ltr'>crederentque</span> <span class='ocrx_word' id='word_1_83' title='bbox 424 1636 629 1716; x_wconf 89' lang='lat' dir='ltr'>neutiquam</span> <span class='ocrx_word' id='word_1_84' title='bbox 644 1653 665 1698; x_wconf 91' lang='lat' dir='ltr'>a</span> <span class='ocrx_word' id='word_1_85' title='bbox 681 1634 836 1699; x_wconf 92' lang='lat' dir='ltr'>Domino</span> <span class='ocrx_word' id='word_1_86' title='bbox 857 1636 1056 1717; x_wconf 67' lang='lat' dir='ltr'>destitutos</span> <span class='ocrx_word' id='word_1_87' title='bbox 1078 1639 1163 1717; x_wconf 91' lang='lat' dir='ltr'>quin</span> <span class='ocrx_word' id='word_1_88' title='bbox 1177 1639 1295 1719; x_wconf 92' lang='lat' dir='ltr'>potius</span> <span class='ocrx_word' id='word_1_89' title='bbox 1311 1656 1383 1701; x_wconf 86' lang='lat' dir='ltr'>ma-</span> 
     </span>
     <span class='ocr_line' id='line_1_13' title="bbox 191 1741 1383 1826; baseline 0.002 -20"><span class='ocrx_word' id='word_1_90' title='bbox 191 1742 255 1806; x_wconf 83' lang='lat' dir='ltr'>ximi</span> <span class='ocrx_word' id='word_1_91' title='bbox 274 1745 400 1808; x_wconf 89' lang='lat' dir='ltr'>amoris</span> <span class='ocrx_word' id='word_1_92' title='bbox 428 1742 558 1806; x_wconf 88' lang='lat' dir='ltr'>indicia</span> <span class='ocrx_word' id='word_1_93' title='bbox 578 1741 876 1823; x_wconf 83' lang='lat' dir='ltr'>benignitatisque</span> <span class='ocrx_word' id='word_1_94' title='bbox 895 1753 1065 1822; x_wconf 87' lang='lat' dir='ltr'>paternae</span> <span class='ocrx_word' id='word_1_95' title='bbox 1085 1744 1276 1809; x_wconf 92' lang='lat' dir='ltr'>Dominum</span> <span class='ocrx_word' id='word_1_96' title='bbox 1296 1746 1383 1826; x_wconf 91' lang='lat' dir='ltr'>ipsis</span> 
     </span>
     <span class='ocr_line' id='line_1_14' title="bbox 191 1849 1381 1931; baseline 0.002 -19"><span class='ocrx_word' id='word_1_97' title='bbox 191 1853 387 1926; x_wconf 83' lang='lat' dir='ltr'>praestitisse:</span> <span class='ocrx_word' id='word_1_98' title='bbox 404 1850 460 1914; x_wconf 93' lang='lat' dir='ltr'>his</span> <span class='ocrx_word' id='word_1_99' title='bbox 475 1849 617 1913; x_wconf 90' lang='lat' dir='ltr'>monitis</span> <span class='ocrx_word' id='word_1_100' title='bbox 637 1849 785 1930; x_wconf 91' lang='lat' dir='ltr'>aliisque</span> <span class='ocrx_word' id='word_1_101' title='bbox 802 1850 1047 1914; x_wconf 90' lang='lat' dir='ltr'>humilioribus</span> <span class='ocrx_word' id='word_1_102' title='bbox 1062 1853 1252 1931; x_wconf 88' lang='lat' dir='ltr'>exercitiis,</span> <span class='ocrx_word' id='word_1_103' title='bbox 1270 1854 1381 1916; x_wconf 87' lang='lat' dir='ltr'>nostri</span> 
     </span>
     <span class='ocr_line' id='line_1_15' title="bbox 190 1955 1381 2047; baseline 0.006 -31"><span class='ocrx_word' id='word_1_104' title='bbox 190 1955 287 2022; x_wconf 87' lang='lat' dir='ltr'>fratres</span> <span class='ocrx_word' id='word_1_105' title='bbox 301 1959 349 2022; x_wconf 91' lang='lat' dir='ltr'>ita</span> <span class='ocrx_word' id='word_1_106' title='bbox 371 1974 547 2038; x_wconf 81' lang='lat' dir='ltr'>pauperes·</span> <span class='ocrx_word' id='word_1_107' title='bbox 569 1972 656 2035; x_wconf 87' lang='lat' dir='ltr'>erga</span> <span class='ocrx_word' id='word_1_108' title='bbox 670 1972 709 2018; x_wconf 92' lang='lat' dir='ltr'>se</span> <span class='ocrx_word' id='word_1_109' title='bbox 734 1955 937 2047; x_wconf 77' lang='lat' dir='ltr'>affecerant,</span> <span class='ocrx_word' id='word_1_110' title='bbox 959 1968 997 2021; x_wconf 90' lang='lat' dir='ltr'>ut</span> <span class='ocrx_word' id='word_1_111' title='bbox 1016 1958 1213 2037; x_wconf 84' lang='lat' dir='ltr'>aegerrime</span> <span class='ocrx_word' id='word_1_112' title='bbox 1237 1960 1381 2023; x_wconf 90' lang='lat' dir='ltr'>tulerint</span> 
     </span>
     <span class='ocr_line' id='line_1_16' title="bbox 189 2063 1384 2144; baseline 0.005 -21"><span class='ocrx_word' id='word_1_113' title='bbox 189 2078 283 2127; x_wconf 84' lang='lat' dir='ltr'>eorum</span> <span class='ocrx_word' id='word_1_114' title='bbox 292 2065 488 2128; x_wconf 88' lang='lat' dir='ltr'>absentiam</span> <span class='ocrx_word' id='word_1_115' title='bbox 504 2080 596 2141; x_wconf 91' lang='lat' dir='ltr'>cum,</span> <span class='ocrx_word' id='word_1_116' title='bbox 613 2063 692 2125; x_wconf 88' lang='lat' dir='ltr'>aliis</span> <span class='ocrx_word' id='word_1_117' title='bbox 707 2063 860 2142; x_wconf 88' lang='lat' dir='ltr'>negotiis</span> <span class='ocrx_word' id='word_1_118' title='bbox 881 2063 978 2126; x_wconf 92' lang='lat' dir='ltr'>domi</span> <span class='ocrx_word' id='word_1_119' title='bbox 998 2065 1140 2144; x_wconf 89' lang='lat' dir='ltr'>detenti,</span> <span class='ocrx_word' id='word_1_120' title='bbox 1157 2083 1195 2128; x_wconf 93' lang='lat' dir='ltr'>se</span> <span class='ocrx_word' id='word_1_121' title='bbox 1211 2083 1281 2128; x_wconf 91' lang='lat' dir='ltr'>non</span> <span class='ocrx_word' id='word_1_122' title='bbox 1297 2066 1384 2129; x_wconf 90' lang='lat' dir='ltr'>inui-</span> 
     </span>
     <span class='ocr_line' id='line_1_17' title="bbox 192 2183 291 2234; baseline 0.051 -4"><span class='ocrx_word' id='word_1_123' title='bbox 192 2183 291 2234; x_wconf 80' lang='lat' dir='ltr'>serent.</span> 
     </span>
    </p>

    <p class='ocr_par' dir='ltr' id='par_1_4' title="bbox 195 2275 1399 4706">
     <span class='ocr_line' id='line_1_18' title="bbox 238 2275 1385 2356; baseline 0.003 -17"><span class='ocrx_word' id='word_1_124' title='bbox 238 2275 278 2340; x_wconf 87' lang='lat' dir='ltr'>De</span> <span class='ocrx_word' id='word_1_125' title='bbox 288 2277 467 2342; x_wconf 85' lang='lat' dir='ltr'>exercitiis</span> <span class='ocrx_word' id='word_1_126' title='bbox 481 2275 663 2339; x_wconf 90' lang='lat' dir='ltr'>litterariis</span> <span class='ocrx_word' id='word_1_127' title='bbox 677 2293 792 2356; x_wconf 90' lang='lat' dir='ltr'>pauca</span> <span class='ocrx_word' id='word_1_128' title='bbox 807 2276 1031 2355; x_wconf 88' lang='lat' dir='ltr'>subiungam.</span> <span class='ocrx_word' id='word_1_129' title='bbox 1048 2277 1183 2341; x_wconf 89' lang='lat' dir='ltr'>Feruor</span> <span class='ocrx_word' id='word_1_130' title='bbox 1194 2297 1317 2344; x_wconf 92' lang='lat' dir='ltr'>eorum</span> <span class='ocrx_word' id='word_1_131' title='bbox 1329 2280 1385 2343; x_wconf 91' lang='lat' dir='ltr'>his</span> 
     </span>
     <span class='ocr_line' id='line_1_19' title="bbox 196 2376 1386 2464; baseline 0.007 -22"><span class='ocrx_word' id='word_1_132' title='bbox 196 2376 287 2447; x_wconf 86' lang='lat' dir='ltr'>diebus</span> <span class='ocrx_word' id='word_1_133' title='bbox 299 2384 453 2448; x_wconf 85' lang='lat' dir='ltr'>maxime</span> <span class='ocrx_word' id='word_1_134' title='bbox 474 2383 597 2446; x_wconf 90' lang='lat' dir='ltr'>creuit.</span> <span class='ocrx_word' id='word_1_135' title='bbox 622 2382 779 2461; x_wconf 88' lang='lat' dir='ltr'>Singulis</span> <span class='ocrx_word' id='word_1_136' title='bbox 800 2381 923 2446; x_wconf 90' lang='lat' dir='ltr'>diebus</span> <span class='ocrx_word' id='word_1_137' title='bbox 947 2383 1133 2447; x_wconf 91' lang='lat' dir='ltr'>dominicis</span> <span class='ocrx_word' id='word_1_138' title='bbox 1154 2385 1204 2464; x_wconf 92' lang='lat' dir='ltr'>(ut</span> <span class='ocrx_word' id='word_1_139' title='bbox 1226 2405 1247 2449; x_wconf 88' lang='lat' dir='ltr'>a</span> <span class='ocrx_word' id='word_1_140' title='bbox 1267 2388 1386 2450; x_wconf 92' lang='lat' dir='ltr'>multis</span> 
     </span>
     <span class='ocr_line' id='line_1_20' title="bbox 197 2483 1386 2575; baseline 0.009 -29"><span class='ocrx_word' id='word_1_141' title='bbox 197 2483 289 2553; x_wconf 89' lang='lat' dir='ltr'>diebus</span> <span class='ocrx_word' id='word_1_142' title='bbox 301 2490 472 2554; x_wconf 89' lang='lat' dir='ltr'>habemus</span> <span class='ocrx_word' id='word_1_143' title='bbox 487 2489 531 2552; x_wconf 94' lang='lat' dir='ltr'>de</span> <span class='ocrx_word' id='word_1_144' title='bbox 553 2489 663 2567; x_wconf 90' lang='lat' dir='ltr'>more)</span> <span class='ocrx_word' id='word_1_145' title='bbox 683 2486 918 2551; x_wconf 92' lang='lat' dir='ltr'>defenduntur</span> <span class='ocrx_word' id='word_1_146' title='bbox 939 2508 960 2551; x_wconf 91' lang='lat' dir='ltr'>a</span> <span class='ocrx_word' id='word_1_147' title='bbox 980 2487 1091 2553; x_wconf 89' lang='lat' dir='ltr'>fratre</span> <span class='ocrx_word' id='word_1_148' title='bbox 1110 2493 1267 2571; x_wconf 92' lang='lat' dir='ltr'>quodam</span> <span class='ocrx_word' id='word_1_149' title='bbox 1282 2511 1386 2575; x_wconf 90' lang='lat' dir='ltr'>quae·</span> 
     </span>
     <span class='ocr_line' id='line_1_21' title="bbox 195 2588 1386 2675; baseline 0.011 -24"><span class='ocrx_word' id='word_1_150' title='bbox 195 2588 257 2658; x_wconf 83' lang='lat' dir='ltr'>dan</span> <span class='ocrx_word' id='word_1_151' title='bbox 268 2597 474 2661; x_wconf 81' lang='lat' dir='ltr'>assertiones</span> <span class='ocrx_word' id='word_1_152' title='bbox 489 2596 564 2658; x_wconf 93' lang='lat' dir='ltr'>eius</span> <span class='ocrx_word' id='word_1_153' title='bbox 578 2594 767 2665; x_wconf 81' lang='lat' dir='ltr'>facultatis.</span> <span class='ocrx_word' id='word_1_154' title='bbox 786 2595 821 2657; x_wconf 92' lang='lat' dir='ltr'>in</span> <span class='ocrx_word' id='word_1_155' title='bbox 836 2612 906 2675; x_wconf 91' lang='lat' dir='ltr'>qua</span> <span class='ocrx_word' id='word_1_156' title='bbox 921 2612 959 2658; x_wconf 92' lang='lat' dir='ltr'>se</span> <span class='ocrx_word' id='word_1_157' title='bbox 979 2607 1132 2660; x_wconf 88' lang='lat' dir='ltr'>exercet.</span> <span class='ocrx_word' id='word_1_158' title='bbox 1159 2598 1251 2662; x_wconf 90' lang='lat' dir='ltr'>Ante</span> <span class='ocrx_word' id='word_1_159' title='bbox 1267 2610 1386 2664; x_wconf 86' lang='lat' dir='ltr'>tamen</span> 
     </span>
     <span class='ocr_line' id='line_1_22' title="bbox 196 2702 1386 2783; baseline 0.007 -21"><span class='ocrx_word' id='word_1_160' title='bbox 196 2714 276 2776; x_wconf 86' lang='lat' dir='ltr'>quan</span> <span class='ocrx_word' id='word_1_161' title='bbox 286 2703 487 2768; x_wconf 85' lang='lat' dir='ltr'>scholastici</span> <span class='ocrx_word' id='word_1_162' title='bbox 499 2702 757 2783; x_wconf 89' lang='lat' dir='ltr'>disputationes</span> <span class='ocrx_word' id='word_1_163' title='bbox 772 2702 1040 2782; x_wconf 83' lang='lat' dir='ltr'>aggrediantur,</span> <span class='ocrx_word' id='word_1_164' title='bbox 1057 2705 1170 2767; x_wconf 91' lang='lat' dir='ltr'>solent</span> <span class='ocrx_word' id='word_1_165' title='bbox 1185 2707 1386 2771; x_wconf 90' lang='lat' dir='ltr'>oratiuncu-</span> 
     </span>
     <span class='ocr_line' id='line_1_23' title="bbox 201 2802 1386 2892; baseline 0.013 -29"><span class='ocrx_word' id='word_1_166' title='bbox 201 2802 358 2874; x_wconf 86' lang='lat' dir='ltr'>laebreues</span> <span class='ocrx_word' id='word_1_167' title='bbox 373 2810 469 2891; x_wconf 89' lang='lat' dir='ltr'>(quia</span> <span class='ocrx_word' id='word_1_168' title='bbox 485 2809 663 2887; x_wconf 88' lang='lat' dir='ltr'>longiores</span> <span class='ocrx_word' id='word_1_169' title='bbox 683 2808 851 2888; x_wconf 90' lang='lat' dir='ltr'>temporis</span> <span class='ocrx_word' id='word_1_170' title='bbox 871 2810 1059 2887; x_wconf 85' lang='lat' dir='ltr'>angustiae</span> <span class='ocrx_word' id='word_1_171' title='bbox 1074 2828 1144 2874; x_wconf 91' lang='lat' dir='ltr'>non</span> <span class='ocrx_word' id='word_1_172' title='bbox 1167 2814 1386 2892; x_wconf 90' lang='lat' dir='ltr'>permittunt)</span> 
     </span>
     <span class='ocr_line' id='line_1_24' title="bbox 199 2911 1388 2993; baseline 0.009 -20"><span class='ocrx_word' id='word_1_173' title='bbox 199 2911 240 2973; x_wconf 83' lang='lat' dir='ltr'>uel</span> <span class='ocrx_word' id='word_1_174' title='bbox 248 2930 382 2993; x_wconf 85' lang='lat' dir='ltr'>graecae</span> <span class='ocrx_word' id='word_1_175' title='bbox 397 2917 454 2980; x_wconf 93' lang='lat' dir='ltr'>uel</span> <span class='ocrx_word' id='word_1_176' title='bbox 469 2915 600 2978; x_wconf 91' lang='lat' dir='ltr'>latinae</span> <span class='ocrx_word' id='word_1_177' title='bbox 614 2915 650 2977; x_wconf 91' lang='lat' dir='ltr'>in</span> <span class='ocrx_word' id='word_1_178' title='bbox 665 2914 804 2978; x_wconf 89' lang='lat' dir='ltr'>laudem</span> <span class='ocrx_word' id='word_1_179' title='bbox 818 2915 966 2979; x_wconf 91' lang='lat' dir='ltr'>alicuius</span> <span class='ocrx_word' id='word_1_180' title='bbox 978 2917 1120 2980; x_wconf 88' lang='lat' dir='ltr'>virtutis</span> <span class='ocrx_word' id='word_1_181' title='bbox 1134 2929 1194 2982; x_wconf 87' lang='lat' dir='ltr'>aut</span> <span class='ocrx_word' id='word_1_182' title='bbox 1208 2918 1388 2985; x_wconf 85' lang='lat' dir='ltr'>facultatis</span> 
     </span>
     <span class='ocr_line' id='line_1_25' title="bbox 197 3019 1388 3103; baseline 0.01 -23"><span class='ocrx_word' id='word_1_183' title='bbox 197 3019 315 3086; x_wconf 83' lang='lat' dir='ltr'>recitari.</span> <span class='ocrx_word' id='word_1_184' title='bbox 324 3022 512 3088; x_wconf 90' lang='lat' dir='ltr'>Accedunt</span> <span class='ocrx_word' id='word_1_185' title='bbox 523 3039 569 3084; x_wconf 86' lang='lat' dir='ltr'>ex</span> <span class='ocrx_word' id='word_1_186' title='bbox 580 3021 737 3084; x_wconf 85' lang='lat' dir='ltr'>externis</span> <span class='ocrx_word' id='word_1_187' title='bbox 748 3021 972 3085; x_wconf 88' lang='lat' dir='ltr'>scholasticis</span> <span class='ocrx_word' id='word_1_188' title='bbox 984 3026 1197 3103; x_wconf 90' lang='lat' dir='ltr'>complures,</span> <span class='ocrx_word' id='word_1_189' title='bbox 1212 3026 1388 3093; x_wconf 90' lang='lat' dir='ltr'>accedunt</span> 
     </span>
     <span class='ocr_line' id='line_1_26' title="bbox 199 3122 1390 3208; baseline 0.007 -17"><span class='ocrx_word' id='word_1_190' title='bbox 199 3122 460 3195; x_wconf 72' lang='lat' dir='ltr'>elminterdum</span> <span class='ocrx_word' id='word_1_191' title='bbox 475 3127 718 3191; x_wconf 84' lang='lat' dir='ltr'>vniuersitatis</span> <span class='ocrx_word' id='word_1_192' title='bbox 736 3127 969 3208; x_wconf 86' lang='lat' dir='ltr'>professores.</span> <span class='ocrx_word' id='word_1_193' title='bbox 987 3130 1090 3194; x_wconf 91' lang='lat' dir='ltr'>Vnde</span> <span class='ocrx_word' id='word_1_194' title='bbox 1105 3131 1142 3194; x_wconf 90' lang='lat' dir='ltr'>fit</span> <span class='ocrx_word' id='word_1_195' title='bbox 1162 3142 1200 3196; x_wconf 93' lang='lat' dir='ltr'>ut</span> <span class='ocrx_word' id='word_1_196' title='bbox 1219 3132 1390 3200; x_wconf 86' lang='lat' dir='ltr'>fratribus</span> 
     </span>
     <span class='ocr_line' id='line_1_27' title="bbox 200 3234 1390 3322; baseline 0.011 -29"><span class='ocrx_word' id='word_1_197' title='bbox 200 3237 297 3301; x_wconf 81' lang='lat' dir='ltr'>nostis</span> <span class='ocrx_word' id='word_1_198' title='bbox 310 3255 380 3302; x_wconf 91' lang='lat' dir='ltr'>non</span> <span class='ocrx_word' id='word_1_199' title='bbox 395 3237 497 3301; x_wconf 87' lang='lat' dir='ltr'>detur</span> <span class='ocrx_word' id='word_1_200' title='bbox 513 3234 786 3314; x_wconf 89' lang='lat' dir='ltr'>argumentandi</span> <span class='ocrx_word' id='word_1_201' title='bbox 804 3236 915 3314; x_wconf 90' lang='lat' dir='ltr'>locus,</span> <span class='ocrx_word' id='word_1_202' title='bbox 937 3236 1050 3299; x_wconf 91' lang='lat' dir='ltr'>sedin</span> <span class='ocrx_word' id='word_1_203' title='bbox 1071 3239 1163 3302; x_wconf 94' lang='lat' dir='ltr'>diem</span> <span class='ocrx_word' id='word_1_204' title='bbox 1186 3253 1390 3322; x_wconf 88' lang='lat' dir='ltr'>sequentem</span> 
     </span>
     <span class='ocr_line' id='line_1_28' title="bbox 201 3340 1392 3429; baseline 0.013 -30"><span class='ocrx_word' id='word_1_205' title='bbox 201 3348 274 3405; x_wconf 83' lang='lat' dir='ltr'>suam</span> <span class='ocrx_word' id='word_1_206' title='bbox 283 3344 553 3426; x_wconf 90' lang='lat' dir='ltr'>disputationem</span> <span class='ocrx_word' id='word_1_207' title='bbox 564 3340 704 3405; x_wconf 79' lang='lat' dir='ltr'>differre</span> <span class='ocrx_word' id='word_1_208' title='bbox 726 3351 913 3421; x_wconf 89' lang='lat' dir='ltr'>cogantur:</span> <span class='ocrx_word' id='word_1_209' title='bbox 930 3345 1106 3409; x_wconf 90' lang='lat' dir='ltr'>intersunt</span> <span class='ocrx_word' id='word_1_210' title='bbox 1122 3365 1262 3429; x_wconf 94' lang='lat' dir='ltr'>quoque</span> <span class='ocrx_word' id='word_1_211' title='bbox 1278 3352 1392 3414; x_wconf 90' lang='lat' dir='ltr'>nostri</span> 
     </span>
     <span class='ocr_line' id='line_1_29' title="bbox 199 3448 1390 3534; baseline 0.011 -27"><span class='ocrx_word' id='word_1_212' title='bbox 199 3452 419 3516; x_wconf 72' lang='lat' dir='ltr'>auenionibus</span> <span class='ocrx_word' id='word_1_213' title='bbox 434 3451 596 3528; x_wconf 92' lang='lat' dir='ltr'>aliorum,</span> <span class='ocrx_word' id='word_1_214' title='bbox 613 3448 786 3512; x_wconf 89' lang='lat' dir='ltr'>aduersus</span> <span class='ocrx_word' id='word_1_215' title='bbox 801 3467 890 3530; x_wconf 90' lang='lat' dir='ltr'>quas</span> <span class='ocrx_word' id='word_1_216' title='bbox 905 3453 1061 3515; x_wconf 87' lang='lat' dir='ltr'>maximo</span> <span class='ocrx_word' id='word_1_217' title='bbox 1077 3452 1230 3534; x_wconf 88' lang='lat' dir='ltr'>feruore,</span> <span class='ocrx_word' id='word_1_218' title='bbox 1248 3473 1314 3520; x_wconf 91' lang='lat' dir='ltr'>nec</span> <span class='ocrx_word' id='word_1_219' title='bbox 1329 3459 1390 3520; x_wconf 94' lang='lat' dir='ltr'>mi·</span> 
     </span>
     <span class='ocr_line' id='line_1_30' title="bbox 201 3552 1392 3637; baseline 0.012 -23"><span class='ocrx_word' id='word_1_220' title='bbox 201 3552 258 3615; x_wconf 84' lang='lat' dir='ltr'>nori</span> <span class='ocrx_word' id='word_1_221' title='bbox 268 3559 443 3637; x_wconf 90' lang='lat' dir='ltr'>modestia,</span> <span class='ocrx_word' id='word_1_222' title='bbox 460 3557 556 3620; x_wconf 88' lang='lat' dir='ltr'>uelut</span> <span class='ocrx_word' id='word_1_223' title='bbox 571 3556 631 3619; x_wconf 89' lang='lat' dir='ltr'>alii</span> <span class='ocrx_word' id='word_1_224' title='bbox 646 3568 952 3636; x_wconf 89' lang='lat' dir='ltr'>argumentantur.</span> <span class='ocrx_word' id='word_1_225' title='bbox 969 3559 1042 3622; x_wconf 89' lang='lat' dir='ltr'>Nec</span> <span class='ocrx_word' id='word_1_226' title='bbox 1059 3561 1101 3636; x_wconf 84' lang='lat' dir='ltr'>(si</span> <span class='ocrx_word' id='word_1_227' title='bbox 1116 3562 1202 3625; x_wconf 93' lang='lat' dir='ltr'>mihi</span> <span class='ocrx_word' id='word_1_228' title='bbox 1217 3562 1252 3625; x_wconf 94' lang='lat' dir='ltr'>id</span> <span class='ocrx_word' id='word_1_229' title='bbox 1274 3562 1392 3628; x_wconf 88' lang='lat' dir='ltr'>dicere</span> 
     </span>
     <span class='ocr_line' id='line_1_31' title="bbox 201 3649 1393 3750; baseline 0.01 -27"><span class='ocrx_word' id='word_1_230' title='bbox 201 3649 304 3744; x_wconf 71' lang='lat' dir='ltr'>latest)</span> <span class='ocrx_word' id='word_1_231' title='bbox 326 3668 363 3730; x_wconf 92' lang='lat' dir='ltr'>in</span> <span class='ocrx_word' id='word_1_232' title='bbox 383 3664 573 3745; x_wconf 88' lang='lat' dir='ltr'>postremis</span> <span class='ocrx_word' id='word_1_233' title='bbox 597 3664 782 3741; x_wconf 88' lang='lat' dir='ltr'>habentur,</span> <span class='ocrx_word' id='word_1_234' title='bbox 810 3665 895 3745; x_wconf 90' lang='lat' dir='ltr'>quin</span> <span class='ocrx_word' id='word_1_235' title='bbox 918 3666 1034 3746; x_wconf 90' lang='lat' dir='ltr'>potius</span> <span class='ocrx_word' id='word_1_236' title='bbox 1055 3667 1104 3744; x_wconf 91' lang='lat' dir='ltr'>(ut</span> <span class='ocrx_word' id='word_1_237' title='bbox 1124 3668 1233 3732; x_wconf 89' lang='lat' dir='ltr'>libere</span> <span class='ocrx_word' id='word_1_238' title='bbox 1261 3670 1393 3750; x_wconf 88' lang='lat' dir='ltr'>dicam)</span> 
     </span>
     <span class='ocr_line' id='line_1_32' title="bbox 199 3769 1393 3857; baseline 0.01 -28"><span class='ocrx_word' id='word_1_239' title='bbox 199 3769 321 3837; x_wconf 83' lang='lat' dir='ltr'>omnium</span> <span class='ocrx_word' id='word_1_240' title='bbox 334 3771 596 3837; x_wconf 88' lang='lat' dir='ltr'>existimatione</span> <span class='ocrx_word' id='word_1_241' title='bbox 609 3771 702 3834; x_wconf 90' lang='lat' dir='ltr'>inter</span> <span class='ocrx_word' id='word_1_242' title='bbox 716 3772 850 3851; x_wconf 90' lang='lat' dir='ltr'>primos</span> <span class='ocrx_word' id='word_1_243' title='bbox 866 3786 1178 3855; x_wconf 88' lang='lat' dir='ltr'>connumerantur,</span> <span class='ocrx_word' id='word_1_244' title='bbox 1203 3776 1238 3839; x_wconf 92' lang='lat' dir='ltr'>id</span> <span class='ocrx_word' id='word_1_245' title='bbox 1253 3779 1393 3857; x_wconf 89' lang='lat' dir='ltr'>publice</span> 
     </span>
     <span class='ocr_line' id='line_1_33' title="bbox 204 3872 1395 3949; baseline 0.005 -6"><span class='ocrx_word' id='word_1_246' title='bbox 204 3872 426 3944; x_wconf 71' lang='lat' dir='ltr'>professoribus</span> <span class='ocrx_word' id='word_1_247' title='bbox 452 3878 751 3941; x_wconf 88' lang='lat' dir='ltr'>asseuerantibus.</span> <span class='ocrx_word' id='word_1_248' title='bbox 780 3877 924 3942; x_wconf 91' lang='lat' dir='ltr'>Fratres</span> <span class='ocrx_word' id='word_1_249' title='bbox 954 3880 989 3943; x_wconf 91' lang='lat' dir='ltr'>id</span> <span class='ocrx_word' id='word_1_250' title='bbox 1014 3882 1171 3946; x_wconf 88' lang='lat' dir='ltr'>studiose</span> <span class='ocrx_word' id='word_1_251' title='bbox 1200 3896 1328 3948; x_wconf 90' lang='lat' dir='ltr'>curant</span> <span class='ocrx_word' id='word_1_252' title='bbox 1358 3897 1395 3949; x_wconf 92' lang='lat' dir='ltr'>ut</span> 
     </span>
     <span class='ocr_line' id='line_1_34' title="bbox 201 3974 1396 4071; baseline 0.014 -32"><span class='ocrx_word' id='word_1_253' title='bbox 201 3974 411 4065; x_wconf 81' lang='lat' dir='ltr'>scholasticos,</span> <span class='ocrx_word' id='word_1_254' title='bbox 428 4002 523 4048; x_wconf 90' lang='lat' dir='ltr'>nunc</span> <span class='ocrx_word' id='word_1_255' title='bbox 538 3984 668 4061; x_wconf 88' lang='lat' dir='ltr'>uerbis,</span> <span class='ocrx_word' id='word_1_256' title='bbox 685 4002 779 4047; x_wconf 90' lang='lat' dir='ltr'>nunc</span> <span class='ocrx_word' id='word_1_257' title='bbox 796 3988 969 4066; x_wconf 86' lang='lat' dir='ltr'>exemplo,</span> <span class='ocrx_word' id='word_1_258' title='bbox 992 3988 1029 4050; x_wconf 91' lang='lat' dir='ltr'>in</span> <span class='ocrx_word' id='word_1_259' title='bbox 1048 3987 1115 4052; x_wconf 92' lang='lat' dir='ltr'>Dei</span> <span class='ocrx_word' id='word_1_260' title='bbox 1131 4000 1237 4071; x_wconf 87' lang='lat' dir='ltr'>atque</span> <span class='ocrx_word' id='word_1_261' title='bbox 1253 3992 1396 4056; x_wconf 90' lang='lat' dir='ltr'>virtutis</span> 
     </span>
     <span class='ocr_line' id='line_1_35' title="bbox 203 4091 1397 4174; baseline 0.015 -29"><span class='ocrx_word' id='word_1_262' title='bbox 203 4093 325 4157; x_wconf 73' lang='lat' dir='ltr'>amorem</span> <span class='ocrx_word' id='word_1_263' title='bbox 343 4092 525 4174; x_wconf 78' lang='lat' dir='ltr'>pellicient</span> <span class='ocrx_word' id='word_1_264' title='bbox 547 4100 580 4153; x_wconf 88' lang='lat' dir='ltr'>et</span> <span class='ocrx_word' id='word_1_265' title='bbox 600 4091 793 4170; x_wconf 87' lang='lat' dir='ltr'>attrahant,</span> <span class='ocrx_word' id='word_1_266' title='bbox 816 4101 850 4154; x_wconf 92' lang='lat' dir='ltr'>et</span> <span class='ocrx_word' id='word_1_267' title='bbox 876 4110 965 4172; x_wconf 91' lang='lat' dir='ltr'>quos</span> <span class='ocrx_word' id='word_1_268' title='bbox 988 4095 1108 4158; x_wconf 88' lang='lat' dir='ltr'>vident</span> <span class='ocrx_word' id='word_1_269' title='bbox 1128 4099 1336 4161; x_wconf 90' lang='lat' dir='ltr'>commodos</span> <span class='ocrx_word' id='word_1_270' title='bbox 1352 4102 1397 4164; x_wconf 89' lang='lat' dir='ltr'>ad</span> 
     </span>
     <span class='ocr_line' id='line_1_36' title="bbox 202 4197 1397 4280; baseline 0.013 -25"><span class='ocrx_word' id='word_1_271' title='bbox 202 4197 336 4263; x_wconf 69' lang='lat' dir='ltr'>exercitia</span> <span class='ocrx_word' id='word_1_272' title='bbox 351 4198 549 4280; x_wconf 87' lang='lat' dir='ltr'>spiritualia</span> <span class='ocrx_word' id='word_1_273' title='bbox 565 4199 768 4278; x_wconf 86' lang='lat' dir='ltr'>peragenda</span> <span class='ocrx_word' id='word_1_274' title='bbox 785 4209 1021 4263; x_wconf 91' lang='lat' dir='ltr'>commouent.</span> <span class='ocrx_word' id='word_1_275' title='bbox 1046 4201 1137 4265; x_wconf 92' lang='lat' dir='ltr'>Hinc</span> <span class='ocrx_word' id='word_1_276' title='bbox 1154 4203 1191 4266; x_wconf 89' lang='lat' dir='ltr'>fit</span> <span class='ocrx_word' id='word_1_277' title='bbox 1207 4214 1243 4268; x_wconf 91' lang='lat' dir='ltr'>ut</span> <span class='ocrx_word' id='word_1_278' title='bbox 1259 4207 1397 4270; x_wconf 84' lang='lat' dir='ltr'>schola·</span> 
     </span>
     <span class='ocr_line' id='line_1_37' title="bbox 204 4294 1398 4395; baseline 0.014 -34"><span class='ocrx_word' id='word_1_279' title='bbox 204 4294 262 4362; x_wconf 81' lang='lat' dir='ltr'>stiei</span> <span class='ocrx_word' id='word_1_280' title='bbox 272 4303 335 4370; x_wconf 88' lang='lat' dir='ltr'>fere</span> <span class='ocrx_word' id='word_1_281' title='bbox 350 4322 473 4371; x_wconf 90' lang='lat' dir='ltr'>omnes</span> <span class='ocrx_word' id='word_1_282' title='bbox 488 4305 644 4368; x_wconf 87' lang='lat' dir='ltr'>maximo</span> <span class='ocrx_word' id='word_1_283' title='bbox 661 4323 781 4368; x_wconf 88' lang='lat' dir='ltr'>amore</span> <span class='ocrx_word' id='word_1_284' title='bbox 797 4323 861 4367; x_wconf 90' lang='lat' dir='ltr'>nos</span> <span class='ocrx_word' id='word_1_285' title='bbox 883 4320 1143 4387; x_wconf 86' lang='lat' dir='ltr'>prosequantur</span> <span class='ocrx_word' id='word_1_286' title='bbox 1159 4309 1398 4395; x_wconf 79' lang='lat' dir='ltr'>societatique</span> 
     </span>
     <span class='ocr_line' id='line_1_38' title="bbox 207 4411 1397 4501; baseline 0.024 -44"><span class='ocrx_word' id='word_1_287' title='bbox 207 4411 314 4476; x_wconf 86' lang='lat' dir='ltr'>nostrae</span> <span class='ocrx_word' id='word_1_288' title='bbox 327 4414 476 4476; x_wconf 91' lang='lat' dir='ltr'>multum</span> <span class='ocrx_word' id='word_1_289' title='bbox 496 4411 755 4474; x_wconf 89' lang='lat' dir='ltr'>deuinciantur.</span> <span class='ocrx_word' id='word_1_290' title='bbox 778 4411 842 4474; x_wconf 93' lang='lat' dir='ltr'>His</span> <span class='ocrx_word' id='word_1_291' title='bbox 865 4413 988 4476; x_wconf 90' lang='lat' dir='ltr'>diebus</span> <span class='ocrx_word' id='word_1_292' title='bbox 1008 4432 1047 4476; x_wconf 91' lang='lat' dir='ltr'>se</span> <span class='ocrx_word' id='word_1_293' title='bbox 1069 4414 1238 4482; x_wconf 87' lang='lat' dir='ltr'>Societati</span> <span class='ocrx_word' id='word_1_294' title='bbox 1254 4422 1397 4501; x_wconf 89' lang='lat' dir='ltr'>quidam</span> 
     </span>
     <span class='ocr_line' id='line_1_39' title="bbox 209 4503 1396 4608; baseline 0.022 -41"><span class='ocrx_word' id='word_1_295' title='bbox 209 4503 378 4584; x_wconf 86' lang='lat' dir='ltr'>adolescens</span> <span class='ocrx_word' id='word_1_296' title='bbox 396 4518 541 4593; x_wconf 89' lang='lat' dir='ltr'>dicauit,</span> <span class='ocrx_word' id='word_1_297' title='bbox 563 4518 622 4598; x_wconf 93' lang='lat' dir='ltr'>qui</span> <span class='ocrx_word' id='word_1_298' title='bbox 642 4516 782 4598; x_wconf 91' lang='lat' dir='ltr'>quidem</span> <span class='ocrx_word' id='word_1_299' title='bbox 805 4520 961 4582; x_wconf 91' lang='lat' dir='ltr'>omnium</span> <span class='ocrx_word' id='word_1_300' title='bbox 985 4538 1161 4586; x_wconf 90' lang='lat' dir='ltr'>consensu</span> <span class='ocrx_word' id='word_1_301' title='bbox 1182 4529 1396 4608; x_wconf 89' lang='lat' dir='ltr'>praecipuus</span> 
     </span>
     <span class='ocr_line' id='line_1_40' title="bbox 207 4607 1399 4706; baseline 0.014 -24"><span class='ocrx_word' id='word_1_302' title='bbox 207 4607 352 4703; x_wconf 83' lang='lat' dir='ltr'>inlinguis</span> <span class='ocrx_word' id='word_1_303' title='bbox 372 4625 581 4703; x_wconf 90' lang='lat' dir='ltr'>habebatur;</span> <span class='ocrx_word' id='word_1_304' title='bbox 598 4640 682 4688; x_wconf 89' lang='lat' dir='ltr'>nam</span> <span class='ocrx_word' id='word_1_305' title='bbox 697 4623 791 4702; x_wconf 91' lang='lat' dir='ltr'>(cum</span> <span class='ocrx_word' id='word_1_306' title='bbox 806 4626 868 4689; x_wconf 86' lang='lat' dir='ltr'>uix</span> <span class='ocrx_word' id='word_1_307' title='bbox 882 4626 1094 4706; x_wconf 88' lang='lat' dir='ltr'>uigesimum</span> <span class='ocrx_word' id='word_1_308' title='bbox 1109 4631 1252 4695; x_wconf 91' lang='lat' dir='ltr'>tertium</span> <span class='ocrx_word' id='word_1_309' title='bbox 1273 4643 1333 4697; x_wconf 91' lang='lat' dir='ltr'>aut</span> <span class='ocrx_word' id='word_1_310' title='bbox 1349 4637 1399 4699; x_wconf 86' lang='lat' dir='ltr'>ui·</span> 
     </span>
    </p>
   </div>
   <div class='ocr_carea' id='block_1_3' title="bbox 0 0 1633 5392">
    <p class='ocr_par' dir='ltr' id='par_1_5' title="bbox 0 0 1633 5392">
     <span class='ocr_line' id='line_1_41' title="bbox 0 0 1633 5392; baseline 0 0"><span class='ocrx_word' id='word_1_311' title='bbox 0 0 1633 5392; x_wconf 95' lang='lat' dir='ltr'> </span> 
     </span>
    </p>
   </div>
  </div>
 </body>
</html>
