3240 5386
715 436 780 494 Aa.
802 435 872 493 1555
1352 437 1409 496 303

107 602 381 664 accessere,
398 584 599 649 ardentiore
616 598 736 644 amore
759 581 890 645 Christi
905 583 1059 661 flagrare
1079 594 1282 664 coeperunt,
1299 601 1406 663 quum

112 699 284 755 antea
298 694 335 756 in
348 693 480 774 pietate
494 711 536 757 ac
552 693 648 757 omni
667 693 815 756 honesta
832 691 971 755 actione
992 693 1215 770 languerent:
1232 690 1305 753 iam
1319 708 1406 754 uero

108 814 253 860 non
267 796 409 881 [solum]
426 800 472 863 ad
490 818 595 864 sacra
610 811 643 865 et
665 818 848 865 sermones
867 799 1008 862 diuinos
1028 799 1169 861 assidue
1192 797 1332 876 adsunt,
1350 815 1406 860 ue·

107 919 258 967 run]
272 907 380 970 etiam
395 906 441 970 ad
456 909 741 972 communionem
755 907 915 986 corporis
940 904 1107 969 dominici
1128 905 1329 986 frequenter
1349 923 1408 967 ve-

110 1009 289 1076 niunt.
307 1012 453 1076 infesto
470 1014 606 1077 Natalis
621 1015 763 1078 Domini
782 1013 843 1077 300
857 1013 1017 1076 homines
1039 1011 1171 1076 Christi
1185 1028 1314 1092 corpus
1329 1029 1407 1091 par·

110 1114 428 1199 ticipauerunt,
442 1137 485 1183 ac
501 1122 579 1184 aliis
591 1122 626 1184 in
639 1122 725 1184 locis
737 1123 847 1184 multo
859 1122 977 1200 plures
990 1119 1061 1183 iam
1076 1136 1181 1200 quam
1196 1119 1358 1181 solebant
1373 1117 1408 1180 id

110 1219 293 1299 ipsum
313 1227 491 1304 lecerunt,
509 1228 603 1308 quod
624 1228 746 1292 Rmus.
763 1228 963 1292 Cardinalis
983 1236 1104 1291 nostro
1124 1227 1281 1307 Collegio
1297 1235 1410 1289 totum

107 1328 367 1398 tribuebat.

223 1437 351 1519 Multi,
368 1441 428 1520 qui
444 1450 526 1504 ante
542 1458 679 1505 summo
695 1441 775 1504 odio
791 1441 1023 1520 dissidebant,
1041 1442 1077 1504 in
1092 1442 1284 1504 amicitiam
1300 1441 1407 1505 redie-

116 1550 209 1602 re:
232 1563 313 1610 nec
329 1564 477 1627 paucoS,
494 1549 621 1611 misere
637 1548 754 1611 animo
772 1558 806 1611 et
822 1565 971 1628 corpore
991 1548 1147 1623 affectos
1169 1548 1412 1611 recreauimus

114 1655 194 1706 ac
234 1655 346 1718 omni
372 1656 505 1718 auxilio
530 1655 734 1719 refecimus:
756 1672 845 1736 quos
867 1674 989 1719 omnes
1011 1673 1218 1719 enumerare
1241 1671 1412 1734 magnum

115 1760 241 1834 ἕδη
263 1761 424 1824 sednon
446 1762 568 1825 inutile
583 1773 702 1825 tamen
723 1762 957 1843 quorumdam
981 1763 1193 1826 meminisse.
1215 1761 1309 1825 Inter
1331 1761 1412 1824 illos

117 1866 301 1931 autem
326 1867 392 1931 suit
418 1868 560 1948 quidam
584 1870 662 1949 qui,
679 1886 773 1932 anno
792 1869 828 1931 14
847 1880 908 1932 aut
927 1871 962 1931 15
983 1871 1111 1932 aetatis
1133 1887 1233 1947 suae,
1256 1870 1411 1932 incestus

118 1970 371 2038 peceatum
393 1974 603 2053 admiserat,
631 1994 695 2039 nec
717 1977 752 2039 id
774 1994 859 2056 prae
884 1977 1097 2040 uerecundia
1123 1977 1282 2040 confiteri
1307 1976 1410 2039 aude·

117 2057 252 2155 bat;
273 2100 346 2162 quo
361 2080 492 2144 accidit
507 2092 544 2145 ut
564 2082 608 2144 ad
622 2082 663 2144 90
682 2100 813 2145 annum
833 2083 915 2145 illud
938 2093 1123 2161 peccatum
1145 2084 1321 2146 occultum
1342 2099 1412 2144 scr·

121 2179 294 2267 uaret,
323 2207 433 2252 aceo
459 2189 663 2269 inquinatus
687 2202 951 2252 sacramentum
975 2191 1221 2253 Eucharistiae
1246 2198 1412 2252 sumeret:

122 2286 234 2349 sed
253 2312 306 2359 ne
321 2297 392 2358 tale
412 2295 552 2357 facinus
567 2296 708 2374 impune
724 2305 774 2358 tot
791 2314 902 2358 annos
919 2307 1069 2375 tegeret,
1087 2296 1208 2359 incidit
1223 2297 1259 2359 in
1278 2296 1414 2375 grauis·

124 2380 272 2462 sima
293 2402 428 2464 diaboli
448 2411 640 2479 tormenta,
658 2404 706 2465 ita
727 2414 764 2466 ut
784 2404 840 2465 die
860 2413 1037 2484 noctuque
1057 2404 1103 2465 ab
1125 2404 1184 2466 illo
1209 2412 1414 2479 uexaretur,

123 2496 289 2573 111odo
305 2509 505 2571 horrendas
520 2509 692 2588 imagines
708 2510 949 2590 proponendo,
965 2510 1070 2573 modo
1085 2520 1234 2573 mortem
1254 2509 1414 2573 minitan-

127 2589 226 2676 00»
257 2615 394 2697 quibus
419 2616 525 2678 rebus
548 2617 707 2694 grauiter
732 2615 922 2680 deterritus
947 2618 1064 2694 homo,
1092 2617 1301 2696 praesertim
1326 2616 1416 2678 tanti

128 2692 310 2792 flagitii
331 2722 513 2800 consciuS,
529 2723 626 2784 venit
649 2722 694 2785 ad
712 2733 873 2786 nostrum
888 2723 1101 2802 Collegium,
1121 2724 1336 2803 benignitate
1349 2723 1416 2786 Dei

125 2815 303 2892 Potius
330 2847 437 2909 quam
464 2846 528 2891 sua
557 2833 737 2892 uoluntate
762 2830 904 2908 ductus,
932 2831 1252 2910 grauissimumque
1282 2831 1415 2892 crimen

126 2920 375 2999 00nfessus
398 2944 468 2997 est:
495 2953 563 3016 quo
588 2935 682 3026 facto
707 2938 902 3000 terroribus
924 2937 1108 3015 liberatuS,
1130 2937 1201 2999 iam
1229 2936 1415 3016 tranquille

131 3020 287 3107 uiuit.

227 3140 432 3228 Foemina,
449 3147 510 3213 diu
530 3151 747 3230 multumque
762 3150 888 3230 spiritu
904 3150 1145 3230 blasphemiae
1160 3150 1354 3228 exagitata,
1372 3149 1416 3210 ad

131 3234 177 3293 ‘a
184 3255 327 3319 utam
342 3255 500 3319 omnium
515 3274 635 3320 rerum
650 3257 933 3337 desperationem
948 3266 1110 3333 uenerat,
1128 3267 1165 3320 ut
1180 3274 1202 3319 a
1220 3259 1317 3319 nullo
1339 3272 1417 3335 pec-

129 3346 268 3420 cu¹10
293 3363 514 3440 abhorreret,
536 3382 579 3427 ac
598 3366 756 3428 salutare
776 3365 969 3428 remedium
990 3365 1121 3429 Christi
1137 3364 1298 3444 corporis
1317 3364 1419 3426 relin-

127 3454 298 3533 quere
321 3469 549 3549 decreuerat,
571 3488 655 3535 nam
680 3490 721 3534 eo
746 3481 893 3552 accepto
918 3473 1088 3552 grauiora
1112 3489 1150 3534 se
1172 3472 1245 3551 pati
1268 3470 1418 3533 dicebat.

126 3538 288 3640 Haec
303 3594 387 3640 curn
401 3578 542 3640 cuidam
556 3577 653 3641 Patri
672 3579 827 3657 aperiret
842 3578 1066 3659 eiusdemque
1087 3578 1243 3641 consiliis
1263 3579 1299 3640 in
1320 3596 1361 3641 ea
1383 3596 1422 3640 re

127 3663 345 3763 pareret,
363 3701 434 3746 non
449 3684 553 3747 modo
568 3702 640 3747 non
655 3694 840 3764 peccatum
856 3703 935 3748 esse
949 3685 1136 3763 intellexit,
1154 3684 1337 3748 sedetiam
1353 3685 1420 3745 uir-

127 3764 276 3851 mtis
291 3790 582 3854 exercitationem
597 3809 676 3855 esse
692 3811 712 3855 a
727 3792 804 3855 Deo
820 3792 941 3856 datam
955 3791 1142 3855 manifesto
1157 3792 1255 3854 uidit.

233 3892 445 3977 Coepimus
460 3898 577 3961 iacere
588 3898 818 3962 fundamenta
834 3899 974 3978 collegii
986 3899 1131 3962 Arabici
1143 3916 1208 3978 ope
1224 3897 1323 3960 Illmi.
1336 3897 1418 3960 Pro·

136 3984 242 4087 ¹⁸th
247 3998 290 4067 is
305 4002 325 4082 ¹,
342 4005 402 4084 qui
423 4005 527 4067 nobis
546 4005 725 4069 hominem
749 4005 914 4069 arabicae
933 4006 1074 4086 linguae
1096 4006 1247 4084 peritum
1267 4023 1309 4068 ac
1330 4005 1419 4067 bene

142 4075 370 4174 ¹¹¹Qratum
388 4110 500 4174 dedit:
528 4112 558 4174 is
579 4121 651 4174 tres
674 4129 804 4191 pueros
830 4111 953 4192 AiroS,
976 4113 1034 4192 qui
1059 4113 1243 4175 nobiscum
1268 4122 1368 4187 sunt,
1386 4122 1420 4173 ct

155 4182 283 4281 Quos
303 4217 435 4281 fratres
459 4218 576 4281 docet:
606 4219 695 4281 alter
714 4218 879 4298 fratrum,
895 4219 1029 4299 Tripoli
1049 4231 1169 4297 natus,
1187 4219 1246 4299 qui
1270 4219 1422 4298 septimo

167 4310 288 4386 amlo
311 4325 439 4388 aetatis
464 4341 550 4388 suae
575 4325 621 4388 ad
645 4326 711 4388 has
730 4335 846 4388 terras
868 4325 1039 4389 aduectus
1058 4335 1125 4404 est,
1149 4327 1237 4388 alter
1259 4324 1376 4388 Meleti
1391 4323 1420 4403 '3

188 4466 235 4487 ““-..

239 4591 248 4623 '
275 4602 378 4655 Jonnnis
388 4606 420 4647 de
430 4604 516 4658 Vega.

242 4666 254 4697 ²
275 4674 327 4729 Sia·
335 4676 451 4722 Melitae.
