3210 5392
204 328 259 387 292
597 327 1048 393 erraanaouanmuasraas

204 473 392 536 adiunctus
407 481 510 551 esset,
538 472 749 536 medicinam
774 474 911 536 consilii
933 473 996 536 sui
1017 474 1238 554 adferebant,
1261 483 1371 556 atque
1393 475 1435 539 ad

204 580 371 642 uirtutem
385 579 500 642 facem
514 579 773 659 praeferebant,
789 598 937 661 eumque
966 581 1012 643 ad
1035 580 1307 659 consessionem,
1330 592 1365 645 et
1390 582 1435 644 ad

203 705 346 751 sacram
356 687 617 750 Eucharistiam
631 687 925 768 frequentandam
938 689 1155 751 excitabant.
1172 688 1211 752 ln
1225 690 1382 770 hospitio
1396 706 1435 752 ea

204 796 449 877 loquebantur,
467 812 558 875 quae
573 795 822 858 documentum
836 797 1067 874 praestabant
1085 796 1231 859 intimae
1251 795 1435 859 cniusdam

202 903 416 982 innataeque
441 901 643 981 probitatis;
666 919 750 964 nam
775 903 902 965 mentis
928 902 1088 964 habitum
1117 903 1294 966 sermonis
1320 904 1434 965 cultus

202 1012 291 1073 solet
306 1009 474 1072 indicare.
500 1008 711 1087 Peregrinos
726 1008 768 1087 (si
790 1010 849 1088 qui
873 1011 986 1085 erant)
1011 1011 1228 1090 auoluptate
1243 1010 1434 1089 mundique

202 1117 378 1180 illecebris
403 1124 613 1195 auocanteS,
634 1126 671 1177 ut
694 1115 825 1179 Christi
850 1116 1076 1179 inhaererent
1099 1121 1207 1196 atque
1225 1116 1450 1179 insisterent·

202 1223 381 1302 uestigiiS,
408 1220 578 1301 gratuler
602 1222 772 1284 simulac
797 1221 1032 1306 saluberrime
1056 1222 1244 1301 docebant,
1269 1232 1377 1304 atque
1395 1228 1450 1285 uti

201 1331 296 1392 illius
315 1347 435 1392 amore
458 1331 583 1408 nullas,
608 1347 678 1392 non
705 1329 809 1392 modo
834 1330 1073 1392 intolerabiles
1094 1346 1299 1410 aerumnas,
1315 1330 1379 1393 sed
1391 1347 1450 1395 ne

202 1446 354 1499 mortem
369 1435 510 1514 quidem
527 1434 777 1514 detrectarent,
800 1435 1074 1516 persuadebant,
1096 1436 1150 1499 sic
1170 1436 1264 1499 enim
1279 1437 1381 1515 sore,
1395 1442 1450 1500 un

201 1562 252 1605 ex
262 1543 462 1606 leonn'ra'bns
474 1549 507 1606 et
518 1543 747 1622 mortalibus,
761 1542 985 1606 immortales
999 1560 1042 1605 ac
1056 1544 1131 1606 Deo
1145 1542 1285 1606 sinales
1287 1544 1430 1624 fierent.
1446 1564 1450 1570 ·

201 1651 330 1730 quibus
345 1651 529 1731 colloquiis
555 1651 688 1714 iactum
713 1660 777 1743 est,
794 1660 832 1714 ut
857 1651 1049 1731 aliquando
1074 1650 1210 1730 PatreS,
1237 1651 1307 1714 etsi
1320 1652 1364 1715 de
1377 1650 1450 1714 uia

203 1758 429 1835 languebant,
447 1756 631 1820 audiendis
647 1766 766 1820 tamen
780 1756 1062 1820 confessionibus
1077 1757 1114 1819 in
1130 1759 1278 1820 multam
1294 1767 1450 1821 nocten:

201 1864 404 1943 uigilarent.
436 1862 599 1942 Quidam,
630 1872 710 1943 post
739 1863 1009 1940 confessionem,
1040 1863 1118 1926 dari
1146 1864 1214 1927 sibi
1239 1864 1361 1927 literas
1388 1880 1446 1925 a·

203 1969 246 2033 R.
262 1969 300 2032 P.
317 1969 430 2032 Tuam
447 1970 666 2049 efflagitauit,
684 1971 722 2033 in
736 1971 892 2033 animum
912 1969 1081 2033 inducens
1101 1988 1204 2034 suum
1221 1969 1242 2047 ¹,
1265 1987 1347 2033 cum
1365 1969 1450 2050 pri

203 2094 301 2140 mum
315 2076 465 2140 Romam
480 2077 712 2157 peruenisset,
730 2094 791 2139 eas
806 2076 903 2155 dare,
922 2086 1039 2157 atque,
1057 2078 1146 2140 utin
1172 2086 1298 2140 nostra
1318 2076 1450 2141 Sociffi

203 2193 278 2247 tate
293 2193 533 2263 coaptaretur,
547 2184 693 2247 summis
708 2184 874 2264 precibus
892 2185 1093 2247 obsecrare.

264 2290 437 2354 Venimus
449 2307 583 2367 omneS,
610 2292 670 2369 qui
694 2289 808 2354 Roma
823 2309 893 2353 una
909 2291 1046 2370 egressi
1068 2308 1201 2370 sumuS,
1218 2290 1450 2355 Florentiam

203 2416 326 2479 usque,
345 2397 436 2460 unde
452 2398 599 2478 quisque
611 2397 678 2459 iter
693 2397 760 2459 sibi
774 2395 989 2459 destinatum
1004 2397 1164 2477 arripuit.
1180 2397 1255 2461 Nos
1267 2397 1366 2461 Pisas
1377 2398 1450 2460 dn

205 2505 377 2583 uenimuS,
394 2505 454 2567 ubi
468 2505 575 2567 biduo
593 2521 735 2566 manere
752 2505 866 2566 coacti
882 2520 1015 2580 sumus,
1033 2513 1177 2567 uentum
1192 2514 1428 2586 expectante:

204 2630 355 2690 cumque
370 2620 510 2690 tempus
531 2627 753 2690 summopere
778 2610 943 2687 saeuiret,
967 2611 1013 2672 ad
1028 2611 1207 2690 oppidum,
1225 2612 1284 2674 cni
1308 2625 1450 2675 nomez=

202 2731 259 2782 est
274 2719 382 2797 Lergi
397 2717 418 2795 ‘,
437 2717 584 2797 profecti
607 2734 741 2796 sumus,
768 2736 812 2779 ex
837 2735 905 2795 quo
931 2717 1118 2780 duodecim
1142 2718 1241 2781 horis
1266 2734 1450 2799 prosper:

204 2836 311 2890 uento
324 2825 485 2889 Genuam
501 2825 651 2903 deuecti,
669 2824 868 2886 inuenimus
884 2824 924 2886 R.
942 2823 979 2886 P.
997 2823 1171 2904 Natalem,
1188 2843 1271 2889 cum
1287 2837 1403 2888 caeter
1416 2836 1450 2849 ‘

205 2934 380 3010 Patribus,
402 2933 462 3012 qui
490 2941 573 2994 tunc
603 2941 764 2994 recentes
789 2949 834 2993 ex
863 2930 1035 3010 Hispania
1050 2941 1222 2994 uenerant
1238 2930 1262 2995 ³:
1288 2946 1450 3012 quoruc

204 3052 371 3120 aspectus
386 3040 487 3102 nobis
499 3037 773 3101 iucundissimus
790 3047 896 3116 atque
910 3038 1147 3117 gratissimus,
1170 3056 1251 3101 cum
1267 3039 1450 3102 animum:

206 3157 280 3209 tum
300 3147 407 3209 etiam
429 3162 574 3224 corpuS,
597 3145 700 3207 nauis
725 3144 917 3206 iactatione
946 3144 1179 3223 fluctibusque
1209 3152 1450 3208 commotunr

206 3253 332 3315 mirum
348 3253 384 3314 in
400 3252 542 3314 modum
558 3250 683 3313 refecit
699 3268 741 3313 ac
757 3251 971 3313 restaurauit
984 3248 1005 3313 ⁴.

265 3358 423 3437 Exposui
439 3359 509 3420 iam
525 3358 661 3420 itineris
677 3362 792 3418 nostri
801 3357 970 3433 foelicem
993 3365 1278 3438 prosperumque
1300 3368 1450 3423 succe:

206 3482 295 3543 sum,
309 3481 412 3544 quern
425 3465 498 3526 Deo
517 3465 594 3543 Opt.
610 3464 713 3524 Mam
727 3470 907 3542 acceptant
920 3464 1058 3541 referre
1070 3464 1247 3542 debemus,
1259 3465 1321 3527 cni
1330 3464 1450 3527 nun*

205 3570 366 3651 beneficii
396 3571 522 3648 gratia
557 3576 753 3649 nostraque
780 3570 966 3648 soclr'citas
1001 3570 1080 3632 inre
1112 3572 1245 3650 optinm
1278 3572 1415 3634 debete.

207 3679 312 3741 Num
326 3676 337 3707 ⁶
351 3678 504 3740 breuiter
516 3677 755 3757 perstringam
767 3694 857 3755 quae
865 3678 988 3739 eodem
998 3686 1144 3740 auctore
1156 3678 1216 3741 hic
1232 3678 1331 3741 sacta
1342 3688 1450 3741 sunl

206 3786 322 3865 Atque
334 3796 371 3847 ut
386 3785 430 3847 ab
446 3785 508 3863 cis,
525 3802 615 3864 quae
632 3782 677 3845 ad
702 3784 921 3862 spiritualem
947 3782 1145 3861 profectum
1168 3786 1450 3866 animarumqfl

204 3894 356 3955 salutem
372 3891 558 3972 pertinent,
576 3890 713 3953 initium
734 3907 882 3967 sumam,
907 3890 997 3952 sciat
1017 3890 1057 3952 R.
1078 3889 1114 3953 P.
1136 3890 1214 3954 Tua
1235 3909 1400 3956 omnesn

211 4078 417 4086 -———-

252 4206 258 4236 ¹
289 4206 317 4247 in
330 4201 538 4245 arrimolrabens,
549 4202 692 4245 Ponascus.

250 4276 260 4307 ⁹
288 4275 330 4319 Sic
342 4283 395 4319 tum
406 4274 432 4316 ln
443 4274 614 4326 autographo,
624 4282 678 4316 tum
696 4274 774 4316 etiam
786 4274 810 4316 ln
826 4274 987 4327 apographo,
1003 4281 1043 4317 eat
1060 4281 1147 4317 tamen
1162 4273 1265 4329 Lericr‘,
1280 4277 1400 4333 oppidum

209 4355 301 4402 porrus
312 4348 336 4390 ln
347 4347 411 4396 sinu,
423 4345 466 4398 qui
476 4345 571 4387 dicitur
583 4344 616 4387 de
627 4344 733 4399 Speaia,
745 4355 794 4387 non
805 4347 893 4398 procul
904 4347 937 4388 ab
948 4346 1010 4388 urbe
1022 4344 1154 4389 Sarrana.

249 4421 258 4447 l
286 4418 351 4461 Vide
363 4417 475 4459 Ponancr
487 4415 641 4467 chronicon,
660 4422 679 4458 t.
691 4427 727 4468 ιν,
739 4427 799 4470 pag.
810 4417 844 4467 tl.
856 4428 880 4459 n.
891 4417 925 4460 61.

249 4493 260 4523 ⁴
287 4490 464 4532 instaurauit.
476 4487 617 4530 Potascus.

249 4563 260 4594 ⁵
288 4566 352 4605 iatri.
363 4561 398 4604 ld.
