3210 5392
660 111 723 167 ΑΝ.
747 111 817 167 lifts)
1307 109 1365 168 502

198 255 461 336 Superscriptio
484 255 521 317 in
542 261 674 335 quarta
689 255 847 334 pagina:
870 253 916 317 At
939 256 1047 317 molto
1069 253 1147 318 R.d⁰
1170 255 1205 318 in
1219 254 1364 318 Christo

90 371 149 436 P,
185 362 266 426 Mis.
288 363 425 443 Ignatio
447 363 482 426 di
502 355 843 442 LoiolaJPreposito
862 361 1014 424 General
1033 362 1122 424 della
1141 361 1363 442 Compagnia

96 476 150 540 di
180 469 293 533 Giesu
309 472 345 533 in
360 470 485 533 Roma.

198 577 277 640 Alia
292 595 415 640 manu:
433 579 519 640 1555.
537 577 674 641 Genua.
692 577 976 657 Quadrimestres
994 574 1132 657 6Junii.

202 684 317 747 Manet
332 684 530 763 vestigium
545 701 646 747 carae
660 685 792 746 rubrae
807 682 937 760 sigilli.

174 1655 361 1723 Arnoldus
376 1665 510 1723 Hezeus

224 1759 320 1821 Patri
333 1761 463 1836 ignatio
476 1763 518 1822 de
533 1762 674 1836 Loyola.

260 1859 423 1932 Lovanio,
437 1861 455 1918 6
468 1860 557 1933 Junii
572 1861 642 1919 limo
654 1861 672 1917 ¹.

716 2094 791 2214 uis

167 2379 321 2454 Gratia
337 2401 370 2453 et
387 2408 459 2471 pax
474 2389 606 2453 Christi
620 2406 760 2470 semper
775 2390 968 2453 nobiscum.
984 2391 1110 2454 Amen.

171 2483 235 2559 111
260 2498 328 2560 hoc
350 2497 600 2577 quadrimestri
621 2514 692 2560 non
715 2507 769 2560 est
784 2497 890 2575 aliud,
908 2497 951 2560 de
973 2513 1041 2575 quo
1056 2496 1094 2561 P.
1112 2497 1158 2561 V.
1175 2498 1363 2563 certiorem

90 2580 253 2666 iacere
278 2602 480 2680 debeamus,
503 2621 609 2685 quam
634 2604 771 2678 domus,
800 2604 1008 2682 studiorum,
1036 2604 1298 2669 confessionum
1321 2624 1365 2669 ac

95 2701 345 2774 c011ciouum
361 2713 558 2774 communis
572 2721 698 2784 status,
715 2711 865 2790 singulis
880 2727 969 2790 pene
994 2710 1309 2790 quadrimestribus
1325 2714 1362 2775 li·

102 2805 218 2874 teris
236 2818 445 2898 explicatus.

184 2915 228 2984 A
242 2923 522 2987 confessionibus
537 2922 722 2986 audiendis
736 2941 781 2985 ne
796 2923 840 2986 ad
857 2923 950 2987 diem
965 2923 1107 3004 quidem
1132 2924 1275 2988 unicum
1291 2943 1365 2988 ces·

120 3025 252 3093 §atum
266 3041 330 3107 est,
348 3031 383 3093 in
398 3031 523 3110 quibus
538 3030 617 3107 duo,
631 3031 667 3092 in
683 3029 833 3093 diuersis
845 3031 1026 3094 constituti
1039 3030 1209 3110 ecclesiis
1223 3049 1365 3113 semper

134 3134 365 3216 occupantur,
382 3154 471 3218 quas
485 3137 703 3200 confessario
718 3136 960 3201 destituendus
975 3154 1045 3199 non
1061 3147 1227 3217 putamus
1243 3140 1287 3201 ob
1303 3157 1364 3202 va·

143 3229 215 3301 fios
227 3245 407 3324 utriusque
422 3261 530 3307 sexus
548 3245 720 3321 homiues,
742 3252 815 3306 tam
838 3243 1025 3322 religiosos
1048 3261 1154 3324 quam
1169 3246 1360 3324 seculares,

154 3343 205 3424 qui
225 3368 242 3412 e
260 3351 410 3414 diuersis
429 3351 516 3414 locis
537 3360 572 3413 et
595 3350 808 3427 ciuitatibus
829 3349 958 3428 viginti
978 3367 1150 3431 persaepe
1165 3368 1278 3432 eoque
1293 3370 1365 3416 am·

155 3452 231 3536 plius
243 3457 323 3520 hinc
337 3457 557 3534 milliaribus
575 3456 762 3519 confitendi
778 3456 964 3519 dumtaxat
974 3457 1268 3537 consultandique
1282 3476 1364 3538 gra·

156 3561 205 3640 tia,
219 3563 281 3628 huc
296 3563 488 3640 confluunt,
505 3563 622 3626 onusti
637 3562 732 3626 haud
746 3580 829 3625 raro
844 3563 1019 3643 scrupulis
1031 3574 1065 3626 et
1082 3565 1360 3644 quaestionibus

148 3667 262 3755 quibus
275 3672 312 3734 in
327 3670 490 3735 omnibus
504 3669 679 3734 Dominus
694 3687 756 3750 per
771 3687 837 3733 nos
851 3669 1059 3733 satisfacere
1070 3669 1249 3750 dignatur,
1267 3673 1361 3752 quod

144 3786 259 3849 nostra
272 3795 497 3859 nequaquam
512 3777 663 3856 contigit
687 3776 873 3853 industria,
891 3775 953 3839 sed
968 3777 1046 3858 ipsa
1060 3775 1072 3808 ³
1087 3778 1259 3842 immensa
1275 3796 1362 3859 erga

138 3957 335 3976 ae--——-

176 4059 184 4093 ¹
213 4056 407 4111 antegraphae,
419 4062 490 4100 totae
501 4068 577 4101 manu
594 4057 673 4111 ipsius
684 4057 801 4108 arnoldi.
818 4058 892 4102 unico
905 4057 973 4110 folio,
989 4055 1128 4100 natu-121
1139 4055 1171 4100 iit
1185 4057 1312 4111 quaedam
1322 4057 1365 4102 de·

128 4130 200 4187 mit
210 4128 345 4182 Poiuncus,
357 4139 422 4182 quae
433 4140 479 4172 noa
488 4129 584 4173 italicis
594 4129 690 4172 titteris
705 4129 892 4184 distinguimum
909 4129 971 4181 alin,
989 4129 1132 4172 deletorum
1150 4129 1205 4172 loco
1220 4129 1365 4184 substituit,

124 4214 199 4268 quae
210 4200 251 4244 hic
261 4200 294 4243 ad
308 4199 420 4253 paginae
435 4201 533 4244 calcem
547 4199 886 4244 scribemus-Litterarum
896 4200 934 4243 sic
944 4200 1141 4245 emendaturum
1151 4204 1239 4244 exstat
1253 4211 1365 4254 apogra-

124 4281 221 4343 phum.
232 4273 294 4315 fotio
305 4272 366 4315 item
378 4272 459 4318 unico.
472 4283 494 4315 n.
505 4272 553 4315 318.

172 4349 183 4381 ⁸
214 4346 314 4400 ipsius.
327 4343 463 4387 Poiancus.
