3210 5392
179 418 241 479 318
534 451 541 465 .
569 418 741 479 Limane
758 430 1029 487 onnonmasress

179 564 251 629 che
263 581 334 628 non
348 567 378 627 si
393 565 572 645 spendeua
587 565 622 628 in
637 566 865 628 essortationi
880 563 1157 628 osodissattione
1167 561 1262 626 della
1271 568 1419 638 natura,

181 688 255 735 con
280 672 520 735 consolatione
545 672 580 736 di
605 674 685 736 tutti
709 673 740 735 si
763 670 992 752 spendeua,o
1015 672 1051 734 in
1075 669 1203 735 deuote
1221 668 1419 747 lettioni‚o

187 779 299 842 himni
313 790 348 842 et
362 779 444 862 lodi,
461 779 576 843 donde
591 781 698 843 molto
714 781 818 843 buon'
836 780 946 843 odore
961 795 1023 859 per
1038 779 1072 841 la
1086 779 1204 857 gratia
1215 775 1250 840 d’
1264 775 1368 840 Iddio
1389 775 1420 838 si

183 886 330 948 'iassaua
350 887 384 949 in
399 888 483 964 ogni
508 886 647 950 luocho.
661 884 843 950 Passando
862 903 927 967 per
946 883 1127 949 Macerata
1146 882 1296 962 (benche
1317 880 1423 963 quasi

182 991 309 1069 notte),
326 992 529 1056 andassirno
540 1011 607 1072 pur
619 1010 682 1074 per
694 994 818 1057 ordine
832 994 868 1057 di
883 992 1090 1072 Monsignor
1105 992 1129 1055 il
1143 989 1395 1055 Gubernatore
1410 986 1420 1018 ¹

181 1099 224 1163 di
238 1108 363 1181 questo
379 1110 481 1162 santo
496 1100 625 1163 luocho
641 1100 815 1163 abasiare
829 1101 909 1164 tutti
925 1100 958 1184 la
973 1116 1079 1162 mano
1094 1099 1128 1161 al
1142 1096 1244 1161 Rmo.
1263 1094 1421 1177 Monsig·

190 1222 276 1269 nore
291 1205 427 1286 Legato
440 1204 462 1284 ¹,
479 1204 504 1268 il
519 1206 584 1267 che
599 1223 644 1269 ne
659 1208 735 1270 fece
749 1207 875 1285 grand'
895 1207 1135 1284 accoglienza,
1151 1201 1422 1284 rallegrandose

191 1313 300 1376 molto
314 1311 371 1374 del
384 1309 555 1375 beneficio
570 1313 634 1375 che
649 1312 750 1375 facea
765 1310 810 1375 V.
828 1309 867 1373 P.
894 1313 963 1374 alla
978 1310 1138 1389 Marcha,
1162 1309 1369 1374 mandando
1387 1308 1422 1391 in

185 1418 343 1481 seruizio
359 1417 394 1481 di
410 1428 532 1498 questa
548 1419 752 1482 sontissima
766 1435 852 1482 casa
874 1419 908 1481 la
929 1415 1162 1499 compagnia,
1189 1417 1261 1480 alla
1282 1417 1423 1498 qnulee

186 1523 524 1603 affettionatissimo,
543 1527 633 1588 com’
650 1525 687 1588 in
711 1524 828 1589 effetto
850 1524 1022 1589 dimostro
1043 1524 1257 1588 offerendoci
1272 1524 1361 1604 ogni
1375 1523 1423 1587 fa·

190 1647 277 1695 uore
290 1641 325 1694 et
340 1633 462 1709 agiuto
477 1631 568 1694 doue
584 1631 639 1694 ch'
657 1632 874 1707 occorresse',
891 1635 982 1696 com’
999 1632 1112 1695 anche
1127 1632 1203 1695 fece
1216 1629 1423 1711 Monsigno·

191 1755 230 1800 re
250 1737 275 1799 il
290 1736 379 1800 Vice
394 1737 542 1817 Legata
559 1739 583 1801 il
609 1738 664 1801 ch'
693 1738 806 1802 anche
830 1739 1059 1802 visitassimo.
1085 1737 1284 1802 Haueuano
1298 1737 1424 1801 sattoci

185 1843 445 1925 apparechiare
460 1846 594 1908 stanzie
608 1861 672 1925 per
687 1847 883 1925 alloggiare
898 1846 944 1909 ad
958 1863 1007 1908 vn
1032 1846 1249 1908 monasterio
1272 1842 1308 1907 di
1323 1860 1425 1907 zoco·

190 1951 290 2030 lenti,
307 1968 365 2013 ma
386 1967 449 2030 pei·
475 1960 598 2030 puoter
621 1952 736 2031 partir
761 1969 781 2014 a
801 1953 861 2032 pin
882 1951 987 2016 buon'
1014 1953 1104 2015 hora
1128 1953 1162 2014 la
1188 1952 1355 2028 mattina,
1381 1966 1426 2013 ne

191 2058 268 2120 fece
282 2073 369 2119 vsar
382 2056 612 2137 Monsignore
637 2056 883 2122 Gubernatore
907 2058 964 2122 del
988 2058 1149 2122 medemo
1172 2057 1308 2138 luogho
1333 2056 1426 2120 doue

187 2173 298 2226 staua
312 2181 377 2226 sua
393 2161 571 2243 Signoria.
1143 2152 1147 2159 ’

254 2268 376 2334 Gionti
401 2286 470 2349 qua
494 2271 604 2334 fuimo
619 2273 769 2335 riceuuti
794 2270 839 2334 da
860 2271 1068 2351 Monsignor
1087 2271 1123 2349 (il
1144 2271 1199 2334 ch'
1223 2287 1286 2333 era
1301 2272 1426 2349 gionto

192 2375 280 2439 203
300 2376 377 2439 hor’
390 2378 522 2455 auanti)
542 2379 602 2441 eti
622 2380 727 2457 pretti
747 2379 805 2441 all’
826 2387 969 2442 entrare
987 2379 1078 2441 nella
1101 2379 1222 2442 chiesa
1240 2394 1312 2440 con
1327 2377 1427 2440 molti

188 2485 295 2562 segni
310 2482 343 2546 d'
360 2484 568 2563 allegrezza.
584 2483 688 2548 Fatta
703 2486 726 2547 l'
742 2488 903 2549 oratione
923 2496 959 2548 et
981 2486 1029 2565 gl'
1046 2483 1366 2563 abbrachiamenti,
1383 2500 1428 2547 ne

190 2590 411 2654 condussero
427 2592 460 2653 al
475 2608 539 2654 suo
555 2592 686 2666 tinello
702 2590 793 2655 doue
803 2594 1083 2671 spiritualmente
1095 2601 1130 2655 et
1141 2593 1430 2673 corporalmente

195 2698 304 2761 molto
319 2698 407 2760 bene
419 2715 463 2760 ne
474 2707 662 2762 trattorno.
679 2699 742 2762 Poi
754 2701 785 2762 ci
801 2699 975 2763 condosse
986 2697 1217 2778 Monsignore
1229 2699 1321 2762 nelle
1332 2706 1428 2762 stan·

194 2807 247 2868 zie
263 2822 326 2884 per
344 2807 427 2867 nuoi
457 2804 729 2885 apparecchiate
754 2805 880 2884 grand’
911 2817 945 2869 et
970 2804 1169 2885 magnifice,
1191 2814 1225 2868 et
1246 2806 1309 2885 pii1
1333 2821 1427 2869 com·

195 2910 297 2974 mode
312 2928 375 2992 per
397 2914 548 2992 principi
573 2921 606 2975 et
632 2914 757 2992 prelati
784 2912 849 2976 che
870 2930 933 2992 per
952 2915 1047 2976 nuoi.
1070 2911 1169 2975 Onde
1188 2912 1324 2992 passati
1346 2911 1431 2976 duoi

195 3021 294 3097 mesi,
312 3018 599 3082 domandassimo
616 3029 750 3100 queste,
774 3018 854 3082 dou’
875 3019 962 3082 hora
989 3021 1115 3083 stiamo
1131 3019 1242 3082 molto
1258 3020 1319 3099 piir
1335 3036 1431 3083 com·

195 3126 418 3188 modamente
434 3144 495 3206 per
521 3128 605 3205 ogni
629 3128 777 3206 rispetto
803 3127 868 3189 che
892 3126 973 3189 nell'
993 3128 1092 3205 altre,
1114 3127 1244 3206 perche
1270 3127 1430 3190 teniamo

197 3235 280 3310 ogn’
298 3249 367 3295 uno
383 3250 444 3294 sua
463 3251 605 3295 camera
620 3232 755 3311 grande
772 3249 834 3313 per
856 3233 938 3296 duoi
962 3234 1049 3312 letti,
1073 3233 1139 3296 ben
1164 3232 1230 3296 che
1245 3234 1362 3296 siamo
1381 3232 1429 3314 18,

196 3348 231 3399 et
246 3355 310 3417 pur
326 3355 512 3400 avanzano
536 3356 599 3418 per
624 3337 826 3416 reffettorio,
848 3340 1004 3418 cuggina
1026 3349 1106 3417 etc,
1129 3341 1218 3402 altre
1235 3338 1284 3403 14.
1301 3338 1433 3421 Aspet·

198 3444 305 3506 tiamo
320 3445 533 3507 nondimeno
550 3446 640 3507 altro
656 3444 814 3524 Collegio
836 3445 872 3508 in
896 3446 1024 3509 luocho
1040 3446 1100 3524 piu
1115 3463 1203 3508 sano
1219 3454 1253 3509 et
1271 3462 1434 3510 commo-

198 3551 255 3626 do,
272 3552 305 3612 al
321 3553 424 3631 quale
439 3551 620 3629 pensiamo
635 3549 723 3614 dara
737 3551 912 3631 principio
928 3553 962 3614 la
979 3561 1107 3615 venuta
1120 3551 1155 3615 di
1167 3551 1212 3615 V.
1229 3551 1267 3615 P.
1283 3552 1328 3616 da
1345 3557 1432 3619 nuoi

198 3668 233 3720 et
248 3657 445 3720 moltissimi
461 3659 542 3720 altri
556 3657 869 3722 desideratissima.

257 3763 296 3826 In
311 3775 449 3844 questo,
467 3781 534 3826 con
549 3783 612 3827 sua
632 3765 768 3844 grande
789 3767 1031 3829 consolatione
1047 3776 1081 3830 et
1103 3767 1248 3847 aggiuto
1263 3767 1433 3847 spiritua·

198 3873 242 3948 le,
259 3869 379 3934 Nostri
395 3871 521 3934 fratelli
542 3871 568 3934 s’
591 3872 808 3935 essercitano
831 3874 924 3935 nella
940 3882 1043 3936 santa
1058 3874 1250 3936 obedienza
1266 3877 1301 3937 et'
1315 3890 1436 3939 esser·

198 3978 273 4040 citii
288 3977 420 4057 humili,
438 3979 524 4054 cioe,
543 3980 677 4041 seruire
693 3980 728 4041 in
744 3981 900 4060 cuggina
915 3990 948 4043 et
973 3982 1009 4045 in
1034 3999 1167 4056 mensa,
1185 3983 1288 4044 lauar
1303 3982 1335 4045 le
1351 4000 1435 4046 scu·

199 4084 300 4159 delle,
317 4093 351 4147 et
366 4085 507 4164 quando
529 4087 561 4147 lo
588 4087 843 4164 permettiamo,
865 4087 901 4150 in
921 4088 1104 4167 discipline
1125 4087 1290 4167 publiche
1311 4096 1346 4151 et
1363 4089 1436 4170 pri·

199 4200 292 4266 uate,
310 4192 450 4272 quando
466 4193 533 4254 alle
549 4193 643 4254 volte
656 4191 976 4257 condescendiamo
992 4194 1051 4258 alli
1067 4195 1143 4257 loro
1159 4193 1338 4259 desiderii.

260 4295 294 4359 S’
312 4298 529 4360 essercitano
544 4298 658 4360 anche
673 4299 780 4362 molto
796 4299 831 4362 in
846 4300 1100 4381 compositione
1115 4311 1149 4363 et
1172 4301 1324 4380 lettioni,
1340 4305 1439 4367 nelle

246 4550 254 4582 ¹
284 4549 409 4602 Gaspnris
420 4550 450 4592 de
460 4549 560 4593 Doctie.

242 4621 253 4652 ²
284 4619 408 4672 jacobum
421 4619 526 4675 Sabelli,
538 4621 711 4666 cardinalem.
