3210 5392
698 437 768 496 Au..
781 438 854 498 root
874 479 897 488 ‚.
934 480 937 487 -
986 430 1006 487 -ἶ
1337 431 1394 498 ³103

178 586 216 642 no
233 596 272 643 ac
290 578 368 643 Deo
389 596 455 643 suo
476 580 719 661 militaturum,
737 600 877 663 queme
895 583 1006 648 tantis
1026 584 1199 647 hactenus
1222 584 1391 664 periculis

177 687 385 750 liberatorem
399 687 542 750 sensit..
785 690 788 695 '

226 791 367 873 Quidam
381 793 474 856 alius
487 811 641 872 seruam,
659 795 704 857 ob
719 795 842 858 nescio
857 795 942 877 quid
956 797 1001 859 ab
1013 813 1055 860 ea
1070 795 1312 874 commissum,
1337 796 1390 859 in-

181 899 311 963 nummis
320 898 419 980 prius
431 914 495 978 per
510 907 624 963 totum
639 916 769 980 corpus
786 901 955 977 afflictam
974 901 1091 982 plagis
1112 918 1314 982 magnoque
1331 919 1389 965 ca·

182 1015 319 1070 uenarum
343 1005 501 1086 pondere
522 1007 765 1085 constrictam,
789 1007 825 1071 in
850 1008 1082 1072 subterranea
1099 1008 1255 1089 quadam
1281 1008 1388 1073 domo

183 1129 265 1192 super
277 1113 406 1177 nudam
416 1111 563 1177 humum
577 1113 693 1193 ipsam
709 1113 815 1177 etiam
836 1114 969 1179 nudam
983 1123 1018 1179 et
1040 1115 1173 1196 absque
1192 1116 1265 1178 vilo
1286 1115 1387 1179 indu·

181 1227 351 1284 ‘mentorum
365 1235 500 1299 genere
520 1218 651 1298 conjici
668 1217 792 1299 jussit,
813 1221 874 1284 vbi
895 1230 996 1285 tanta
1010 1237 1097 1300 erga
1117 1222 1214 1284 illam
1235 1222 1386 1286 saeuitia

184 1326 334 1403 utebatur,
359 1336 398 1391 ut
419 1324 494 1407 jam
514 1328 621 1391 morti
647 1328 812 1406 proxima
837 1336 942 1392 esset.
970 1327 1073 1409 Quod
1099 1346 1181 1392 cum
1203 1329 1382 1410 quidame

187 1433 287 1497 uostris
296 1432 460 1498 Patribus
479 1433 703 1514 resciuisset,
726 1444 833 1515 atque
847 1451 890 1498 eo
910 1452 948 1498 se
967 1435 1191 1515 contulisset,
1213 1436 1309 1500 omni
1326 1436 1384 1500 ilie

185 1537 292 1613 (diuino
304 1539 491 1618 beneficio)
503 1541 759 1605 inhumanitate
775 1541 947 1622 deposita,
964 1559 1008 1605 ac
1026 1543 1063 1605 in
1077 1543 1383 1608 mansuetudinem

186 1657 385 1728 conmutata,
405 1648 537 1712 lectum
556 1664 682 1712 seruae
700 1665 823 1712 coram
837 1649 914 1729 ipso
939 1647 1045 1712 Patre
1064 1649 1208 1725 strauit,
1231 1651 1386 1714 catenis-⁴

186 1766 239 1829 que
258 1754 351 1834 solui,
368 1771 412 1818 ac
437 1754 628 1834 medicum,
656 1755 717 1835 qui
732 1754 765 1818 ei
789 1755 1011 1819 curationem
1032 1755 1232 1835 adhiberet,
1257 1757 1386 1820 uocari·

186 1860 270 1941 jussit.
284 1867 435 1933 Tantam
449 1869 543 1932 enim
554 1867 629 1948 iam
642 1868 736 1933 illius
751 1886 881 1950 corpus
896 1868 1118 1950 putredinem
1137 1878 1381 1949 contraxerat,

189 1980 217 2031 vt
230 1973 287 2052 vix,
301 1975 407 2038 etiam
426 1975 579 2038 occlusis
594 1975 751 2055 naribus,
772 1993 818 2039 ex
832 1977 910 2056 ipsa
925 1974 1111 2057 putredine
1125 1993 1297 2040 emanans
1312 1976 1383 2041 soe·

186 2084 229 2138 tor
238 2080 369 2146 tolerari
383 2090 516 2162 posset.

230 2182 295 2252 Duo
304 2189 388 2253 item
399 2189 639 2270 alii,peccatis
649 2200 749 2253 tanta
757 2191 983 2254 inhaerentes
991 2189 1196 2271 pertinatia,
1209 2200 1247 2254 ut
1260 2207 1384 2254 eorum

184 2288 341 2374 aitervua,
358 2297 448 2359 aiter
471 2312 557 2359 uero
573 2295 710 2359 duabus
735 2297 1089 2361 excommunionibus
1105 2314 1127 2360 a
1147 2305 1293 2361 sanctae
1311 2313 1384 2360 ma·

183 2395 233 2458 iris
248 2399 419 2465 Ecclesiae
432 2403 571 2481 gremio
585 2412 773 2482 separatus
787 2412 895 2482 esset,
917 2400 1076 2483 ejusdem
1089 2402 1207 2467 Patris
1224 2404 1382 2484 alloquu-

185 2500 257 2569 tione
268 2507 398 2582 (diuina
412 2507 657 2573 misericordia
668 2510 829 2590 permoti,
843 2511 938 2574 omni
949 2511 1008 2573 illa
1019 2509 1209 2590 pertinatia
1221 2506 1379 2589 rejecta),

185 2622 301 2684 peccata
313 2615 401 2679 fassi
421 2624 514 2679 sunt.

229 2715 323 2785 Multa
334 2732 417 2786 sunt
428 2722 509 2802 alia,
519 2720 559 2786 R.
574 2722 610 2785 in
621 2721 762 2786 Christo
774 2720 827 2801 Ρ.,
840 2732 1038 2787 memoratu
1049 2732 1145 2786 certe
1159 2722 1280 2804 digna,
1292 2740 1384 2804 quae

186 2817 234 2886 hac
253 2830 350 2904 (siin
369 2829 549 2911 publicum
573 2828 678 2893 edere
702 2828 841 2907 liceret)
867 2829 1071 2894 scriberem.
1098 2829 1311 2894 Benedictus
1338 2831 1384 2894 sit

185 2924 326 2999 bonorum
340 2936 498 3001 omniurn
511 2934 661 3015 largitor
675 2934 861 3000 Dominus.

227 3037 372 3119 Quatuor
386 3043 443 3106 his
456 3060 568 3125 prope
582 3045 713 3127 elapsis
736 3044 926 3123 mensibus,
949 3053 1084 3125 septem
1110 3044 1147 3107 in
1161 3043 1320 3124 Collegio
1337 3044 1384 3108 ad

181 3137 363 3213 Societatem
377 3151 526 3215 admissi
540 3159 637 3230 sunt,
651 3151 807 3232 equibus
819 3151 890 3214 iam
901 3162 1054 3231 quatuor
1066 3151 1102 3213 in
1112 3150 1290 3214 secundae
1302 3168 1384 3233 pro·

183 3245 303 3319 bationis
327 3256 451 3336 domo,
469 3267 543 3322 tres
561 3258 621 3322 alii
640 3258 676 3321 in
691 3258 827 3339 primae
849 3265 1004 3320 manent.
1025 3256 1081 3320 Ex
1106 3257 1149 3320 iis
1163 3258 1324 3322 nonnulli
1346 3259 1383 3322 in

178 3350 337 3427 Societatis
347 3363 527 3444 Collegiis,
538 3363 678 3428 Eborac
689 3382 732 3428 ac
745 3364 951 3444 Vlisiponae
963 3363 1052 3443 sitiS,
1067 3364 1179 3427 literis
1191 3364 1382 3429 vacabant.

183 3456 273 3546 Neque
285 3479 420 3551 tamen,
436 3471 505 3534 nisi
519 3472 633 3552 priuS,
650 3480 685 3535 et
704 3472 852 3552 epistola
872 3472 979 3533 allata
1000 3480 1034 3534 et
1057 3488 1079 3533 a
1099 3470 1306 3551 parentibus
1322 3472 1384 3535 im·

181 3579 289 3644 petrata
301 3578 422 3658 copia,
438 3577 585 3642 admissi
605 3587 697 3641 sunt.
726 3577 826 3656 Quae
851 3578 990 3641 illitam
1014 3577 1202 3655 diligenter
1218 3575 1381 3658 expedie-

178 3688 254 3760 runt,
268 3694 304 3748 ut
318 3684 476 3748 ardentis
488 3684 630 3748 Christo
642 3683 820 3748 seruiendi
834 3683 1000 3747 desiderii
1013 3684 1101 3747 satis
1116 3683 1262 3747 euidens
1278 3701 1380 3764 prae·

180 3779 289 3853 buerint
307 3791 560 3855 testimonium.

222 3891 266 3959 Ex
287 3897 342 3962 his
367 3898 512 3979 quidam
534 3915 614 3962 cum
638 3898 728 3978 Regi
752 3898 958 3977 inseruiret,
984 3896 1181 3962 faciliorem
1207 3915 1287 3962 eam
1301 3915 1383 3962 esse

180 3993 250 4065 Viam
262 4006 418 4084 eredens,
436 4017 473 4069 ut
487 4006 524 4069 in
538 4004 752 4070 Societatem
773 4006 1006 4086 reciperetur,
1024 4005 1055 4069 si
1076 4005 1113 4069 in
1131 4015 1254 4068 nostro
1271 4004 1382 4068 Colle·

176 4100 224 4176 iio
234 4090 428 4194 Olisiponae'
439 4113 550 4176 literis
572 4129 718 4193 operam
741 4121 907 4191 nauaret,
936 4129 1108 4175 concessa
1131 4130 1152 4175 a
1174 4112 1382 4193 parentibus

180 4214 333 4300 itribuque
347 4217 502 4283 faciendi
515 4227 707 4301 potestate,
732 4219 914 4282 literarum
934 4217 1051 4281 studia
1077 4218 1114 4280 in
1126 4216 1251 4281 eodem
1268 4217 1384 4282 Colle·

179 4312 292 4388 tionon
305 4326 416 4391 multo
427 4334 586 4407 tempore
600 4334 757 4390 sectatus
772 4335 841 4404 est;
858 4325 983 4406 paucis
998 4325 1091 4388 enim
1111 4334 1236 4405 postea
1257 4325 1381 4389 diebus

175 4420 352 4496 existimans
366 4434 482 4497 nullos
497 4451 542 4497 ex
557 4433 616 4513 iis,
632 4433 692 4514 qui
704 4432 741 4496 in
752 4430 941 4496 Societatis
953 4431 1122 4512 Collegiis
1134 4442 1380 4511 versarentur,

179 4519 247 4596 intra
259 4538 414 4604 eamdem
428 4537 644 4605 Societatem
658 4538 813 4619 admitti,
829 4556 875 4603 ne
889 4549 962 4603 tam
978 4539 1183 4603 ardentibus
1195 4537 1382 4603 desideriis

176 4642 370 4729 aeoncupita
384 4663 424 4711 re
437 4647 650 4729 priuaretur,
667 4645 737 4710 buc
752 4663 790 4710 se
806 4645 1069 4710 Conimbricam
1085 4646 1130 4709 ad
1143 4662 1293 4726 operam
1304 4647 1382 4711 iite-
