3210 5392
176 435 234 494 630
568 434 739 494 Luranius
752 452 1022 504 ocaoamssraas

180 585 350 664 religione
372 584 580 665 praestanti3
604 584 730 663 quibus
747 582 813 645 rite
833 583 988 662 peractis
1009 584 1183 662 omnibus,
1202 584 1321 663 quisque
1336 577 1360 639 in

180 707 244 752 sua
260 702 403 754 remeat.

240 795 383 860 Manent
399 801 571 862 conuiuae
586 808 705 861 tamen
720 798 891 875 Religiosi
905 799 1106 876 complures
1123 814 1203 861 curn
1217 798 1326 877 aliquot
1333 808 1368 854 ex

184 905 395 982 primoribus
414 906 596 985 Vtriusque
616 914 771 982 senatus;
792 914 984 984 parauerat
1005 905 1099 968 enim
1120 903 1166 966 D.
1186 904 1229 967 D.
1248 904 1370 987 Joannu-

182 1010 415 1074 lautissimum
431 1011 644 1087 conuiuium,
661 1011 697 1073 in
712 1028 781 1091 quo
797 1009 921 1074 Patres
936 1011 1194 1074 ministrarunt.

242 1115 392 1196 Excepit
408 1117 500 1180 istud
516 1118 712 1181 literarium
726 1118 820 1180 aliud
840 1117 1055 1191 conviuium3
1074 1111 1291 1181 commodum
1302 1115 1366 1180 enin

183 1224 321 1286 fuerant
336 1224 495 1287 sublatae
515 1242 669 1301 mensae,
692 1242 800 1304 quum
819 1225 994 1303 ingenuus
1013 1226 1171 1304 assurgit
1189 1226 1366 1296 adolescens,

183 1339 289 1410 atque
311 1348 330 1392 e
351 1342 521 1410 suggestu
540 1331 658 1410 coepit
683 1328 855 1393 Sanctiss.
881 1330 1029 1410 Joannis
1055 1331 1179 1394 laudes
1204 1331 1366 1400 decantare

183 1436 331 1499 aderant
345 1446 379 1500 et
394 1437 452 1500 alii
468 1446 629 1517 quatuor,
652 1455 804 1517 quorum
825 1437 958 1515 primus
977 1438 1268 1501 declamatorium
1284 1437 1367 1500 them

183 1545 377 1622 proposuit;
395 1561 439 1606 ex
454 1544 533 1607 aliis
550 1543 630 1621 duo,
648 1544 795 1624 quisque
809 1561 911 1606 suam
925 1553 1059 1607 tutatus
1075 1554 1128 1607 est
1143 1554 1284 1624 partem.
1297 1542 1367 1606 Dice

183 1667 240 1712 res
254 1667 330 1713 rem
345 1652 381 1713 in
396 1649 564 1714 Senatum
579 1668 656 1713 esse
672 1651 836 1727 delatam;
853 1667 936 1713 nam
950 1651 1072 1714 sedulo
1083 1651 1230 1731 quisque
1241 1651 1282 1714 ad
1290 1649 1366 1712 victo

183 1757 273 1819 riam
288 1757 522 1820 contendebat
537 1758 666 1821 validis
681 1757 888 1820 rationibus.
905 1756 1072 1837 QuartuS,
1090 1758 1148 1821 cui
1159 1757 1321 1821 iudicandi
1329 1770 1366 1816 ne·

182 1864 316 1943 gotium
332 1866 447 1927 suerat
461 1863 724 1941 demandatum,
741 1873 776 1926 et
790 1880 920 1941 graece
934 1874 968 1926 et
984 1864 1092 1927 latine
1104 1865 1304 1927 sententiam
1314 1877 1365 1942 pro·

182 1971 375 2033 nunciabit.
392 1969 479 2050 Quis
494 1971 653 2038 credatu
673 1971 822 2051 prandio
837 1973 932 2033 lauto
948 1981 983 2033 et
998 1972 1145 2050 opiparo
1161 1968 1364 2035 accomodatu-

183 2095 262 2140 rum
276 2079 428 2157 aliquem
443 2078 616 2157 patientes
631 2094 736 2141 aures
751 2077 1015 2141 declamatoris?
1030 2087 1065 2140 et
1080 2088 1200 2141 tamen
1218 2072 1364 2141 attentissi·

185 2202 239 2248 me
262 2185 459 2261 audierunt,
481 2185 547 2247 sibi
568 2185 662 2248 enim
687 2184 901 2247 audientiam
922 2183 1072 2247 dicendo
1091 2183 1267 2248 faciebant
1286 2181 1366 2244 adole·

185 2303 335 2354 scentes.
362 2295 366 2302 “
392 2339 396 2346 .
1376 2281 1380 2292 ’

242 2396 408 2477 Superest
424 2398 567 2461 ultimus
582 2408 685 2461 actus
700 2407 738 2461 vt
752 2415 842 2477 quae
858 2399 926 2461 hoc
942 2397 998 2462 die
1008 2409 1112 2478 gesta
1124 2409 1207 2462 sunt
1217 2407 1365 2472 utcumque

183 2514 381 2568 narrentur.
395 2505 511 2569 Finito
527 2505 689 2585 prandio,
706 2505 891 2569 discedunt
906 2524 951 2568 ex
966 2506 1130 2569 conuiuis
1145 2507 1254 2579 multi.
1266 2498 1364 2579 religio·

182 2615 212 2676 si
237 2612 464 2691 praesertim;
488 2622 630 2674 manent
655 2613 754 2674 multi
779 2613 926 2675 latinam
952 2612 1173 2676 comoediam
1203 2601 1363 2693 spectaturi.

181 2736 273 2799 quae
297 2718 437 2796 vesperi
460 2729 538 2781 erat
558 2735 620 2797 per
639 2718 818 2781 studiosos
838 2717 1080 2781 adolescentes
1101 2719 1250 2797 agenda.
1268 2716 1326 2796 Qua
1336 2708 1365 2770 de

181 2842 313 2888 recum
328 2826 397 2887 iam
412 2824 663 2887 disseminatus
678 2824 928 2905 dispersusque
940 2842 1061 2889 rumor
1073 2836 1180 2902 esset,
1194 2821 1324 2889 accurrit
1331 2815 1364 2877 in·

181 2950 328 2995 numera
354 2932 468 3008 turba;
496 2933 554 3010 qui
580 2933 687 2993 latine
713 2932 883 3008 sciebant,
910 2932 995 2995 nihil
1020 2949 1058 2994 se
1084 2932 1218 2996 vidisse
1238 2935 1364 3008 vnquam.

182 3038 274 3118 quod
290 3039 482 3117 placuisset
499 3039 623 3117 magis,
643 3040 909 3101 asseuerabant.
927 3038 1021 3102 Tulit
1042 3040 1137 3101 enim
1155 3057 1255 3103 omne
1268 3044 1364 3100 conor·

183 3146 240 3208 dia
256 3156 436 3225 punctum,
454 3145 510 3207 cui
526 3145 721 3207 Acolastus
734 3145 854 3208 titulus
867 3156 930 3222 est,
944 3147 1076 3225 aliquot
1088 3148 1241 3209 exsectis
1255 3134 1364 3208 scaenis,

181 3269 272 3332 quae
287 3262 449 3332 poterant
464 3233 703 3331 spectatorum
720 3270 825 3314 aures
840 3262 874 3314 et
892 3254 1012 3315 oculos
1035 3252 1224 3316 offendere.
1241 3243 1364 3326 Singulos

183 3369 282 3421 actus
296 3360 521 3438 explicabant
537 3359 710 3438 hispanici
724 3360 854 3435 rithmi,
872 3359 1009 3421 adiecta
1030 3360 1131 3422 breui
1147 3371 1252 3440 atque
1268 3374 1302 3419 ex
1313 3352 1363 3428 ipsa

184 3484 220 3528 re
236 3477 320 3528 nata
335 3466 592 3541 exhortatione,
609 3482 699 3544 quae
715 3466 759 3527 ad
775 3483 891 3527 mores
912 3475 1100 3545 spectaret.

242 3573 373 3636 Triduo
399 3583 479 3651 post
503 3572 704 3635 intermissa
730 3585 945 3635 reuocantur
965 3573 1093 3649 studia,
1116 3574 1151 3635 in
1174 3591 1261 3654 quae
1274 3569 1306 3647 (si
1323 3574 1363 3621 ll·

181 3698 288 3760 quam
304 3680 402 3757 alias)
418 3680 597 3742 auditores
609 3679 878 3757 diligentissime
888 3680 1136 3743 incubuerunt.
1152 3667 1364 3744 ProuehatD‘l·

182 3789 297 3850 minus
313 3787 482 3848 foeliciter
497 3798 633 3866 coepta,
652 3785 845 3865 cedereque
860 3785 969 3847 saciat
984 3788 1018 3848 in
1032 3804 1134 3849 suam
1143 3789 1246 3850 vnius
1256 3778 1366 3865 gloriam

181 3906 215 3957 et
231 3895 411 3957 honorem.
1325 3913 1331 3919 ·

242 4000 340 4080 Quae
363 4000 408 4063 ad
433 3999 672 4062 consessiones
697 3999 844 4061 attinent
870 4000 904 4061 in
930 4000 1006 4063 dies
1032 4005 1206 4066 accrescit
1229 3997 1369 4065 nunterlSi

182 4125 264 4170 nam
277 4108 337 4169 alii
353 4108 442 4169 alios
458 4106 618 4168 inuitant.
631 4104 719 4168 Sunt
733 4107 919 4183 generales
931 4105 1174 4171 consessiones
1186 4127 1252 4172 non
1264 4098 1364 4185 quidem

182 4233 328 4294 paucae.
347 4212 400 4276 De
417 4212 624 4275 iuramentis
642 4228 727 4274 cura
743 4213 800 4274 vel
815 4213 1006 4292 praecipua
1028 4224 1098 4293 est;
1119 4234 1204 4278 nam
1221 4197 1363 4296 publiceill

185 4322 241 4383 uia
257 4321 490 4383 admonentur
506 4319 565 4398 qui
583 4319 714 4381 iurant.
735 4317 780 4380 Et
800 4336 913 4397 aequo
935 4321 1053 4382 animo
1075 4339 1113 4384 se
1128 4321 1255 4400 corrigi
1268 4309 1363 4397 patim·

182 4439 251 4498 tur,
275 4427 363 4489 adeo
384 4437 423 4489 vt
443 4426 544 4489 flexis
563 4424 716 4503 genibus
734 4425 976 4503 precationem
1001 4427 1215 4492 dominicam
1232 4416 1364 4504 supplices

184 4535 419 4614 pronunciare
434 4550 503 4595 non
519 4532 688 4606 dubitent;
707 4540 812 4611 atque
828 4532 876 4594 ita
892 4533 1077 4596 discedunt
1093 4547 1131 4597 vt
1146 4537 1259 4600 dicant
1274 4530 1363 4595 seam·

183 4644 273 4721 plius
290 4659 403 4722 neque
419 4643 495 4702 leue
516 4638 758 4701 iusiurandum
781 4641 1002 4703 sermonibus
1023 4640 1247 4705 admixturos.
1266 4634 1365 4706 sitim*
