3240 5386
252 427 306 486 7t8
640 425 809 483 Ltrreaan
830 441 1099 493 Quauannssrnns

250 593 271 635 a
286 573 402 650 Patre,
420 582 458 634 vt
473 572 527 634 bis
543 581 665 651 terque
690 571 843 651 quotidie
864 573 908 633 ab
930 590 972 633 eo
993 572 1181 634 conciones
1204 570 1330 634 audire
1352 573 1498 634 deside·

249 689 339 758 rent;
353 679 446 759 quod
458 680 487 741 si
499 679 609 756 fieret,
620 679 766 742 vixdum
779 688 862 759 puto
875 695 995 741 eorum
1006 679 1143 740 animus
1153 681 1372 758 expleretur.
1387 678 1496 741 Duas

254 788 475 867 potissimum
491 790 681 850 conciones
697 787 742 849 ad
758 789 925 867 populum
941 786 1079 862 habuit,
1104 804 1148 848 ex
1170 786 1298 865 quibus
1325 787 1497 864 profecto

250 911 420 972 magnum
430 905 482 956 est
495 895 748 973 subsequutum
760 895 1044 956 emolumentum.
1055 892 1185 955 Habuit
1196 910 1321 955 earum
1334 895 1496 956 alteram

250 1001 286 1062 in
297 1000 455 1080 Reginae
468 1000 642 1063 Dominae
655 1001 834 1063 Elisabeth
847 1001 1015 1079 exequiis,
1031 1000 1156 1078 quibus
1169 999 1309 1079 quidem
1324 999 1495 1062 interfuit

252 1106 412 1185 Praeses,
440 1118 473 1170 et
500 1107 618 1184 Curia,
643 1123 748 1188 atque
765 1109 916 1171 Basilica
938 1108 1062 1185 Regia,
1084 1125 1221 1169 necnon
1240 1107 1403 1169 ciuitatis
1419 1124 1493 1168 ma-

250 1215 432 1293 gistratus,
450 1225 483 1277 et
499 1217 619 1293 magni
636 1216 742 1278 etiam
763 1217 1042 1290 concionatores,
1061 1225 1094 1276 et
1109 1214 1283 1276 Dominus
1300 1213 1496 1293 Archiepi·

251 1339 382 1400 scopus
394 1340 472 1384 cum
486 1341 549 1384 sua
563 1324 725 1385 ccclesia.
743 1322 865 1385 Altera
877 1341 963 1384 vero
976 1323 1039 1385 fuit
1052 1322 1183 1395 Iudicii,
1199 1340 1290 1401 quae
1303 1338 1395 1382 sane
1409 1338 1497 1383 con·

253 1432 307 1490 cio
324 1431 523 1491 auditorum
539 1431 665 1491 animis
682 1448 751 1491 non
768 1431 981 1491 mediocrem
997 1430 1144 1490 incussit
1160 1429 1335 1490 timorem.

311 1535 559 1598 Conl'essiones
574 1537 799 1615 quotidianae
815 1550 887 1598 tam
903 1538 1033 1598 multae
1049 1546 1140 1611 sunt,
1155 1545 1192 1596 vt
1205 1536 1256 1597 eis
1271 1533 1496 1597 satisfacere

251 1659 322 1703 non
338 1642 443 1704 liceat
458 1643 525 1703 nisi
541 1660 620 1704 curn
636 1643 762 1704 maiori
778 1643 886 1704 multo
899 1660 1045 1704 numero
1061 1640 1365 1703 confessariorum
1380 1659 1497 1719 quam

253 1749 310 1811 hic
334 1749 513 1810 habemus
532 1749 567 1810 ln
592 1750 743 1828 quodam
763 1747 928 1827 jubilaeo,
952 1766 1055 1828 quem
1071 1749 1256 1810 habuimus
1274 1749 1404 1826 paucis
1420 1749 1497 1811 die·

253 1855 319 1916 bus
335 1868 415 1916 ante
431 1854 661 1918 Natiuitatem
677 1855 880 1918 Servatoris
895 1856 1019 1933 nostri,
1036 1855 1177 1916 ducenti
1192 1854 1265 1916 fere
1282 1854 1404 1916 tribus
1419 1854 1497 1917 die·

195 2042 197 2047 ⁴
252 1962 319 2023 bus
335 1963 439 2024 nobis
454 1963 606 2024 confessi
622 1973 714 2035 sunt,
733 1964 947 2040 totidemque
963 1963 1285 2036 communicarunt,
1304 1961 1342 2022 in
1360 1961 1498 2041 quibus

253 2069 393 2148 quidem
410 2069 454 2129 ab
470 2078 562 2130 statu
579 2070 816 2131 damnationis
838 2069 937 2130 multi
954 2069 988 2130 in
1009 2067 1153 2130 Domini
1174 2068 1385 2146 obsequium
1409 2086 1496 2131 con-

252 2176 347 2237 uersi
364 2187 457 2252 sunt;
474 2177 732 2253 negotiationes
748 2185 931 2255 praeterea
945 2175 1086 2237 illicitae
1098 2192 1168 2236 non
1182 2190 1317 2253 paucae
1334 2177 1496 2237 resarci-

253 2290 310 2343 tae
336 2294 427 2343 sunt.
451 2281 703 2344 Restitutiones
723 2282 828 2344 etiam
850 2284 990 2356 multae,
1019 2295 1052 2342 et
1079 2281 1254 2360 quaedam
1280 2280 1377 2342 inter
1399 2283 1498 2344 alias

253 2388 524 2466 quingentorum
540 2389 746 2452 ducatorum
763 2389 856 2450 facta
873 2399 937 2450 est.

313 2493 401 2556 Tres
413 2495 616 2557 inimicitiae
629 2495 876 2557 reconciliatae
888 2505 980 2556 sunt.
995 2492 1112 2555 Prima
1125 2492 1240 2555 fuerat
1252 2510 1317 2554 sex
1333 2492 1497 2558 fratrum

254 2600 425 2662 aduersus
437 2602 544 2663 alium
556 2602 702 2664 fratrem
714 2601 805 2662 inter
817 2618 921 2679 quem
936 2611 969 2662 et
985 2600 1093 2663 filium
1109 2600 1151 2661 lis
1162 2608 1239 2661 orta
1252 2609 1344 2677 erat,
1359 2618 1496 2664 verum

254 2723 334 2769 cum
349 2718 449 2785 pater
465 2717 569 2786 atque
584 2708 675 2770 filius
695 2708 751 2770 hic
768 2707 1029 2783 confiterentur,
1046 2707 1082 2768 in
1097 2706 1250 2784 gratiam
1267 2706 1424 2785 rediere,
1450 2709 1496 2771 si·

254 2815 393 2892 mulque
410 2815 445 2875 in
460 2816 611 2891 patriam
628 2832 750 2876 omnes
766 2816 898 2876 reuersi
915 2826 1006 2877 sunt.
1020 2814 1144 2876 Altera
1160 2830 1246 2874 vero
1259 2811 1380 2874 fuerat
1397 2814 1496 2876 inter

254 2920 353 2996 duos,
371 2922 468 2981 viros
484 2922 624 3000 quidem
640 2923 767 2983 diuites
784 2934 888 3001 atque
904 2924 1108 2997 honoratos
1128 2938 1277 2999 quorum
1294 2922 1388 2981 alter
1406 2925 1496 2983 alte-

254 3044 333 3088 rum
348 3029 450 3112 alapa
467 3039 705 3107 percusserat,
731 3047 856 3090 caesus
879 3040 996 3090 autem
1017 3029 1248 3090 damnauerat
1269 3045 1374 3089 reum
1390 3032 1497 3108 quin-

254 3135 370 3211 gentis
386 3135 523 3195 ducatis
539 3136 654 3196 aurcis
672 3148 706 3197 et
729 3136 879 3214 quinque
896 3153 1068 3196 annorum
1084 3134 1202 3206 exilio,
1220 3134 1312 3211 quod
1331 3135 1361 3195 si
1379 3136 1497 3198 riola·

257 3250 323 3315 ret,
346 3242 389 3302 ad
412 3243 574 3302 triremes
594 3242 782 3303 damnatus
799 3253 888 3316 erat;
914 3252 1158 3302 verumtamen
1184 3257 1379 3318 percussus
1408 3262 1497 3304 cum

256 3347 482 3409 confiteretur
495 3349 562 3422 hic,
578 3349 766 3410 accersiuit
779 3349 1033 3421 aduersarium,
1046 3364 1166 3407 coram
1178 3364 1244 3424 qao
1258 3358 1291 3405 et
1306 3348 1390 3407 aliis
1403 3349 1498 3410 uiris

256 3455 414 3514 honestis
436 3454 530 3514 flexit
553 3472 668 3532 genua
690 3456 899 3533 ueniamque
922 3454 965 3514 ad
987 3453 1193 3514 aduersario
1216 3453 1357 3530 petiuit,
1382 3471 1497 3532 quam

255 3561 336 3622 dum
357 3563 654 3638 contemplaretur
675 3563 905 3623 humilitatem
927 3578 1022 3634 reus,
1046 3571 1229 3636 utrumque
1250 3558 1350 3620 flexit
1375 3565 1491 3639 popli·

256 3679 337 3738 tem,
352 3685 457 3746 seque
474 3668 602 3728 mutuis
616 3669 752 3729 fletibus
768 3668 940 3745 complexi
954 3678 1046 3727 sunt.
1062 3668 1248 3728 Caeterum
1262 3665 1321 3742 qui
1336 3667 1498 3729 aderant

257 3775 483 3852 inspicientes
504 3774 568 3835 Dei
590 3775 878 3848 misericordiam,
905 3792 941 3835 se
963 3793 982 3835 a
1005 3772 1198 3850 lachrymis
1217 3771 1401 3834 abstinere
1421 3793 1499 3838 non

256 3891 436 3960 poterant,
464 3881 580 3958 itaque
607 3882 710 3942 amici
735 3880 820 3941 faeti
846 3893 944 3951 sunt3
972 3880 1032 3940 sed
1055 3896 1243 3957 percussus
1267 3880 1499 3944 condonauit

258 3989 469 4067 quingentos
484 3988 646 4059 ducatos,
663 3998 728 4048 etc.
743 3988 771 4048 T
774 3988 860 4048 ertia
875 3988 936 4048 fuit
950 3986 1132 4046 cuiusdam
1149 3984 1227 4058 viri,
1242 3984 1300 4062 qui
1314 3987 1429 4048 nullis
1442 4007 1498 4049 ra·

257 4095 409 4156 tionibus
434 4094 647 4173 persuadete
673 4094 739 4154 sibi
766 4104 902 4171 poterat
930 4103 965 4153 vt
991 4093 1022 4153 ei
1048 4091 1250 4152 conueniret
1272 4107 1355 4152 cum
1378 4095 1501 4157 tribus

258 4202 484 4279 aduersariis
503 4219 590 4279 quos
607 4200 768 4276 habebat;
783 4200 844 4260 sed
857 4198 1039 4259 confessus
1051 4197 1118 4274 hic,
1134 4214 1194 4257 eos
1210 4196 1320 4257 adiuit
1337 4199 1450 4262 simul
1466 4216 1502 4264 et

258 4310 293 4371 in
309 4310 462 4389 gratiam
477 4307 591 4370 rediit.

319 4417 407 4477 Ludi
428 4427 461 4477 et
484 4417 680 4476 iuramenta
706 4423 847 4475 cessant
872 4429 1003 4489 magna
1029 4429 1073 4473 ex
1099 4421 1211 4489 parte.
1235 4410 1503 4478 Confessiones

259 4540 345 4582 vero
362 4533 465 4600 atque
481 4522 746 4582 communiones
768 4521 1033 4599 frequentantur
1058 4521 1214 4580 multum.
1237 4516 1303 4578 Die
1326 4522 1502 4585 natalitio

259 4629 461 4689 Seruatoris
477 4629 585 4689 nostri
604 4629 741 4706 vesperi
758 4627 862 4689 Pater
878 4641 996 4687 noster
1013 4626 1131 4686 inuisit
1148 4625 1312 4686 mulieres
1326 4627 1504 4704 publicas
