3210 5392
682 436 746 495 Au.
769 435 839 494 1555
1330 430 1386 489 265

96 591 314 645 nostrum
328 582 593 663 adscripsimus.
619 583 754 646 Eorum
773 581 842 644 duo
861 588 943 644 sunt
962 579 1113 660 hispani,
1135 578 1262 642 tertius
1278 578 1385 640 italus

90 693 163 750 et
220 688 425 752 florentinus:
452 705 575 753 omnes
599 698 719 752 autem
743 688 889 751 nobiles:
918 705 1009 750 unus
1035 686 1129 749 enim
1152 686 1385 765 hispanorum

90 814 193 877 ÷q
201 797 284 859 uitis
297 795 432 859 honore
446 796 695 874 decorabatur,
713 797 803 860 alter
818 804 871 858 est
886 794 924 858 P.
940 794 1066 877 Jacobi
1080 810 1203 873 nepos:
1227 793 1332 855 ambo
1347 792 1384 854 in

90 904 286 968 »ierne
310 914 344 966 et
365 903 571 966 christianis
597 904 785 966 uirtutibus
805 902 915 982 probe
931 902 1092 965 instituti.
1110 900 1262 978 Tertius
1280 916 1384 978 quem

90 1026 119 1078 t
136 1010 280 1073 aarum
303 1019 338 1072 et
361 1009 588 1074 florentinum
613 1010 702 1087 dixi,
728 1010 774 1073 ad
799 1009 979 1072 Pratensis
1003 1007 1388 1087 Archipresbyt'eratus

90 1126 101 1187 't
124 1117 365 1196 ignitatem
383 1126 541 1197 euectus,
566 1125 663 1180 tanto
688 1118 793 1197 plane
813 1117 961 1193 muneri,
980 1125 1014 1178 ct
1037 1115 1213 1194 religiosis
1229 1113 1389 1176 moribus

101 1238 183 1291 t
211 1223 298 1287 uitae
312 1223 490 1304 probitate
505 1223 706 1305 respondet.
723 1223 875 1302 Quidam
899 1224 1005 1286 etiam
1031 1223 1238 1286 adolescens
1262 1219 1386 1282 floren·

90 1338 142 1401 ἱ
153 1346 262 1407 nus,
274 1331 383 1393 nobili
395 1348 415 1394 e
426 1330 562 1393 familia
574 1340 684 1410 ortuS,
698 1330 928 1395 Cortonensis
940 1330 1108 1410 Episcopi
1119 1345 1242 1408 nepos
1260 1328 1296 1390 in
1311 1327 1386 1390 lati·

90 1440 218 1509 ..is
237 1438 346 1500 literis
370 1438 459 1500 satis
485 1448 677 1517 promotus
703 1438 845 1518 graecis
871 1439 979 1500 etiam
1004 1438 1169 1514 imbutus
1194 1434 1389 1497 modestiae

90 1572 121 1616 ·.
133 1544 357 1622 iugulatis
375 1561 419 1607 ac
434 1545 580 1608 maioris
595 1545 688 1608 inter
702 1546 858 1625 reliquos
873 1554 1016 1608 nostros
1027 1542 1220 1623 discipulos
1233 1541 1389 1622 probita-

90 1654 173 1726 :i
189 1665 222 1726 s,
235 1667 362 1714 aunum
376 1668 466 1714 vero
482 1650 553 1715 XV
573 1660 689 1731 natus,
708 1668 839 1732 magno
865 1652 1015 1732 denique
1041 1649 1218 1713 seruiendi
1237 1649 1314 1711 Deo
1329 1647 1389 1710 fla·

90 1777 178 1849 g
190 1773 269 1821 raus
283 1758 468 1835 desideri0,
486 1759 579 1821 hanc
594 1757 808 1822 Societatem
822 1759 963 1838 ingredi
977 1758 1038 1822 diu
1059 1759 1277 1836 multumque
1293 1763 1390 1834 opta-

90 1862 234 1942 μὴ
251 1865 350 1946 idque
375 1875 449 1928 tam
464 1866 623 1930 modeste
643 1875 785 1946 tamque
800 1865 977 1928 humiliter
997 1865 1156 1944 rogauit,
1179 1872 1303 1926 utnon
1320 1862 1389 1924 alio

103 1985 267 2054 quam
284 1971 403 2036 diuino
423 1972 592 2036 instinctu
612 1981 729 2036 motus
748 1971 898 2036 iudicari
917 1980 1049 2052 posset.
1071 1970 1140 2034 Sed
1159 1971 1228 2048 hic,
1250 1987 1272 2031 a
1286 1969 1390 2032 uobis

119 2075 295 2144 admitti
308 2081 384 2143 sine
399 2087 588 2159 parentum
603 2096 749 2142 suorum
764 2080 946 2141 uoluntate
961 2096 1032 2141 uon
1056 2095 1160 2158 posse
1176 2075 1390 2153 admonitus,

145 2181 350 2264 desperans
368 2196 489 2250 autem
503 2186 704 2250 huiusmodi
720 2205 758 2249 se
773 2187 916 2250 ueniam
931 2204 952 2249 a
967 2204 1031 2249 sua
1047 2195 1161 2249 matre
1184 2186 1392 2264 impetratu-

155 2304 258 2370 ttuu,
272 2295 370 2373 clam,
386 2294 475 2356 nulli
489 2310 635 2356 suorum
649 2302 774 2356 sancto
789 2293 991 2372 significato
1006 2293 1165 2369 consilio
1184 2309 1229 2355 ne
1244 2309 1281 2354 se
1297 2290 1392 2353 uide·

172 2393 253 2459 licet
264 2398 474 2463 domesticus
485 2400 729 2480 insequeretur
743 2401 867 2479 hostis,
885 2402 977 2463 clam
988 2400 1132 2480 inquam
1148 2399 1231 2462 hinc
1243 2397 1392 2461 discedit

181 2496 372 2570 fonssimus
388 2506 522 2571 Christi
536 2508 647 2586 miles;
664 2508 747 2571 licet
762 2508 945 2584 delicatus,
969 2508 1049 2569 licet
1070 2507 1230 2584 tenellus,
1248 2506 1329 2567 licet
1344 2515 1394 2567 te-

191 2607 296 2674 nuifflo
312 2623 493 2692 consutuS,
512 2623 630 2677 tamen
653 2616 772 2678 animo
791 2615 1017 2693 fortissimus
1042 2613 1136 2676 uiam
1155 2613 1252 2676 solus
1267 2629 1394 2692 aggre-

195 2705 273 2795 ditur,
286 2738 389 2800 quam
408 2738 590 2801 nunquam
605 2731 710 2809 antea
732 2730 892 2800 nouerat,
909 2720 972 2784 sed
997 2738 1104 2801 quam
1123 2728 1221 2783 certo
1237 2720 1282 2782 ad
1297 2717 1395 2782 Chri·

194 2823 265 2884 stum
275 2826 398 2890 ducere
409 2827 556 2906 sciebat,
569 2845 719 2909 eumque
730 2828 766 2891 in
778 2828 884 2892 corde
896 2827 1059 2904 babebat,
1073 2828 1134 2908 qui
1145 2829 1260 2907 ipsum
1276 2825 1394 2887 omnia

195 2916 322 3010 docebat,
338 2934 375 2997 in
390 2951 461 3013 quo
477 2935 595 2997 omnia
608 2935 683 3015 ipse
699 2943 848 3014 poterat,
859 2946 893 2998 et
913 2954 934 2998 a
949 2953 1019 3014 quo
1033 2935 1136 2998 unice
1151 2934 1393 2997 recreabatur.

197 3021 313 3103 Romam
323 3040 434 3121 igitur
445 3040 557 3119 petiit,
573 3051 612 3105 ut
624 3041 731 3121 (quod
743 3042 818 3122 ipse
830 3041 1025 3121 flagranter
1040 3040 1277 3117 desiderabat)
1289 3039 1396 3102 isthic

196 3133 253 3202 aT.
266 3141 300 3208 R.
315 3147 351 3211 P.
377 3147 610 3226 reciperetur.
635 3147 861 3230 Quapropter
876 3149 971 3212 haud
992 3150 1142 3228 exiguus
1164 3148 1200 3211 in
1220 3148 1287 3209 hac
1307 3146 1396 3209 vrbe

197 3253 291 3314 rumor
304 3271 343 3317 ac
362 3255 536 3317 tumultus
558 3255 638 3318 inde
659 3264 803 3319 secutus
823 3265 888 3319 est:
910 3273 1014 3336 quem
1037 3267 1156 3319 tamen
1174 3255 1330 3318 Ducissa
1345 3254 1397 3333 (ut

197 3359 312 3438 uocant)
332 3376 467 3440 magna
489 3378 535 3424 ex
556 3373 657 3443 parte
684 3363 840 3427 sedauit:
868 3375 922 3426 est
949 3364 1042 3426 euim
1067 3365 1103 3426 in
1128 3363 1253 3441 primis
1274 3362 1397 3425 admo-

197 3447 259 3521 dum
274 3467 324 3544 pia
344 3476 379 3531 et
405 3467 587 3547 religiosa,
612 3477 686 3532 tum
708 3471 812 3533 huius
834 3468 1024 3533 Societatis
1039 3470 1210 3547 studiosa,
1228 3469 1329 3532 cuius
1346 3468 1397 3530 rei

197 3551 346 3638 haecsunt
362 3585 588 3655 argumenta,
605 3577 700 3657 quod
725 3578 801 3640 eius
827 3575 1017 3640 Societatis
1038 3577 1240 3656 cognitione
1265 3585 1299 3639 et
1315 3593 1398 3639 con·

198 3674 555 3745 Slletudinesemultum
563 3682 600 3744 in
612 3683 742 3763 pietate
752 3683 883 3747 fatetur
891 3684 1098 3764 profecisse;
1110 3683 1281 3764 quodR.¹n
1292 3682 1398 3764 P.Ja·

199 3771 305 3865 cobum,
320 3804 424 3867 quem
449 3789 605 3852 maxima
624 3793 824 3854 reuerentia
840 3792 923 3855 colit
943 3801 977 3854 et
999 3792 1175 3870 obseruat‚
1194 3792 1230 3854 in
1245 3790 1289 3854 D.
1307 3791 1399 3853 Lau·

198 3886 278 3988 rentii
289 3894 429 3958 aedibus
443 3895 512 3957 hac
527 3896 801 3976 quadragesima
813 3898 1018 3961 concionari
1034 3899 1196 3976 uoluerit,
1209 3899 1292 3960 licet
1308 3898 1398 3960 alius

201 3993 254 4050 ¹³¹1]
263 3997 300 4061 ad
312 4001 347 4064 id
361 4011 457 4065 esset
471 4002 695 4066 constitutus
717 4003 780 4066 Est
804 4014 923 4067 autem
945 4005 1030 4068 illud
1050 4007 1220 4085 templum
1239 4001 1399 4084 magnifi-

201 4099 663 4189 ‘buceteberrimumatque
674 4111 720 4171 ab
728 4110 805 4190 ipsa
816 4111 1035 4174 Medicorum
1048 4110 1056 4142 ¹
1068 4111 1202 4174 familia
1213 4113 1248 4174 in
1255 4110 1299 4174 D.
1308 4111 1400 4174 Lau·

201 4205 281 4269 rentii
292 4230 415 4278 nomen
428 4213 506 4278 Deo
522 4216 655 4295 optimo
670 4217 826 4280 maximo
841 4218 1008 4296 dicatum,
1025 4218 1119 4298 quod
1134 4218 1277 4281 domum
1292 4219 1398 4297 hanc,

198 4310 283 4376 quam
297 4319 547 4397 inhabitamuS,
570 4323 787 4402 amplificare
811 4326 978 4405 coeperit,
1000 4325 1104 4389 iactis
1124 4325 1232 4388 futuri
1248 4325 1400 4389 aedificii

202 4504 380 4546 N

231 4646 239 4678 ¹
262 4655 421 4724 Frequentior
431 4671 527 4717 dicitur
537 4673 728 4730 Mediceorum,
743 4677 776 4720 de
786 4676 907 4720 Medicis.
