3210 5392
714 414 778 474 Au.
800 414 870 474 1555

242 562 289 623 In
303 560 418 622 altero
434 559 611 639 exemplo:

242 667 509 748 Superscriptio
524 667 562 728 in
578 673 709 746 quarta
720 667 878 747 pagina,
892 666 1013 728 eadem
1027 682 1069 727 ac
1081 665 1119 726 in
1130 665 1262 745 primo.

241 773 326 837 Alia
343 792 462 836 manti.
484 774 571 836 1556.
591 776 613 847 †
632 773 813 837 Granada.
836 772 1102 852 Quadrimestre
1122 772 1165 835 de
1180 781 1341 852 postrero
1364 772 1407 835 de

179 881 286 946 Dez.e
301 880 378 943 Rau
397 886 418 943 a
434 883 486 943 los
500 881 541 944 22
556 881 598 944 de
614 880 726 944 Abril.

251 987 448 1066 Vestigium
463 1004 563 1050 cerae
577 986 706 1065 sigilli.

349 1652 562 1696 Praecedentlum
572 1651 659 1695 Patria
670 1651 742 1695 Petri
753 1650 776 1694 N
778 1661 874 1694 avarro
883 1650 1032 1693 litterarum
1042 1650 1125 1693 latina
1135 1650 1221 1692 versio
1232 1650 1248 1692 ¹.

761 1865 835 1983 nis

243 2163 451 2226 Reuerendo
467 2163 657 2226 admodum
678 2163 714 2225 in
729 2161 870 2225 Christo
885 2160 993 2223 Patri.

242 2268 386 2333 Summa
401 2271 486 2352 Jesu
501 2269 653 2347 Christi,
671 2268 865 2331 seruatoris
885 2267 1013 2342 nostri,
1030 2267 1148 2347 gratia
1168 2279 1202 2331 et
1222 2283 1293 2346 pax
1308 2267 1351 2330 sit
1374 2269 1408 2330 in

184 2378 328 2457 diesque
344 2386 482 2439 crescat
497 2376 532 2439 in
549 2376 714 2438 cordibus
728 2375 870 2438 uostris.
887 2373 1012 2436 Amen.
1397 2352 1401 2360 ⁴

241 2482 340 2562 Quae
359 2495 462 2562 gesta
485 2492 567 2545 sunt
586 2482 622 2544 in
642 2482 708 2545 hoc
730 2480 980 2562 quadrimestri
1002 2497 1023 2541 a
1043 2478 1120 2542 Deo
1135 2489 1207 2560 opt.
1228 2497 1322 2544 max.
1346 2499 1410 2560 per

187 2593 312 2654 lrorum
327 2589 478 2652 filiorum
494 2600 633 2651 tuorum
649 2587 893 2663 ministerium,
906 2603 1073 2666 maguam
1089 2586 1251 2665 prolecto
1262 2588 1364 2650 nobis
1375 2598 1409 2650 et

184 2697 366 2777 quibusuis
381 2697 660 2758 consolationem
682 2694 850 2758 afferunt:
874 2694 981 2773 digna
1003 2694 1133 2773 quippe
1155 2693 1327 2771 existunt,
1345 2710 1409 2773 pro

183 2804 311 2883 quibus
326 2805 401 2883 ipse
417 2803 634 2881 glorificetur
649 2800 834 2864 Dominus.

243 2910 293 2973 Vt
309 2921 426 2972 autem
442 2927 486 2972 ex
501 2909 630 2972 affectu
645 2925 748 2988 quem
764 2910 913 2988 populus
931 2907 988 2970 hic
1004 2923 1090 2985 erga
1112 2905 1324 2970 Societatem
1346 2908 1410 2969 ha·

189 3019 256 3095 bet,
274 3035 353 3079 mea
368 3016 573 3079 exordiatur
592 3015 768 3094 narratio,
789 3015 883 3077 scias
898 3014 1018 3092 uelim,
1033 3013 1157 3092 Pater,
1180 3014 1311 3076 nullam
1332 3029 1409 3076 esse

181 3140 330 3203 prorsus
346 3124 468 3185 urbem
482 3140 588 3203 quam
604 3138 671 3200 ego
687 3121 848 3199 viderim,
865 3138 955 3201 quae
971 3131 1043 3183 tam
1058 3120 1158 3198 bene,
1175 3116 1248 3183 tani
1260 3120 1316 3200 pie
1328 3118 1410 3182 affe-

181 3240 240 3294 cta
255 3246 343 3309 erga
358 3228 571 3292 Societatem
588 3229 754 3306 extiterit,
772 3246 878 3308 quam
898 3228 990 3291 hauc
1006 3236 1176 3290 nostram.
1197 3226 1333 3290 Tantus
1356 3236 1409 3290 est

181 3336 364 3400 hominum
379 3354 421 3399 ac
437 3336 623 3399 mulierum
639 3335 684 3398 ad
699 3334 815 3397 Patris
828 3335 940 3396 nostri
952 3334 1141 3397 conciones
1152 3350 1358 3412 concursus,
1370 3342 1410 3397 vt

180 3444 238 3506 uia
254 3442 342 3523 ipsa,
360 3443 489 3505 nedum
505 3444 684 3521 templum,
702 3442 900 3503 hominibus
915 3450 1062 3503 scateat:
1079 3439 1229 3521 denique
1244 3457 1334 3520 opus
1354 3448 1410 3502 est

181 3551 237 3612 uel
252 3561 291 3612 vt
307 3549 471 3611 maximis
486 3549 715 3611 concionetur
737 3549 771 3610 in
793 3547 950 3626 templis,
972 3549 1027 3609 uel
1047 3556 1085 3608 vt
1105 3547 1141 3609 in
1162 3548 1299 3626 plateis.
1322 3545 1411 3610 Sunt

181 3665 312 3732 autem,
329 3657 387 3733 qui
403 3673 483 3717 eum
498 3663 708 3734 sequuntur,
726 3667 759 3716 et
783 3653 949 3730 studiosi,
970 3653 1030 3733 qui
1051 3655 1155 3733 pauci
1176 3654 1317 3733 quidem
1338 3670 1411 3717 non

182 3772 275 3839 sunt,
292 3774 326 3825 et
343 3763 525 3842 utriusque
541 3761 627 3823 iuris
643 3761 756 3840 periti,
771 3769 805 3822 et
820 3760 987 3837 theologi.

242 3868 413 3931 Priuatim
428 3869 534 3930 etiam
557 3867 593 3930 iu
614 3866 793 3929 coenobiis
813 3882 975 3929 sororum
1000 3865 1202 3945 frequenter
1223 3866 1409 3929 conciona-

181 3989 250 4055 tur;
267 3976 360 4056 quod
376 3976 497 4038 diebus
513 3991 593 4037 cum
607 3973 716 4036 faciat
728 3971 903 4053 profestis,
918 3973 1097 4034 auditores
1110 3982 1229 4036 tamen
1240 3975 1409 4053 templum

180 4101 309 4164 capere
325 4101 394 4145 non
410 4091 536 4162 potest.
553 4080 602 4144 At
624 4098 709 4143 uero
724 4098 766 4142 ea
785 4088 838 4142 est
861 4078 1013 4142 auiditas
1032 4078 1198 4142 audiendi
1219 4079 1320 4142 verbi
1341 4079 1409 4143 Dei

223 4362 229 4392 ¹
261 4361 451 4414 Autographae
462 4359 487 4402 ln
497 4358 558 4402 sollo
569 4358 672 4411 duplici,
682 4369 723 4400 nn.
735 4357 796 4401 olim
805 4356 843 4400 521
856 4362 882 4399 et
891 4355 941 4408 522,
951 4367 1017 4401 nunc
1036 4356 1072 4399 111
1090 4362 1116 4399 et
1132 4354 1368 4401 liz-Emendate
1383 4356 1410 4401 ln

184 4435 301 4488 pluribus
310 4440 378 4484 sunt;
389 4431 434 4475 sed
444 4431 493 4474 hae
503 4431 695 4474 emendationes
706 4430 747 4473 hlc
758 4441 808 4473 non
816 4428 1013 4482 recensebimus,
1024 4427 1085 4482 quia
1100 4427 1187 4471 iactae
1195 4428 1317 4472 videntur
1329 4439 1345 4472 a
1362 4427 1410 4472 Re·

183 4513 263 4557 crore,
274 4504 301 4548 P.
313 4504 410 4546 Basilio
422 4503 453 4545 de
465 4503 550 4552 Avila.
562 4509 700 4554 antequam
709 4500 827 4544 Granata
837 4499 944 4543 Romam
955 4500 1060 4543 litterae
1068 4498 1241 4543 mitterentur.
1249 4499 1410 4544 Emendatae

186 4577 266 4629 igitur
285 4575 497 4623 transcribemus.
517 4574 587 4616 nulla
604 4573 706 4615 ratlone
723 4582 810 4614 eorum
829 4571 928 4622 habita,
940 4576 1076 4625 quaeante
1091 4570 1295 4614 emendationem
1310 4571 1409 4626 scripta

187 4657 272 4693 erant:
284 4657 349 4700 quae
360 4645 455 4699 alioqui
466 4656 514 4688 non
524 4645 610 4698 magni
622 4643 743 4687 momenti
754 4652 820 4686 sunt.
