3210 5392
563 430 734 488 erraaaa
749 442 1020 495 ouaoaiussrass

651 1103 933 1187 CCCXXXII

231 1447 434 1506 Ambrosius
450 1447 630 1505 Pollicinus

271 1546 361 1609 Patri
376 1544 504 1618 ignatio
519 1544 559 1602 de
573 1545 713 1616 Loyola.

302 1643 472 1715 Ferraria,
486 1643 522 1701 28
537 1643 736 1701 Novembris
752 1643 821 1700 1554
835 1642 854 1697 ¹.

760 1928 834 2045 nis

238 2276 315 2340 Pax
329 2286 362 2339 et
376 2277 494 2356 gratia
511 2275 653 2339 Domini
669 2277 781 2338 nostri
803 2276 887 2358 Jesu
908 2275 1040 2339 Christi
1059 2276 1104 2338 sit
1130 2294 1270 2356 semper
1293 2264 1412 2341 nobis-

182 2401 275 2446 cum.
293 2383 419 2446 Amen.
1124 2462 1127 2466 ⁴
1413 2407 1415 2410 ’

194 2501 198 2510 ’”
239 2489 523 2570 Quadrimestres
538 2490 653 2552 Patris
668 2491 780 2553 nostri
796 2490 942 2569 imperio
962 2490 1170 2570 scripturus,
1192 2510 1261 2554 non
1286 2492 1413 2555 uerbo·

181 2615 260 2660 rum
281 2608 420 2674 ornatu,
445 2596 490 2659 ad
511 2614 613 2675 quem
635 2614 733 2659 meas
755 2598 861 2659 etiarn
882 2597 976 2659 uires
992 2596 1141 2659 deficere
1161 2597 1317 2662 fatebor:
1341 2617 1413 2662 noo

181 2704 383 2784 prolixitate
398 2713 489 2780 utar,
507 2720 587 2782 qua,
605 2721 678 2765 rem
692 2704 804 2782 ipsam
817 2702 1004 2777 excedens
1022 2712 1055 2765 et
1070 2703 1133 2766 tibi
1148 2715 1183 2767 et
1198 2705 1290 2782 aliis,
1306 2705 1338 2767 si
1353 2706 1413 2786 qui

181 2811 293 2874 uisuri
307 2820 399 2887 sunt,
420 2828 590 2872 nauscam
610 2811 763 2888 pariam:
791 2827 860 2871 non
880 2829 923 2872 ea
938 2810 1088 2890 denique
1104 2811 1294 2890 breuitate,
1320 2830 1413 2893 quae

181 2928 460 2981 commemoratu
489 2934 577 2996 opus
613 2927 723 2994 esset,
756 2917 896 2979 silentio
925 2917 1142 2996 pertransire
1171 2918 1313 2981 uidear:
1350 2920 1413 2982 sed

181 3026 311 3102 omnia,
328 3024 444 3104 quoad
457 3024 491 3087 in
507 3040 562 3086 me
578 3024 644 3086 erit
660 3024 834 3104 (quamuis
846 3041 917 3086 non
930 3032 966 3085 ut
981 3040 1038 3086 res
1053 3025 1142 3086 tanti
1164 3026 1334 3088 momenti
1351 3044 1412 3106 po-

182 3132 342 3209 stularet)
359 3132 514 3194 breuiter
530 3132 778 3210 perstringam.

241 3238 398 3301 Primum
413 3238 521 3316 igitur
537 3237 796 3300 confessionum
819 3236 1027 3317 frequentia,
1049 3247 1253 3301 nostrorum
1268 3247 1412 3318 patrum

181 3345 487 3408 exhortationibus
502 3354 537 3406 et
551 3344 782 3407 concionibus
797 3344 842 3406 ad
864 3346 1032 3424 populum
1048 3344 1189 3423 habitis,
1206 3346 1291 3432 quiq
1317 3364 1411 3409 emo·

180 3453 326 3514 iumenti
340 3452 385 3514 sit
401 3462 667 3530 consequutum,
686 3452 771 3513 mihi
788 3450 973 3513 dicendum
988 3452 1138 3530 uidetur;
1152 3462 1227 3515 tum
1240 3454 1301 3532 qui
1315 3453 1412 3516 labo·

182 3578 239 3622 res
255 3560 290 3622 in
306 3560 612 3622 conseruationem
628 3558 720 3620 illius
734 3558 970 3621 nobilissimae
988 3559 1112 3621 domus
1127 3558 1138 3588 ¹
1154 3559 1324 3640 insumpti
1340 3559 1415 3623 iue-

180 3666 262 3734 rint.
281 3683 440 3745 quaeque
457 3665 537 3727 inde
553 3665 685 3727 utilitas
702 3665 910 3743 manauerit,
932 3665 1055 3744 paucis
1070 3665 1240 3744 aperiam.

240 3771 359 3835 Nostri
375 3771 498 3835 Patres
513 3772 556 3834 de
572 3789 669 3834 more
684 3772 833 3851 singulis
855 3772 1050 3852 quibusque
1071 3771 1195 3834 diebus
1217 3772 1413 3837 consessio·

180 3880 283 3943 nibus
298 3889 440 3952 uacant,
457 3896 537 3941 cum
553 3877 673 3941 indies
689 3889 861 3957 augeatur
875 3895 1053 3954 numerus;
1067 3879 1230 3958 quamuis
1244 3879 1414 3944 mulieres

179 3996 255 4048 tum
278 3986 312 4047 in
333 3987 399 4062 his,
420 3995 494 4047 tum
521 3986 556 4046 in
582 3985 804 4047 sanctissimo
825 3985 1072 4047 Eucharistiae
1098 3995 1340 4067 sacramento,
1368 3987 1413 4050 ad

180 4092 275 4173 quod
291 4093 540 4173 quamplurimi
556 4092 739 4169 accedunt,
758 4093 854 4153 uiros
869 4091 948 4167 (sic)
965 4101 1157 4171 praestent:
1176 4110 1328 4172 quarum
1344 4093 1413 4157 fre·

223 4367 231 4399 ¹
261 4367 449 4422 Autographne
460 4368 485 4409 in
496 4367 590 4420 duplici
601 4367 670 4413 solio.
689 4377 730 4408 nn.
747 4366 785 4408 119
802 4373 826 4409 et
839 4365 885 4408 120.
897 4364 943 4408 Est
953 4372 979 4408 et
996 4366 1176 4421 apographum
1190 4367 1216 4409 in
1226 4367 1296 4412 foliis
1312 4371 1363 4422 118,
1379 4372 1415 4415 iti

180 4446 209 4482 et
219 4440 336 4494 sequenti
349 4451 397 4483 non
411 4446 555 4491 numerato,
566 4439 610 4482 sed
621 4440 684 4482 nibli
700 4439 725 4482 in
740 4449 770 4481 eo
785 4437 949 4481 immutatum
966 4437 1183 4492 repentae-Est
1197 4439 1279 4483 etiam
1296 4441 1416 4488 italicum

179 4512 336 4566 exemplum,
347 4512 467 4555 similiter
478 4511 677 4565 autographum.
688 4511 755 4565 quod
767 4510 833 4553 inira
845 4510 971 4554 dabimus.

223 4581 234 4613 ¹
261 4583 358 4637 Agitur
366 4583 396 4626 de
405 4582 479 4626 domo
488 4582 566 4625 Ducis
576 4581 760 4633 Fortunensis,
776 4581 905 4625 Hercules
916 4581 947 4625 ΙΙ
953 4583 987 4625 de
996 4583 1070 4632 Este,
1080 4585 1153 4640 culus
1161 4596 1227 4629 uxor
1236 4585 1346 4632 Renaia
1356 4590 1419 4633 hne-

180 4654 235 4698 resi
246 4655 421 4698 contaminata
432 4660 499 4697 erat.
509 4653 575 4696 Vide
587 4653 699 4696 Poaaacr
710 4653 813 4706 caron„
824 4658 842 4694 t.
855 4664 890 4705 ιν,
900 4664 925 4695 n.
938 4653 1011 4698 itaet
1022 4666 1076 4709 seq.
