3240 5386
700 110 763 167 Au.
786 110 855 168 1555
1334 109 1389 168 523

61 268 227 313 nem
260 253 362 314 turba
382 255 489 315 multa
506 254 660 328 confluit,
678 254 806 333 partim
822 272 957 330 eorum,
974 255 1034 333 qui
1057 256 1125 316 iam
1143 255 1215 315 noti
1235 266 1268 316 ct
1289 254 1386 316 fami-

61 356 277 430 liares,
299 359 333 421 id
353 377 461 422 vnum
482 360 638 437 student,
662 379 706 423 ne
732 360 887 440 v'nquam
910 362 1179 423 intermissionis
1200 360 1244 423 ab
1272 360 1385 423 officio

60 467 406 529 sanctissimae
427 465 660 529 confessionis
680 477 888 546 arguantur,
909 467 1038 547 partim
1059 466 1173 529 denuo
1199 484 1385 529 accurren-

61 566 258 649 tium,
275 573 334 651 qui
346 572 462 635 studio
475 573 762 652 flagrantissimo,
777 591 819 636 ac
832 573 1001 652 peculiari
1014 572 1167 653 quodam
1180 573 1288 635 animi
1301 572 1383 635 affe·

67 682 164 737 ctu
183 725 203 753 ,
249 698 291 742 ne
307 680 424 743 dicam
439 681 563 757 nimio,
579 681 636 742 hic
651 691 686 743 et
699 698 772 743 non
790 681 873 743 alibi
893 691 1103 759 accepturos
1123 698 1160 742 se
1175 680 1384 743 beneficium

67 778 250 848 istud
273 787 482 864 inclamant;
509 787 781 850 interminantur
804 805 1067 866 nonnunquam,
1090 787 1157 849 nisi
1177 787 1269 848 votis
1291 786 1381 866 ipso·

72 899 222 952 rum
252 910 462 971 annuamus
483 893 640 957 futurum
658 904 697 956 vt
717 894 839 957 nullibi
859 895 928 956 sint
949 892 1090 970 fassuri,
1109 895 1175 956 nisi
1197 894 1383 956 admittan-

74 999 195 1056 tur.
249 998 350 1078 Quod
372 999 417 1062 ad
443 1000 506 1063 hos
529 1000 653 1063 attinet
669 1000 763 1077 (nam
781 1000 917 1080 reliqui,
935 1015 1083 1080 quorum
1104 1000 1197 1061 bona
1212 1016 1296 1079 pars
1316 1009 1381 1078 est,

79 1109 328 1170 quantum
348 1107 504 1186 quotidie
523 1116 767 1186 promoueant,
790 1107 918 1169 mirum
938 1118 990 1168 est
1010 1106 1129 1183 dictu),
1154 1107 1252 1168 multi
1268 1106 1381 1168 crimi-

80 1215 236 1274 num
255 1212 478 1276 deformitate
494 1213 664 1292 deterriti,
683 1231 724 1276 ac
740 1215 860 1276 nescio
876 1231 944 1291 quo
966 1214 1109 1275 sinistro
1133 1212 1267 1292 pudore
1283 1230 1381 1292 prae-

85 1313 273 1395 pediti,
291 1322 419 1383 multos
434 1321 506 1383 iam
522 1338 635 1383 annos
650 1321 913 1394 obmutuerant,
931 1321 1145 1383 arbitrantes
1167 1321 1216 1383 ita
1232 1319 1381 1398 fregisse

84 1423 285 1504 nanim,
301 1438 341 1488 vt
356 1426 401 1488 ad
423 1439 564 1506 portum
586 1427 762 1507 appellere
782 1427 986 1506 neutiquam
1007 1438 1099 1489 esset
1115 1427 1303 1505 integrum.
1320 1426 1379 1505 Hi,

82 1529 260 1595 Sernel
274 1535 428 1612 ingressi
443 1533 510 1597 hoc
523 1546 683 1597 nostrum
698 1534 898 1612 collegium,
915 1535 981 1597 sibi
993 1533 1253 1613 quodammodo
1266 1534 1378 1597 reddi·

81 1618 133 1696 ti·
164 1641 352 1702 Omnino
367 1639 528 1703 sedatam
543 1649 788 1720 tempestatem
804 1640 936 1716 vident,
955 1658 997 1703 ac
1013 1658 1051 1702 se
1066 1652 1205 1716 portum
1216 1641 1378 1720 placidis·

76 1723 191 1799 sim
200 1758 280 1809 um
295 1756 416 1810 tenere
430 1747 598 1827 gaudent,
615 1764 658 1810 ac
673 1748 767 1812 serio
782 1748 824 1810 de
846 1747 952 1825 vitiis,
974 1746 1115 1810 Christo
1136 1747 1235 1825 duce,
1259 1748 1378 1811 trium·

69 1830 272 1915 Pham,
289 1853 432 1917 Accidit
445 1854 539 1917 enim
553 1863 592 1917 vt
607 1864 706 1918 tanto
721 1855 847 1917 maiori
863 1863 994 1918 conatu
1014 1855 1081 1917 iter
1095 1853 1238 1918 Domini
1257 1872 1378 1936 capes·

64 1946 247 2038 sant,
277 1970 410 2041 quanto
438 1960 685 2025 vehementius
713 1978 755 2024 eo
783 1978 821 2024 se
849 1978 1029 2042 nunquam
1054 1973 1289 2041 perventuros
1316 1980 1378 2042 pu·

61 2043 285 2130 tabant.

156 2165 220 2245 J
230 2190 289 2237 am
304 2174 389 2237 illud
404 2185 457 2238 est
468 2185 614 2255 propter
624 2174 720 2254 quod
732 2176 949 2238 immortales
960 2173 1038 2238 Deo
1050 2175 1186 2253 gratias
1199 2192 1307 2254 agere
1319 2175 1376 2238 de·

49 2243 172 2327 bea
183 2293 306 2358 ntus,
324 2282 432 2360 vulgo
448 2282 540 2344 enim
555 2280 802 2345 circumfertur
817 2282 994 2344 neminem
1009 2282 1076 2344 huc
1092 2280 1137 2343 ad
1157 2299 1224 2344 nos
1244 2282 1375 2345 aduen-

42 2357 211 2440 tare
226 2436 237 2463 ,
253 2390 377 2450 saltem
394 2398 432 2450 vt
447 2389 560 2451 sacris
579 2388 753 2451 faciundis
769 2389 918 2466 intersit,
934 2388 993 2467 qui
1008 2406 1078 2450 non
1093 2389 1214 2451 statim
1229 2389 1286 2452 vel
1300 2391 1372 2452 lon·

34 2468 112 2525 ge
154 2494 313 2557 aliam
328 2495 441 2558 vitam
455 2495 617 2571 destinet,
634 2497 691 2558 vel
705 2495 960 2576 aliquantulum
979 2496 1186 2558 immutatus
1201 2496 1371 2558 discedat.

84 2588 134 2637 e
143 2601 308 2677 trium,
319 2602 595 2681 hucredeuntes,
605 2602 737 2682 praeda
745 2602 832 2666 fiunt
844 2602 984 2667 Christo
994 2603 1090 2684 Jesu.
1100 2603 1151 2666 Ita
1164 2621 1235 2666 non
1245 2620 1373 2682 parum

26 2680 97 2736 ⁵¹¹
105 2698 225 2766 1lt
242 2709 351 2786 multi,
374 2709 498 2788 quibus
513 2708 652 2773 difficile
670 2711 885 2789 persuadeas
907 2720 946 2772 vt
967 2711 1022 2772 vel
1037 2711 1088 2773 rei
1108 2708 1304 2772 audiendae
1316 2726 1372 2772 sa·

23 2787 158 2855 “²²1
167 2821 229 2871 Q
243 2817 299 2877 vel
314 2816 496 2878 concionis
510 2817 627 2895 gratia
642 2817 712 2879 huc
726 2818 883 2897 veniant;
901 2816 1024 2880 timent
1038 2817 1131 2880 enim
1142 2834 1213 2879 non
1228 2816 1372 2896 parcius

23 2885 264 2985 Statim
279 2922 325 2984 ad
339 2921 599 2986 confessionem
614 2923 820 3002 monendos
839 2941 944 3004 quam
964 2933 1047 2987 tunc
1068 2922 1301 2987 reformidare
1320 2924 1370 2985 vi·

52 3002 183 3115 ΕΡ
190 3030 280 3091 tur.
298 3027 433 3107 Quibus
448 3029 554 3092 etiam
570 3048 643 3093 vox
657 3031 715 3093 illa
732 3031 859 3094 terrori
874 3041 927 3094 est
942 3031 1109 3109 maximo,
1127 3047 1197 3111 qua
1210 3032 1270 3093 vel
1284 3028 1370 3094 San·

22 3096 126 3167 ch
141 3161 161 3187 ι
204 3136 275 3198 vel
288 3133 424 3213 Patres,
439 3137 499 3198 vel
512 3136 677 3200 Theatini
690 3145 949 3217 nuncupantur.
967 3137 1056 3200 Tam
1068 3154 1152 3200 suas
1163 3140 1262 3217 leges
1272 3155 1370 3201 mun·

60 3213 177 3283 “S
222 3240 279 3304 hic
294 3242 562 3321 praestigiator,
579 3253 618 3306 vt
631 3244 879 3320 obseruentur‚
897 3245 1019 3307 sedulo
1040 3255 1152 3308 curat.
1175 3242 1245 3308 Sed
1259 3245 1371 3308 vincit

30 3299 227 3409 JQSIJ
241 3349 297 3411 lex
313 3359 437 3412 sancta
453 3359 487 3412 et
502 3350 741 3428 immaculata,
759 3369 801 3413 ac
815 3351 915 3414 breui
927 3350 964 3413 fit
979 3363 1018 3414 vt
1032 3352 1099 3416 has
1113 3352 1294 3415 hominum
1309 3370 1368 3415 vo·

36 3425 155 3489 ⁰⁶³8
174 3487 194 3511 .
237 3472 327 3535 quos
344 3455 411 3519 sibi
430 3455 582 3520 daemon
604 3457 753 3521 assumit
775 3458 894 3521 socios
920 3459 965 3521 ad
987 3460 1197 3522 euertendas
1219 3472 1368 3536 mentes,

46 3530 177 3606 ⁶⁰¹1
191 3565 381 3640 temnant,
398 3575 432 3625 et
448 3563 516 3626 huc
531 3564 726 3639 venientes
743 3565 924 3644 gaudeant
941 3567 1013 3630 iam
1030 3565 1142 3645 digito
1161 3568 1366 3646 monstrari,

54 3636 187 3706 quo
203 3667 239 3729 «l
252 3680 358 3731 antea
374 3685 599 3750 summopere
614 3672 842 3734 verebantur.

95 3840 112 3856 ,Ι
146 3748 275 3837 Nec
290 3775 394 3839 idest
408 3777 547 3840 silentio
566 3778 864 3857 praetereundum
884 3779 927 3842 de
947 3779 1051 3844 huius
1065 3780 1163 3842 vrbis
1182 3781 1368 3844 mulierum

70 3852 175 3918 9¹¹&
233 3882 472 3961 querimoniis
494 3884 587 3964 quod
612 3901 683 3946 non
698 3885 930 3948 admittantur
950 3885 994 3948 ad
1010 3884 1284 3949 confessionem:
1300 3895 1368 3950 est·

73 3964 184 4032 un
226 3986 315 4051 inter
336 3988 433 4068 ipsas
446 4006 520 4053 vox
534 3991 623 4053 haec
642 4008 813 4071 perquam
828 3991 1025 4056 familiaris:
1041 4009 1062 4054 o
1083 3993 1220 4056 vtinam
1235 4010 1302 4055 nos
1316 3994 1368 4055 vi·

70 4075 151 4130 s⁰³
221 4095 399 4171 genuisset
414 4106 554 4160 natura.
576 4096 816 4162 Confessionis
830 4099 1036 4162 beneficium
1054 4109 1253 4178 agnoscunt
1266 4100 1367 4162 multi

69 4178 194 4249 Vls'l
221 4201 363 4279 nobiles,
377 4202 440 4265 sed
452 4204 639 4283 praecipue
651 4206 707 4267 vir
719 4205 873 4285 quidam,
890 4207 949 4286 qui
961 4206 1052 4269 inter
1065 4207 1168 4269 huius
1179 4206 1278 4269 vrbis
1290 4222 1366 4269 ma-

84 4289 309 4389 gistratus
320 4326 391 4372 non
406 4318 624 4390 postremum
637 4311 753 4375 locum
767 4324 873 4391 tenet,
887 4314 1038 4393 quicum
1051 4323 1086 4376 et
1100 4313 1278 4391 agitandis
1290 4322 1367 4378 tau·
