3210 5392
724 453 788 512 Aa.
812 454 881 512 ltu-t
1368 459 1415 515 101

196 598 400 662 conditionis
415 609 532 661 essent
547 599 731 674 homines),
746 607 784 659 vt
797 616 980 678 nunquam>
988 599 1100 662 simile
1114 600 1199 663 mihi
1211 603 1415 681 contigerit.

200 702 326 767 Nullam
342 705 538 768 sentiebam
553 705 815 780 lassitudinem,
833 703 895 767 sed
918 716 989 767 tam
1005 722 1103 769 eram
1122 723 1248 770 recens
1270 706 1277 738 ¹
1300 726 1342 770 ac
1358 727 1418 772 no·

203 828 259 873 uus
270 812 417 891 vesperi,
430 829 510 875 cum
527 812 597 874 iam
608 810 658 873 ὁ]ι
672 812 760 874 hora
773 821 877 888 esset,
894 811 995 892 quasi
1008 829 1110 875 mane
1125 812 1261 892 suisset,
1275 816 1417 894 quando

206 918 410 998 incipiebam.
426 917 583 981 Mirabar
598 918 785 997 plurimum
802 917 1010 981 immensam
1032 917 1098 981 Dei
1114 919 1319 983 bonitatem.
1338 922 1417 985 Non

210 1034 277 1102 puto
292 1026 441 1105 aliquem
461 1024 579 1101 luisse,
598 1024 657 1105 qui
679 1041 747 1087 non
772 1025 961 1103 specialem
985 1043 1005 1086 a
1028 1024 1181 1089 Domino
1202 1039 1418 1092 consecutus

211 1141 253 1192 est
265 1132 422 1211 gratiam,
439 1141 479 1194 vt
494 1148 616 1194 omnes
632 1130 833 1193 fatebantur
848 1142 882 1193 et
898 1131 1129 1195 mirabantur.
1152 1132 1224 1196 Nec
1245 1133 1417 1198 Dominus

215 1238 394 1315 canonicus,¹
406 1240 538 1318 hospes
548 1247 680 1314 noster,
694 1254 713 1299 a
727 1237 844 1317 gratia
857 1239 1023 1301 exclusus
1036 1236 1110 1302 luit:
1124 1238 1199 1318 ipse
1214 1257 1352 1321 quoque
1368 1243 1417 1304 vi·

215 1343 394 1408 tanstatuit
406 1346 573 1408 ordinare
585 1345 619 1406 in
632 1345 767 1407 melius.
781 1343 931 1407 Dicebat
942 1345 1033 1420 aliis,
1044 1362 1101 1408 me
1112 1357 1309 1424 praesente,
1323 1349 1417 1429 quod

218 1449 314 1514 invita
329 1469 392 1515 sua
408 1454 479 1514 tale
494 1452 577 1531 quid
592 1450 802 1529 Nouiomagi
824 1469 894 1514 non
910 1453 1132 1531 contigisset,
1149 1469 1214 1515 nec
1236 1473 1254 1515 a
1277 1466 1416 1518 centum

217 1556 296 1620 annis
308 1558 375 1621 tale
389 1559 473 1639 quid
488 1558 648 1621 auditum
662 1556 783 1620 fuisse.

261 1662 407 1728 Tandem
420 1665 498 1745 ipso
514 1665 569 1727 die
585 1663 707 1728 Sancti
724 1663 927 1743 Clementis
945 1667 1054 1743 clam,
1071 1668 1194 1745 paucis
1212 1669 1416 1745 scientibus,

221 1767 318 1834 iterum
332 1770 515 1835 Coloniam
533 1770 740 1851 proficiscor
754 1768 776 1848 '3
792 1770 870 1851 ipso
886 1789 972 1834 vero
988 1772 1043 1835 die
1059 1771 1211 1837 Sanctae
1227 1773 1415 1852 Caeciliae,

221 1873 349 1940 ridentes
364 1895 488 1942 omnes
503 1878 569 1941 Dei
585 1877 828 1958 operationem
843 1888 879 1940 et
892 1876 1024 1941 Christi
1037 1878 1120 1961 Jesu
1137 1881 1290 1959 gratiam
1307 1883 1416 1944 omni·

221 1979 268 2044 bus
280 1986 349 2058 (sua
366 1985 566 2063 clementia)
582 1985 885 2063 administratam,
907 1996 1126 2064 rogauerunt
1142 1987 1270 2063 obnixe
1285 1997 1319 2051 et
1341 1997 1417 2051 coe·

216 2102 320 2164 gemnt
343 2102 381 2155 vt
405 2095 524 2156 locum
544 2111 624 2155 cum
644 2093 805 2155 domibus
826 2092 984 2172 recipere
1008 2095 1148 2158 vellem:
1177 2096 1343 2175 respondi
1363 2114 1418 2159 me

216 2197 403 2277 scripturum
419 2199 464 2262 ad
481 2198 518 2262 P.
535 2199 581 2263 V.
597 2199 755 2263 Tandem
771 2200 935 2279 precibus
950 2199 1069 2262 multis
1085 2198 1152 2263 hoc
1171 2201 1416 2282 impetrarunt,

211 2309 244 2362 vt
255 2305 361 2367 claues
375 2306 501 2369 domus
521 2306 730 2385 reciperem,
753 2314 787 2368 et
807 2306 948 2385 quando
968 2305 1229 2386 Nouiomagum
1251 2309 1416 2388 redirem,

205 2407 484 2475 domibus-vterer
498 2429 562 2491 pro
577 2411 742 2491 hospitio,
761 2421 799 2474 vt
815 2411 975 2474 homines
986 2413 1192 2477 consulendi
1206 2415 1324 2492 gratia
1338 2432 1416 2495 pos·

201 2525 272 2578 sent
284 2535 346 2581 nos
360 2518 505 2582 liberius
525 2518 712 2595 accedere,
730 2535 881 2598 quorum
898 2516 1013 2581 adhuc
1032 2518 1209 2582 maximus
1230 2530 1284 2583 est
1299 2539 1417 2585 nume-

199 2639 264 2697 rus
280 2625 402 2704 quibus
416 2643 487 2687 non
503 2625 653 2688 dabatur
672 2625 773 2686 locus
787 2641 851 2686 nec
872 2633 1011 2703 tempus
1033 2641 1099 2686 nos
1122 2627 1332 2690 accedendi:
1357 2629 1418 2708 qui

190 2728 286 2792 eirca
303 2730 465 2795 Natalem
485 2730 644 2807 Domini,
667 2729 857 2793 aduentum
882 2740 1042 2794 nostrum
1067 2742 1266 2812 expectant.
1296 2732 1416 2812 Quare

189 2836 360 2914 cogitaui,
377 2838 407 2900 si
426 2836 601 2901 Dominus
620 2836 672 2899 sic
687 2835 921 2910 ordinauerit,
943 2835 1106 2900 Natalem
1128 2837 1270 2901 Domini
1291 2838 1418 2902 Nouio·

188 2945 287 3020 magi
304 2945 502 3022 celebrare;
525 2944 587 3007 sed
603 2945 645 3007 de
668 2943 723 3005 his
742 2945 844 3024 plura
865 2943 986 3022 primis
1007 2945 1119 3008 literis
1139 2946 1184 3009 ad
1205 2946 1241 3010 P.
1263 2946 1308 3009 V.
1332 2948 1417 3009 scri-

185 3049 324 3113 bendis.
1183 3045 1187 3051 ’

250 3155 438 3221 Confrater
464 3166 584 3220 noster
609 3156 655 3219 M.
686 3157 866 3240 Johannes
896 3157 938 3218 de
967 3156 1149 3236 Cathena,
1175 3175 1231 3222 me
1260 3160 1417 3238 absente,

180 3265 353 3327 omnibus
367 3265 456 3327 bene
471 3264 676 3327 satisfacere
698 3273 825 3344 potest.
842 3263 992 3342 Quando
1015 3265 1108 3327 enim
1123 3264 1328 3344 proficiscor
1349 3285 1420 3330 non

182 3372 250 3433 diu
268 3383 367 3434 extra
380 3371 564 3434 Coloniam
578 3373 707 3434 haereo
723 3369 750 3449 ³;
764 3371 839 3451 ipse
854 3371 924 3432 iam
940 3387 977 3431 se
992 3380 1094 3448 parat
1111 3371 1156 3434 ad
1170 3372 1320 3450 gradum
1341 3374 1419 3436 bac·

178 3480 416 3541 calaureatus
431 3477 563 3541 Sacrae
578 3477 807 3556 Theologiae.

250 3583 328 3646 Non
344 3584 447 3647 facile
462 3587 640 3664 explicare
657 3603 800 3665 possum
816 3594 986 3664 quantum
1001 3583 1139 3647 tructus
1153 3585 1347 3664 spiritualis
1371 3598 1420 3649 at-

180 3691 308 3753 tulerit
333 3690 676 3769 Nouiomagensibus
702 3692 819 3754 abitus
844 3690 1008 3769 Magistri
1028 3690 1175 3755 Henrici
1199 3691 1362 3772 Dionysii
1387 3705 1421 3756 et

181 3797 353 3876 Magistri
367 3797 524 3861 Thomae
540 3797 561 3870 ⁴,
579 3800 629 3860 sic
645 3799 776 3861 relictis
792 3797 953 3860 omnibus
966 3796 1144 3860 Christum
1160 3797 1351 3862 Dominum
1367 3819 1420 3863 se-

182 3903 331 3983 quendo
347 3905 370 3963 ⁸.
386 3903 519 3968 Omnes
534 3906 628 3968 enim
644 3906 712 3968 hoc
727 3906 889 3983 exemplo
906 3904 1059 3966 maxime
1075 3904 1250 3968 aedificati
1265 3917 1365 3982 sunt,
1382 3919 1415 3970 et

181 4011 332 4091 plurimi
365 4029 487 4074 eorum
521 4014 719 4090 exemplum
748 4019 923 4074 conantur
952 4010 1094 4072 imitari.
1127 4008 1256 4089 Quare,
1287 4013 1422 4076 relictis

183 4117 313 4181 mundi
330 4118 562 4196 vanitatibus,
579 4119 720 4198 saepius
742 4115 903 4180 confiteri
923 4115 1064 4179 student
1086 4126 1121 4181 et
1142 4120 1419 4195 communicare,

233 4396 241 4424 ⁸
273 4395 320 4437 sed
328 4396 446 4449 perinde
462 4406 563 4439 recens.

230 4467 244 4497 ¹
271 4469 368 4521 paucis
377 4467 535 4519 scientibus,
546 4467 625 4511 redeo
637 4468 780 4511 Coloniam.

232 4538 245 4565 ³
275 4542 352 4581 extra
363 4539 497 4582 Coloniam
510 4551 561 4581 non
572 4539 619 4581 diu
630 4539 736 4583 haereo.

230 4612 244 4643 ὁ
273 4609 338 4653 Vide
349 4610 463 4654 Pounnct
473 4611 628 4660 chronicon,
647 4617 667 4653 t.
678 4622 714 4663 tv,
726 4622 786 4665 pag.
796 4609 845 4659 an,
856 4621 880 4652 n.
890 4609 939 4652 579.

228 4682 243 4716 ⁸
273 4683 320 4736 qui
328 4685 368 4726 sic
379 4682 482 4725 relicus
491 4682 615 4725 omnibus
626 4682 761 4725 Christum
772 4681 919 4724 Dominum
932 4678 1020 4722 secuti
1028 4680 1102 4721 sunt.
