3240 5386
185 423 240 481 ott
567 427 738 486 Lucanae
757 441 1029 496 ouauntuesrnus

187 586 260 641 neS,
279 572 448 634 maiorem
463 573 564 636 nobis
579 575 734 637 animum
749 573 893 637 addunt.
910 573 1081 653 Nuncque
1096 574 1238 636 demum
1259 571 1380 634 maxime

188 677 395 741 confidimus
409 679 564 742 futurum
586 681 788 760 aliquando,
816 689 866 759 vt,
883 680 913 744 si
938 696 1089 759 vsquam
1116 680 1283 756 locorum,
1302 678 1379 740 hicet

188 784 383 847 celebretur
398 795 432 847 et
446 785 569 850 floreat
584 785 755 864 Societas;
771 805 836 850 nec
857 787 1025 850 solidiora
1045 786 1286 850 desideramus
1305 800 1378 862 argu·

187 900 306 953 menta
321 908 427 971 quam
443 893 530 955 istos
545 894 638 970 (cum
659 893 803 957 Domini
823 895 1004 973 negotium
1025 892 1206 972 geramus)
1228 891 1381 955 continuos

186 997 347 1076 insultuS,
365 1000 491 1078 quibus
506 1001 659 1079 undique
674 1000 867 1076 obruimur;
884 1001 1035 1064 difficilia
1051 1001 1146 1064 enim
1163 1009 1245 1063 sunt
1263 996 1382 1077 (attrito

187 1106 374 1183 prouerbio
389 1107 512 1184 fertur)
527 1124 617 1185 quae
637 1108 796 1187 pulchra.
821 1107 1113 1188 Quandoquidem
1143 1107 1203 1187 qui
1222 1102 1385 1168 discordia·

187 1228 277 1289 rum,
290 1213 361 1275 litis
376 1222 411 1276 et
425 1216 597 1277 malorum
613 1216 770 1278 omnium
788 1225 840 1278 est
863 1217 1003 1292 author,
1029 1224 1064 1277 et
1090 1216 1264 1277 bonorum
1277 1220 1397 1293 pertur-

186 1318 299 1396 bator,
317 1337 359 1382 ac
375 1337 531 1399 euersor,
548 1323 673 1385 salutis
688 1323 869 1386 hominum
892 1339 986 1400 osor,
1010 1322 1225 1402 praeuidens
1246 1318 1412 1402 quodam&

187 1425 291 1489 modo
303 1425 448 1501 fructus,
465 1429 524 1508 qui
538 1427 619 1491 hinc
635 1430 671 1491 in
686 1430 853 1493 horreum
868 1430 1083 1493 dominicum
1097 1427 1226 1508 augeri
1238 1414 1444 1510 poteram*⁴

186 1532 319 1595 nullum
334 1550 405 1596 non
419 1551 484 1614 pro
500 1551 598 1597 more
613 1553 677 1598 suo
692 1546 811 1599 mouet
823 1553 949 1599 saxum
964 1546 1003 1597 vt
1017 1552 1083 1597 nos
1098 1535 1272 1597 deturbet:
1287 1514 1445 1615 ingess

187 1638 244 1700 ille
259 1638 367 1702 draco
379 1641 488 1718 rufus
505 1643 674 1705 continuo
690 1653 759 1705 stat
784 1652 867 1705 ante
889 1643 1071 1705 mulierem
1092 1642 1346 1721 parturientem,
1358 1613 1445 1696 W

188 1746 308 1807 statim
322 1756 462 1826 partum
477 1748 588 1827 ipsius
600 1749 758 1826 deuoret;
775 1749 849 1825 sed,
876 1766 917 1811 eo
941 1749 1064 1824 inuito,
1090 1748 1126 1810 in
1149 1749 1287 1810 coelum
1300 1732 1444 1823 rapi?

186 1861 244 1914 tur
258 1863 391 1932 partus,
409 1872 474 1917 nec
490 1856 619 1934 poterit
643 1857 826 1918 mulierem
851 1855 965 1936 ipsam
990 1855 1092 1935 aquis
1107 1855 1270 1929 obruere,
1293 1851 1398 1915 diuina
1410 1825 1445 1888 9

187 1977 266 2021 eam
281 1971 490 2039 protegente
504 1963 633 2040 gratia.
1411 2042 1431 2058 Ι

246 2066 410 2134 Omnium
427 2078 521 2131 certe
547 2070 749 2133 conciliauit
772 2071 921 2147 animos,
948 2079 985 2132 ut
1008 2070 1175 2148 pusillum
1199 2086 1342 2148 gregem
1357 2066 1398 2128 ᾰίν
1413 2056 1445 2109 ⁵

187 2187 352 2252 scerpant
378 2186 411 2238 et
436 2177 651 2255 disperdant,
675 2176 969 2256 quemadmodum
993 2176 1094 2239 vobis
1120 2177 1241 2256 aliqua
1256 2194 1302 2239 ex
1315 2170 1445 2255 parte?

186 2279 382 2345 innotuisse
398 2283 623 2346 arbitramur.
651 2282 780 2347 Omnia
800 2295 917 2346 tamen
942 2300 1005 2362 per
1027 2282 1094 2346 Dei
1119 2283 1275 2361 gratiam
1301 2274 1445 2345 adhue'ss

186 2388 324 2466 integra
340 2400 431 2452 sunt.
450 2389 550 2452 Mitto
566 2390 659 2470 quod
675 2401 782 2453 antea
798 2391 846 2453 ita
866 2389 1118 2452 commonisset
1144 2399 1179 2452 et
1205 2400 1365 2452 senatum
1375 2398 1402 2450 et
1425 2375 1445 2431 Ἰ

187 2493 381 2573 theologos,
391 2495 508 2571 vt1non
519 2497 767 2560 erubescerent
778 2500 942 2578 palamet
953 2496 1091 2577 publice
1102 2498 1328 2575 proclamare
1338 2511 1404 2566 nos,

186 2601 308 2680 flagris
322 2620 385 2682 per
400 2605 553 2682 compita
576 2621 711 2683 caesos,
739 2604 980 2683 profligandos
1001 2620 1090 2666 esse.
1119 2602 1189 2666 Sed
1209 2613 1245 2666 et
1267 2613 1341 2666 tum
1356 2603 1405 2682 qui

186 2709 283 2772 iuxta
303 2726 521 2773 summorum
535 2710 743 2774 Pontificum
763 2721 897 2774 statuta
919 2727 1040 2773 murus
1065 2727 1198 2773 aeneus
1218 2711 1322 2774 nobis
1340 2720 1406 2772 erat

185 2827 220 2878 et
236 2826 359 2878 contra
375 2835 497 2879 omnes
512 2818 681 2880 aduersas
697 2819 892 2881 calumnias
904 2835 981 2880 esse
996 2817 1178 2894 debuerat,
1197 2816 1289 2879 adeo
1306 2817 1405 2879 inien-

186 2941 262 2985 sum
279 2925 440 3001 reddidit,
457 2934 496 2986 vt
511 2942 580 2986 non
593 2927 709 2987 solum
725 2943 796 2987 non
812 2926 1051 2987 auxiliatrices
1065 2941 1192 2987 manus
1205 2924 1404 2987 exhibuerit.

186 3049 310 3093 verum
323 3042 356 3093 et
371 3042 519 3094 conatus
535 3045 676 3094 nostros
691 3042 725 3093 et
749 3033 946 3094 institutum
973 3032 1132 3094 tunditus
1158 3040 1192 3093 et
1208 3041 1365 3093 euertere
1379 3041 1406 3090 et

186 3137 302 3201 delere
327 3140 371 3200 sit
397 3149 557 3213 conatus;
587 3139 681 3217 quod
712 3156 792 3200 cum
821 3139 951 3201 dudum
980 3139 1050 3200 alta
1079 3147 1197 3199 mente
1222 3139 1402 3217 repositum

187 3257 404 3320 asseruaret,
433 3247 572 3306 tametsi
603 3246 780 3307 multoties
805 3246 916 3307 variis
941 3243 1154 3306 ostendisset
1184 3243 1434 3322 argumentis„

187 3352 343 3413 nondum
354 3364 472 3414 tamen
490 3362 664 3413 attentare
680 3352 796 3414 suerat
812 3368 932 3426 ausus,
950 3351 1061 3412 donec
1075 3368 1113 3411 se
1135 3361 1306 3429 tanquam
1322 3350 1417 3411 inex-

187 3459 369 3536 pugnabili
383 3460 651 3537 propugnaculo
667 3459 855 3520 sorbonica
868 3474 1018 3519 censura
1032 3455 1389 3518 instructumsenserit
1404 3474 1445 3521 J

187 3566 277 3628 Tum
292 3566 443 3638 demum,
458 3565 559 3644 quasi
573 3565 793 3627 solidissimis
808 3563 1045 3626 fundamentis
1066 3563 1223 3639 innixus,
1247 3563 1440 3627 aduersu:-

188 3673 343 3734 imbelles
358 3689 497 3733 omnem
511 3673 584 3734 vim
599 3689 699 3732 suam
715 3680 819 3749 atquc
836 3672 989 3732 alienam
1014 3670 1169 3748 experiri
1192 3687 1263 3731 non
1283 3666 1440 3732 dubitffi.

189 3780 250 3840 uit.
268 3778 399 3841 Contra
416 3780 469 3840 ius
485 3796 587 3840 omne
614 3780 648 3839 in
666 3778 718 3838 ius
735 3776 977 3852 conuocand0,
998 3776 1058 3838 vbi
1082 3793 1197 3855 neque
1224 3777 1279 3838 ius
1301 3776 1417 3838 locum

190 3889 299 3949 vllum
315 3886 447 3949 habuit.
466 3884 572 3963 Quid?
592 3885 777 3964 pulchrum
792 3885 886 3945 enim
901 3883 966 3945 fuit
985 3883 1059 3946 eius
1080 3883 1227 3945 vicariis
1248 3882 1394 3953 insontes,

190 3992 320 4055 indicta
337 4009 456 4057 causa.
475 3992 613 4071 probris
631 3992 748 4052 statim
773 4007 815 4051 ac
836 3990 1057 4051 contumeliis
1083 4005 1172 4067 pene
1195 3987 1331 4051 infinitis
1347 3998 1387 4042 vt·

189 4117 287 4177 xare,
306 4102 463 4162 lacerare
478 4117 520 4159 ac
537 4099 748 4176 discerpere,
764 4097 981 4175 hypocritas,
996 4095 1255 4172 schismaticos,
1268 4104 1385 4156 conuen-

190 4208 381 4282 theutarim,
405 4223 578 4268 nouarum
593 4216 770 4267 sectarum
790 4204 959 4265 authores
979 4203 1151 4265 vocitare.
1172 4201 1265 4281 Quid
1282 4196 1385 4281 postea?

190 4314 368 4376 Censuras
384 4312 646 4375 ecclesiasticas
661 4312 754 4371 vltro
769 4311 927 4388 citroque
944 4309 1143 4383 fulminare,
1161 4321 1334 4372 carcerem
1344 4300 1386 4363 mi·

190 4421 306 4496 nitari,
325 4430 359 4481 et
374 4420 599 4482 interminare
615 4435 694 4479 cum
710 4417 955 4494 imploratione
980 4433 1158 4478 armorum
1181 4410 1388 4478 saecularium

190 4543 233 4587 ne
247 4527 281 4586 in
296 4538 475 4603 posterum
490 4526 547 4586 vel
562 4525 745 4601 religiosos
761 4523 817 4584 vel
833 4522 959 4583 iratres
975 4539 1041 4584 nos
1056 4523 1256 4585 diceremus
1270 4530 1324 4581 aut
1337 4515 1391 4577 vilo

195 4644 300 4710 pacto
320 4632 513 4708 Religionis
540 4631 689 4691 sormam
716 4630 986 4690 obseruaremus
1014 4629 1111 4690 iuxta
1139 4631 1244 4692 ritum
1266 4623 1394 4690 instituti
