3210 5392
726 438 790 496 An.
812 438 882 495 1555
1363 438 1418 497 ab

179 604 283 650 nunc
297 585 467 648 orationis
482 585 677 665 asperitate
691 582 996 665 perterrefaciens,
1017 583 1147 646 habitis
1171 585 1278 647 etiam
1293 585 1417 666 aliqui-

180 694 252 756 bus
268 691 417 773 publicis
437 692 678 769 concionibus,
699 691 842 754 tandem
869 702 947 771 post
967 689 1044 767 hos,
1065 708 1154 771 quos
1169 685 1356 770 dixidieS,
1378 694 1414 755 in

182 816 291 864 suam
314 800 527 863 sententiam
556 815 618 862 eos
649 798 770 862 uenire
799 798 980 877 compulit.
1012 797 1140 861 Mirum
1166 810 1219 861 est
1254 799 1418 878 profecto

180 916 357 988 quantum
364 906 540 969 Dominus
551 906 691 968 illorum
702 905 810 967 corda
823 904 1013 967 durissima
1025 905 1168 967 monitis
1180 904 1295 968 Patris
1310 909 1412 969 emol-

181 1014 292 1077 lierit.
309 1011 399 1077 Nam
414 1011 572 1076 efficacia
588 1012 697 1075 diuini
717 1011 828 1090 verbi,
848 1011 1019 1090 usquead
1040 1010 1250 1075 diuisionem
1271 1013 1417 1091 spiritus

182 1120 433 1201 pertingentia,
449 1119 616 1195 conuicti,
633 1135 672 1180 se
687 1128 779 1180 totos
795 1117 967 1180 uoluntati
983 1115 1097 1180 Patris
1112 1119 1350 1198 subiecerunt,
1366 1131 1414 1193 et,

183 1244 430 1307 quaecumque
444 1226 512 1288 sibi
528 1226 779 1305 praecepisset,
795 1223 995 1287 firmissime
1014 1225 1266 1288 obseruaturos
1281 1225 1415 1305 pollici-

184 1336 223 1412 ti,
241 1335 315 1397 iam
329 1333 431 1415 quasi
446 1349 548 1395 mora
563 1331 760 1411 defatigati,
777 1331 861 1411 quid
877 1349 914 1394 se
930 1331 1048 1394 lacere
1063 1333 1179 1410 vellet,
1196 1332 1291 1395 dicto
1307 1334 1415 1396 citius

184 1440 382 1518 executuri,
399 1439 639 1520 postulabant.
656 1437 762 1501 Pater
777 1455 837 1500 eos
853 1438 899 1500 ad
910 1438 1098 1501 ecclesiam
1113 1439 1338 1517 conuocauit,
1352 1441 1412 1503 ibi·

185 1564 254 1628 que
268 1563 413 1610 sacrum
426 1545 520 1623 fecit,
537 1547 648 1608 multa
663 1545 706 1608 de
725 1561 814 1625 pace
828 1546 1014 1625 praeclara
1028 1544 1128 1621 dixit,
1145 1554 1304 1608 mutuum
1320 1564 1414 1610 amo·

187 1671 263 1716 rem
275 1655 355 1733 illis,
367 1654 504 1716 habens
515 1654 551 1715 iu
563 1653 726 1715 manibus
737 1652 999 1715 sanctissimum
1011 1650 1142 1715 Christi
1157 1651 1305 1732 Corpus,
1319 1671 1410 1716 com-

189 1759 378 1824 mendauit.
395 1759 625 1839 Tandemque
639 1758 721 1822 fecit
736 1769 774 1821 ut
788 1775 919 1821 nouam
934 1757 1139 1835 amicitiam,
1155 1760 1191 1821 in
1207 1770 1417 1839 perpetuum

191 1868 354 1945 (Domino
368 1866 524 1944 volente)
537 1867 757 1943 duraturam,
771 1864 990 1944 amplexibus
1005 1865 1265 1928 confirmarent.
1279 1866 1416 1946 Magni-

195 1974 314 2039 ficetur
328 1991 416 2054 ergo
431 1972 617 2047 Dominus,
640 1973 700 2053 qui
720 1973 828 2035 multo
850 1973 995 2035 suauius
1016 1990 1074 2035 res
1092 1973 1192 2036 nouit
1213 1974 1413 2053 disponere,

199 2099 297 2160 quam
316 2099 382 2145 nos
401 2081 606 2144 homunculi
627 2079 781 2142 sciamus
806 2087 936 2158 petere,
960 2081 1016 2143 uel
1041 2080 1217 2159 possimus
1231 2090 1414 2160 exoptare.

201 2185 374 2268 Numquis
389 2204 522 2269 quaeso
538 2197 642 2264 esset,
665 2185 724 2265 qui
743 2197 817 2248 tam
837 2185 998 2248 foelicem
1023 2203 1226 2250 successum
1247 2204 1322 2251 rem
1341 2197 1416 2251 tam

208 2295 428 2371 periculosam
442 2294 643 2357 habituram
657 2295 713 2355 uel
729 2292 889 2355 crederet
903 2294 959 2355 uel
974 2295 1149 2373 speraret?

257 2400 320 2464 Vix
334 2401 439 2465 Pater
454 2401 522 2463 hoc
537 2417 627 2480 opus
642 2400 854 2476 absoluerat,
873 2415 953 2462 cum
965 2399 1277 2480 nunciusquidam,
1295 2419 1414 2483 aquo-

214 2504 278 2570 dam
290 2509 416 2588 populo
431 2507 634 2570 Fontinenti
649 2506 767 2568 uicino
783 2505 921 2584 missus,
940 2505 1156 2584 aduentauit,
1179 2507 1239 2588 qui
1256 2509 1415 2572 uniuersi

215 2615 310 2690 populi
323 2615 475 2691 nomine,
493 2612 589 2676 Patri
604 2611 750 2676 summis
764 2611 927 2691 precibus
942 2611 1164 2692 efflagitaret,
1188 2616 1294 2677 uellet
1308 2632 1413 2678 suum

217 2724 355 2797 populum
366 2722 477 2798 adire;
495 2721 610 2785 aiebat
625 2721 718 2783 enim
734 2736 867 2798 omnes,
884 2728 1056 2800 quotquot
1067 2722 1103 2783 in
1118 2738 1160 2785 eo
1173 2735 1285 2799 erant,
1303 2723 1416 2784 incre·

218 2822 292 2890 dilili
304 2828 417 2893 Patris
432 2827 599 2891 audiendi
614 2828 800 2908 desyderio
810 2827 932 2889 teneri.
949 2825 1056 2890 Pater
1067 2845 1138 2891 non
1152 2829 1265 2908 potuit
1277 2830 1416 2892 illorum

220 2931 269 3006 piis
285 2937 369 3000 uotis
384 2953 457 2999 non
472 2935 708 3014 acquiescere,
725 2946 799 2997 tum
819 2934 901 3014 quia
917 2934 988 2997 iam
1008 2934 1044 2997 id
1065 2935 1180 3013 ipsum
1206 2935 1293 2998 alias
1308 2937 1418 3015 petie·

220 3049 288 3118 taut,
301 3043 402 3124 quod,
420 3042 502 3123 quia
518 3059 588 3104 non
603 3053 779 3122 potuerat,
800 3043 853 3107 eis
874 3059 944 3105 non
970 3054 1213 3120 concesserat,
1238 3053 1312 3106 tum
1334 3044 1418 3123 quia

221 3156 356 3225 magnum
381 3148 463 3213 inde
478 3149 703 3213 commodum
724 3163 919 3230 reportare,
937 3166 1017 3213 cum
1037 3167 1099 3212 eos
1113 3151 1165 3212 sic
1185 3167 1270 3213 suae
1288 3150 1416 3214 doctri·

222 3263 270 3313 uae
282 3256 408 3320 uideret
422 3264 642 3336 appetentes,
663 3258 840 3336 sperabat.
864 3257 915 3321 Eo
937 3258 1055 3338 itaque
1080 3257 1150 3319 iam
1171 3256 1218 3320 ad
1237 3275 1299 3320 eos
1318 3275 1416 3321 acce·

222 3351 307 3442 dente,
322 3374 512 3444 antequam
527 3362 573 3425 ad
592 3364 759 3442 populum
781 3365 992 3443 peruenerit,
1014 3362 1100 3426 facti
1121 3375 1203 3426 sunt
1223 3364 1255 3426 ei
1275 3365 1419 3427 obuiam

223 3472 323 3549 latres,
344 3486 435 3551 quos
450 3469 586 3532 iuratos
607 3484 750 3548 vocant,
772 3471 903 3552 aliique
922 3471 1043 3551 populi
1063 3470 1243 3548 primates,
1261 3472 1418 3551 quicum

224 3576 347 3643 puerulis
361 3577 483 3640 multis
497 3577 704 3640 canentibus
723 3578 956 3640 christianam
978 3577 1178 3640 doctrinam
1200 3577 1319 3658 (quam
1343 3579 1417 3658 qui·

223 3668 310 3746 dame
323 3684 455 3747 nostris
469 3701 531 3746 eos
546 3684 753 3762 docuerant)
768 3693 994 3764 exceperunt.
1011 3684 1116 3764 Apud
1131 3701 1193 3747 eos
1213 3685 1336 3748 habuit
1350 3685 1418 3748 Pa-

224 3782 264 3843 ter
272 3790 381 3854 nescio
396 3807 487 3871 quas
502 3790 702 3869 conciones,
720 3807 821 3871 quae,
846 3800 883 3853 ut
903 3791 939 3852 in
960 3805 1097 3853 summa
1118 3791 1247 3869 dicam,
1265 3806 1335 3854 non
1356 3794 1418 3854 mi·

224 3899 273 3953 nus
282 3895 449 3961 iucundae
468 3897 553 3976 ipsis
569 3896 775 3961 acciderunt
790 3914 895 3978 quam
917 3897 1058 3962 fuerant
1073 3909 1274 3978 exoptatae.

266 3997 349 4067 litut
362 4003 409 4068 ad
422 4004 505 4082 alia,
527 4021 617 4084 quae
637 4003 680 4067 de
702 4005 781 4068 aliis
800 4005 962 4085 patribus
983 4016 1086 4084 gesta
1104 4016 1197 4085 sunt,
1219 4006 1419 4083 deueniam,

224 4092 276 4165 <flu
286 4120 398 4189 patres
412 4110 512 4174 missi
526 4119 608 4174 sunt
622 4111 668 4175 ad
683 4113 831 4192 populos
845 4111 1018 4192 quosdam
1029 4109 1204 4192 Sugurbio
1219 4113 1367 4193 uicinos,
1381 4126 1422 4178 ut

226 4201 352 4281 dlilinum
370 4217 520 4281 uerbum
538 4218 765 4293 seminarent,
786 4216 1028 4282 confessiones
1049 4219 1225 4297 audirent,
1254 4219 1421 4302 aliudque

227 4319 438 4405 quodcumque
448 4335 592 4404 possent
605 4324 777 4405 proximis
792 4325 963 4388 auxilium
978 4324 1158 4405 afferrent;
1174 4342 1327 4408 cumque
1349 4345 1423 4392 non

228 4430 334 4493 lauros
350 4428 488 4493 fructus
506 4429 543 4492 hi
561 4439 682 4510 patres
701 4431 938 4511 collegissent,
963 4431 1052 4494 adeo
1066 4431 1131 4495 luit
1152 4433 1220 4496 hoc
1244 4434 1423 4516 Episcopo

229 4517 362 4607 Stgurbii
376 4543 529 4616 gratum,
546 4546 585 4599 ut
600 4538 791 4601 asseruerit
806 4554 844 4600 se
865 4538 1016 4601 multum
1029 4539 1086 4601 uel
1106 4539 1174 4602 hoc
1190 4543 1266 4604 solo
1280 4543 1424 4605 nomine

228 4622 366 4704 Societati
381 4649 529 4706 nostrae
538 4642 678 4722 debere,
695 4644 942 4724 pollicitusque
955 4645 1001 4706 sit
1016 4645 1048 4707 ei
1064 4655 1207 4724 praesto
1219 4647 1423 4722 alluturum,

312 4754 345 4811 Τ.
359 4775 401 4811 ιιι.
1256 4776 1284 4832 Ι5
