3210 5392
599 430 663 488 Au.
687 429 756 488 1554
1259 426 1297 485 35

64 575 135 636 huc
156 575 216 655 qui
241 575 511 653 calumnientur,
538 574 798 655 patientiaeque
818 574 1003 637 materiam
1028 591 1098 636 non
1120 573 1296 639 modicam

66 681 242 746 immerito
257 683 463 761 praebeant,
479 699 550 745 non
562 682 674 744 solam
689 680 840 743 docendi
852 680 1037 755 rationem,
1054 679 1097 743 de
1112 697 1183 761 qua
1198 697 1296 760 prae·

66 789 164 867 cipui
185 799 267 852 sunt
293 788 489 864 conflictus,
516 786 590 864 sed,
614 789 643 851 si
670 787 754 867 quid
775 788 882 852 etiam
900 787 937 850 in
959 788 1091 851 ciuium
1110 789 1297 851 vtilitatem

66 894 217 973 edimus,
239 904 439 975 carpentes.
455 894 678 974 Quamquam
700 912 769 957 non
783 894 819 957 id
834 895 988 974 impune,
1004 895 1067 958 sed
1082 894 1176 958 vnde
1191 895 1297 958 maio·

69 1019 146 1065 rem
160 1002 226 1065 sibi
240 1002 381 1066 laudem
397 1019 608 1083 comparare
621 1002 713 1066 falso
723 1001 893 1081 iudicant,
911 1002 993 1067 hinc
1007 1003 1201 1083 turpiorem
1215 1020 1299 1066 non-

72 1109 157 1172 nulli
171 1109 334 1190 (quorum
349 1122 403 1172 est
418 1109 615 1173 authoritas
630 1110 778 1187 summa)
793 1110 1009 1189 ignominiae
1024 1120 1146 1174 notam
1161 1120 1299 1175 coutra-

74 1216 172 1279 hunt.
189 1215 367 1279 Adiiciam
382 1216 618 1296 ludimagistri
631 1217 814 1280 cuiusdam
830 1218 969 1296 insigne
984 1226 1215 1296 stratagema,
1232 1235 1301 1298 quo

74 1334 244 1402 quantum
266 1324 369 1386 nobis
388 1323 468 1387 fidei
488 1322 674 1387 detrahere
697 1333 750 1388 est
772 1333 931 1401 conatuS,
948 1333 1085 1387 tantum
1106 1324 1173 1387 sibi
1187 1325 1302 1404 acqui-

75 1431 157 1492 siuit
171 1430 397 1519 ignominiae.
415 1429 505 1493 Nam
521 1431 573 1508 (vt
588 1441 742 1508 caetera,
763 1449 807 1494 ne
832 1431 899 1493 sim
924 1431 991 1495 hac
1011 1431 1048 1494 in
1066 1448 1105 1494 re
1118 1431 1301 1511 prolixior,

77 1537 259 1615 omittam),
277 1553 358 1600 cum
373 1535 520 1617 Neapoli
541 1537 610 1600 hnc
633 1537 836 1615 adueniens,
860 1539 1079 1602 aemulorum
1101 1538 1238 1601 solicita
1254 1539 1303 1601 di·

81 1642 221 1722 ligentia
245 1645 471 1719 subornatus,
499 1644 641 1707 scholas
665 1653 808 1708 nostras
832 1645 977 1708 adiisset
999 1645 1242 1725 coepissetque
1268 1646 1303 1708 in

85 1750 309 1828 quorumdam
324 1767 542 1814 summorum
559 1752 719 1814 virorum
744 1759 948 1832 conspectu,
968 1752 1029 1832 qui
1048 1763 1131 1814 tunc
1156 1752 1303 1815 aderant
1342 1824 1346 1835 1

85 1857 393 1921 examinandorum
404 1857 657 1937 discipulorum
672 1860 800 1938 gratia,
814 1859 986 1933 foelicem,
1001 1869 1039 1922 vt
1051 1846 1301 1934 arbitrabatur,

93 1973 205 2028 nactus
229 1966 453 2029 occasionem
478 1965 640 2046 discipuli
665 1966 849 2030 cuiusdam
868 1966 1066 2047 epistolium
1087 1969 1216 2045 legere,
1243 1967 1304 2029 ini·

96 2070 170 2134 tium
191 2073 414 2152 reprehendit
433 2072 685 2152 imprudenter.
706 2072 827 2153 Neque
841 2073 934 2137 enim
959 2072 1030 2136 dici
1042 2090 1148 2153 posse
1163 2074 1305 2137 volebat

101 2180 216 2259 ·recepi
231 2180 447 2260 epistolam„
466 2181 585 2257 immo,
603 2180 696 2260 quod
712 2181 850 2260 turpius
868 2189 933 2257 est,
950 2181 1083 2244 nullum
1098 2181 1229 2244 latinae
1243 2181 1304 2244 lin·

101 2298 174 2359 guae
193 2286 376 2349 authorem
397 2287 447 2349 ita
461 2286 571 2350 fuisse
595 2289 761 2363 locutum,
789 2289 909 2351 nescio
932 2304 1001 2368 qua
1015 2287 1127 2351 fretus
1142 2288 1304 2364 audacia,

104 2401 282 2456 constanter
298 2394 492 2457 asserebat.
509 2393 619 2457 Cuius
634 2393 693 2456 vbi
715 2394 806 2456 ratio
829 2394 1065 2457 temeritatem
1084 2394 1305 2473 compressit,

106 2497 254 2563 volvimus
268 2500 452 2563 Ciceronis
472 2499 518 2563 ad
538 2499 697 2563 Atticum
714 2502 891 2580 epistolas,
915 2501 974 2563 ubi
989 2501 1166 2581 recepisse
1181 2518 1218 2563 se
1232 2501 1306 2563 lite·

108 2616 190 2667 raset
204 2607 371 2686 epistolas
385 2606 575 2670 fatebatur.
599 2606 701 2685 Quod
726 2624 807 2670 cum
826 2607 1033 2687 accepisset,
1051 2606 1167 2670 famae
1182 2623 1307 2670 consu·

109 2707 174 2787 lens,
186 2714 249 2776 alio
263 2730 313 2790 se,
330 2714 452 2776 relicta
470 2712 627 2791 Perusia,
644 2715 802 2776 contulit.
820 2713 937 2794 Atque
954 2715 1043 2777 haec
1058 2714 1101 2777 de
1116 2714 1252 2778 studiis.

156 2814 239 2894 Quae
254 2837 341 2883 vero
357 2820 402 2882 ad
417 2820 615 2899 spiritualia
630 2821 818 2900 pertinent,
835 2821 924 2884 haec
939 2821 1017 2884 istis
1031 2821 1140 2884 nihilo
1153 2831 1233 2884 sunt
1248 2822 1309 2883 mi·

112 2934 187 2986 nora.
208 2925 337 2989 Totum
363 2935 501 3007 tempus
529 2927 853 3007 quadragenarium
878 2936 1182 2990 sacramentorum
1202 2927 1310 2989 admi-

113 3027 284 3096 nistrationi
310 3043 604 3111 concessumst,
629 3052 672 3096 ex
695 3052 765 3114 quo
791 3052 861 3097 non
877 3051 1009 3114 paruus
1029 3035 1227 3097 animarum
1242 3033 1312 3096 fru-

110 3140 179 3199 ctus.
191 3138 287 3204 Multi
301 3141 474 3221 siquidem
481 3142 526 3204 ad
535 3142 718 3205 meliorem
729 3143 825 3204 vitae
835 3158 997 3205 normam
1009 3158 1087 3203 sese
1100 3141 1312 3219 redigentes

113 3241 217 3309 relictis
231 3247 420 3325 erroribus,
437 3247 578 3312 Christo
597 3249 846 3321 adhaeserunt,
863 3265 1014 3329 quorum
1038 3248 1168 3328 partim
1184 3247 1314 3310 adulte·

114 3343 302 3430 riis‚partim
318 3354 433 3431 furtis,
456 3356 598 3434 plurimi
618 3356 827 3437 capitalibus
849 3355 939 3418 odiis
961 3373 1003 3417 ac
1018 3355 1205 3432 diuturniS,
1222 3354 1314 3417 aliis·

113 3466 164 3527 que
181 3458 211 3522 id
229 3476 344 3538 genus
365 3461 557 3524 sceleribus
576 3463 731 3542 impediti
759 3463 899 3525 fuerant
922 3479 992 3541 quo
1014 3462 1128 3524 minus
1144 3479 1164 3524 a
1180 3461 1313 3537 decem,

115 3559 297 3643 quindecim,
321 3567 461 3646 viginti,
486 3568 591 3631 etiam
612 3569 757 3647 triginta
777 3570 879 3632 annis
899 3579 1205 3631 sacramentorum
1227 3569 1315 3630 salu·

116 3667 166 3728 tari
178 3674 285 3748 gratia
311 3673 523 3738 fruerentur.
541 3675 618 3738 Hoc
639 3676 716 3754 ipso
739 3687 897 3756 tempore
917 3677 1160 3739 adolescentes
1176 3675 1319 3737 circiter

116 3783 234 3857 septem,
251 3779 310 3859 qui
326 3781 459 3844 nostris
474 3782 742 3859 confitebantur,
760 3783 880 3846 diuino
896 3801 933 3845 se
949 3791 1042 3846 totos
1058 3782 1227 3861 obsequio
1250 3791 1320 3845 tra·

116 3873 221 3962 didere,
242 3905 287 3950 ex
310 3888 435 3967 quibus
457 3888 517 3950 alii
531 3899 612 3953 sunt
628 3890 835 3968 religionem
862 3890 1026 3967 ingressi,
1044 3888 1103 3952 alii
1120 3888 1212 3951 idem
1228 3905 1321 3950 asse·

117 3986 164 4059 <lui
174 3988 342 4056 festinant.
360 3994 534 4058 Effectum
548 4007 602 4060 est
617 3996 724 4059 etiam
741 4007 777 4058 vt
793 3996 1008 4071 sacerdotes
1026 3995 1152 4075 quibus
1167 3996 1211 4057 ob
1226 3995 1323 4058 vitae

117 4085 273 4163 insaniam
287 4100 402 4165 sacris
417 4111 494 4165 erat
509 4103 745 4179 interdictum,
763 4103 808 4166 ad
829 4103 979 4182 pristina
999 4101 1114 4165 officia
1129 4101 1225 4164 omni
1239 4109 1324 4163 nota

119 4207 235 4280 purgati
254 4207 537 4272 restituerentur.
560 4209 722 4291 Plerique
741 4210 873 4288 duplici
900 4227 1045 4273 carcere
1070 4208 1237 4288 exempti,
1265 4208 1326 4288 qui

120 4300 277 4377 vinculisa
292 4313 375 4377 R.d⁰
392 4315 537 4380 Vicario
553 4317 691 4382 liberati
707 4318 809 4381 nobis
832 4317 1060 4381 tradebantur
1077 4333 1158 4397 quo,
1176 4316 1326 4381 strictio·

121 4407 197 4479 ribus
208 4432 435 4499 peccatorum
449 4425 599 4487 nexibus
614 4425 730 4502 soluti,
741 4424 924 4488 liberiores
935 4423 1150 4488 incederent.
1167 4421 1255 4487 Sunt
1268 4423 1328 4503 qui

123 4517 227 4590 Peioris
240 4528 336 4592 vitae
348 4533 570 4594 correctione
585 4532 724 4596 animae
741 4533 873 4612 pariter
889 4541 923 4595 et
935 4532 1095 4611 corporis
1111 4531 1261 4593 salutem
1276 4545 1328 4591 re·

123 4633 323 4702 cliberarunt.
340 4634 451 4700 Porro
471 4639 536 4702 sub
556 4640 649 4703 diem
665 4638 894 4715 Parasceues,
911 4656 954 4701 ne
979 4638 1058 4719 quis
1073 4638 1147 4700 otio
1170 4645 1328 4713 vacaret,
