3210 5392
655 112 719 169 Aa.
742 111 811 168 1555
1293 111 1350 167 559

100 260 179 338 eta,
199 258 248 320 ita
260 258 402 320 fuerunt
414 257 629 336 perturbata,
644 267 681 317 vt
696 256 918 335 paucissimis
932 256 1074 332 (nostris
1087 255 1255 334 exceptis)
1269 271 1347 316 esse

96 366 295 448 potuerint
306 376 515 444 opportuna.
529 363 649 426 Nostri
661 375 778 425 tamen
791 381 861 425 non
874 364 989 425 minus
1001 362 1227 441 profecerunt
1239 379 1346 441 quarn

93 476 125 540 si
146 473 280 537 omnia
296 472 364 534 illis
379 471 529 534 fuissent
546 471 925 533 accommodatissima.

166 577 232 641 De
248 595 387 641 morum
403 587 520 640 autern
536 579 749 656 integritate,
768 579 862 639 vitae
878 579 1111 639 sanctimonia
1127 588 1161 640 et
1177 578 1348 641 virtutum

89 685 290 768 prosectu,
308 685 392 764 quid
408 685 628 764 potissimum
644 686 812 746 scribam?
827 683 969 746 Videbit
986 685 1036 761 (vt
1051 685 1167 764 spero)
1184 685 1225 747 R.
1249 685 1288 748 P.
1305 684 1345 747 T.

86 791 291 857 candidas
311 801 346 854 et
366 791 483 853 multis
505 791 675 853 virtutum
698 791 915 853 ornamentis
936 790 1124 853 decoratas
1145 793 1283 855 animas
1305 810 1348 854 ac

85 898 292 964 enutritas
306 900 398 960 lacte
414 898 654 976 pientissimae
670 898 805 973 Matris
823 899 868 960 ad
884 899 983 959 cuius
1002 899 1225 961 beatissimos
1241 899 1349 979 pedes

84 1008 314 1069 hauserunt
330 1007 485 1085 liquores
500 1007 641 1068 diuinae
661 1007 811 1084 gratiae.
833 1005 1001 1087 Jamvero
1017 1004 1141 1068 Patres
1156 1007 1266 1068 nostri
1283 1007 1350 1068 Re·

83 1113 241 1173 canati
265 1113 479 1175 uberrimam
507 1129 657 1174 messem
681 1113 900 1187 inuenerunt,
928 1130 1033 1191 quam
1060 1122 1177 1175 tamen
1203 1125 1349 1193 propter

84 1219 366 1294 operariorum
392 1221 576 1298 penuriam
598 1220 632 1281 in
652 1220 780 1280 horrea
802 1217 944 1281 Domini
965 1219 1094 1281 inferre
1116 1221 1258 1282 omnino
1279 1239 1350 1283 nou

85 1330 323 1397 potuerunt.
345 1325 467 1405 Neque
487 1326 579 1387 enirn
600 1326 716 1388 decuit
738 1326 975 1387 Lauretanam
995 1325 1136 1388 domum
1160 1328 1351 1389 sacerdoti·

87 1425 188 1489 bus
212 1435 350 1513 (quibus
366 1450 582 1512 magnopere
598 1437 695 1511 eget)
713 1433 855 1494 omnino
872 1433 1043 1511 spoliare,
1065 1451 1178 1512 neque
1193 1432 1351 1496 Recana-

87 1537 275 1604 tensium
291 1541 358 1620 piis
374 1540 466 1601 votis
487 1557 558 1601 non
578 1539 795 1601 satisfacere.
817 1538 965 1617 Vtrique
987 1539 1095 1616 igitur
1115 1541 1209 1618 parti
1231 1541 1351 1620 aliquo

90 1641 249 1710 saltem
264 1647 369 1710 modo
385 1656 438 1708 est
453 1645 683 1709 satisfactum.
702 1645 792 1708 Nam
808 1646 878 1708 duo
893 1655 953 1706 aut
969 1656 1040 1707 tres
1052 1663 1096 1707 ex
1114 1645 1274 1709 Patribus
1286 1647 1351 1709 Lo·

90 1746 186 1807 reti
219 1755 264 1816 ad
292 1754 571 1816 consolationem
598 1752 865 1832 peregrinorum
891 1763 1151 1830 remanserunt,
1179 1753 1239 1814 alii
1265 1771 1350 1816 vero

91 1858 204 1918 Cum
220 1858 259 1924 P.
276 1860 430 1923 Rectore
447 1861 453 1891 ¹
472 1859 769 1922 Recanatensium
786 1858 992 1935 commodis
1010 1876 1147 1921 summa
1163 1876 1243 1922 cum
1258 1860 1352 1922 aedi-

92 1946 299 2047 ficatione,
316 1968 571 2030 deseruierunt.
589 1966 679 2029 Nam
695 1965 843 2044 singulis
855 1964 978 2027 diebus
990 1961 1175 2030 dominicis
1190 1979 1223 2028 et
1238 1967 1352 2044 festiS,

90 2050 142 2118 5¹1
174 2067 265 2138 loco
291 2076 452 2154 publicae
477 2073 640 2136 concioni
666 2073 863 2149 designata
892 2082 972 2134 sunt
998 2073 1138 2136 habitae
1164 2075 1353 2137 conciones

93 2168 200 2237 eum
220 2199 355 2262 magno
372 2182 544 2260 applausu
561 2190 594 2243 et
612 2180 779 2242 mediocri
800 2197 974 2241 concursu
995 2182 1130 2259 populi:
1154 2181 1353 2244 doctrinam

93 2279 267 2364 q¹¹0que
281 2289 513 2352 christianam
528 2305 620 2349 vnus
635 2305 679 2349 ex
700 2287 831 2349 nostris
846 2286 1008 2348 Patribus
1023 2298 1075 2349 est
1091 2288 1270 2366 professus
1286 2289 1355 2351 sin·

89 2381 214 2488 gulis
236 2396 309 2458 sere
325 2394 459 2469 diebus,
477 2402 810 2473 perseuerassetque
826 2393 861 2454 in
877 2411 918 2454 eo
934 2395 1117 2469 exercitio,
1135 2395 1201 2456 nisi
1213 2396 1354 2473 grauio-

88 2487 151 2541 ΠΒ
171 2503 359 2565 momenti
376 2501 628 2580 occupationes
644 2500 876 2573 obstitissent,
895 2511 997 2577 prout
1018 2501 1165 2576 contigit
1180 2504 1354 2580 superiori

84 2573 361 2684 hebdomada,
378 2609 413 2671 in
430 2626 510 2687 qua,
524 2618 604 2686 post
615 2608 756 2669 iubilaei
768 2608 1050 2686 publicationem,
1065 2621 1184 2674 tantus
1195 2612 1260 2677 fuit
1273 2635 1354 2681 con·

80 2679 299 2780 fitentium
314 2734 493 2790 numerus
512 2728 549 2778 vt
565 2715 701 2777 mediae
717 2716 807 2794 parti
824 2715 1028 2778 satisfacere
1040 2735 1110 2779 non
1122 2724 1352 2802 potuerimus,

77 2801 251 2886 ⁰¹⁷¹¹1es
266 2824 358 2887 enim
374 2823 475 2885 nobis
491 2823 686 2884 voluissent
702 2822 875 2894 confiteri,
895 2834 1038 2901 propter
1058 2827 1351 2909 aestimationem,

74 2908 237 2995 quam
257 2932 300 2994 de
318 2931 421 2994 nobis
442 2940 690 3008 conceperunt.
716 2928 825 2990 Paces
843 2930 913 2990 illic
934 2948 1072 3010 quoque
1094 2937 1284 2998 nonnullae
1306 2938 1356 3000 fa·

70 3011 194 3088 ctae
224 3051 316 3117 sunt,
334 3048 368 3102 et
384 3039 537 3118 quinque
551 3036 793 3099 concubinarii
806 3037 944 3099 Christo
957 3049 1036 3100 sunt
1049 3039 1235 3106 lucrifacti.
1249 3042 1355 3106 Rece-

61 3120 259 3213 Peru„
272 3148 380 3210 etiam
396 3144 686 3208 consuetudinem
708 3144 909 3223 frequenter
928 3147 1227 3225 communicandi,
1249 3155 1357 3215 semel

64 3222 421 3332 Saltemsingulis
436 3252 625 3328 mensibus
643 3260 768 3313 contra
784 3252 1030 3314 nonnullorum
1051 3252 1199 3317 fratrum
1220 3257 1358 3335 inanes,

66 3328 133 3388 ΠΕ
160 3349 307 3424 (licam
322 3359 460 3438 impios,
476 3359 637 3420 latratus.
1249 3348 1250 3351 ¹
1271 3371 1275 3379 ·

162 3449 411 3547 Frequenter
435 3465 541 3528 etiam
567 3465 611 3526 ad
638 3463 855 3527 infirmorum
883 3464 1007 3527 domos
1032 3470 1265 3550 accersimur,
1291 3470 1356 3534 fre·

66 3541 296 3637 fluentius
312 3573 358 3636 ad
372 3572 514 3634 diuersa
529 3571 659 3650 templa
675 3571 885 3648 inuitamur,
903 3582 941 3632 vt
957 3575 1145 3637 multorum
1165 3577 1359 3656 confessio·

64 3646 172 3722 fleg
203 3681 407 3744 audiamus:
424 3678 585 3741 omnibus
601 3677 741 3738 interim
755 3677 961 3741 satisfacere
977 3695 1048 3741 non
1062 3682 1233 3745 valemus.

72 3842 81 3855 .
166 3770 337 3851 Fratres
353 3803 489 3865 quoque
504 3784 617 3847 nostri
632 3784 667 3845 in
682 3783 861 3845 coenobiis
876 3794 910 3846 et
930 3785 1008 3847 aliis
1028 3789 1180 3866 templis,
1198 3790 1355 3868 quinimo

69 3861 127 3978 ¹¹¹·
150 3892 305 3958 mediis
319 3893 456 3973 plateis,
473 3890 674 3970 frequenter
688 3890 953 3967 concionantur,
968 3891 1017 3954 ita
1029 3902 1068 3954 vt
1079 3895 1268 3974 aliquando
1284 3915 1356 3960 vno

113 3983 168 4042 ιθ
201 4002 362 4082 quinque
381 4006 442 4061 aut
462 4014 526 4061 sex
545 3996 687 4059 habitae
707 3997 776 4058 sint
801 3998 1011 4077 conciones,
1039 4017 1108 4062 non
1128 4000 1204 4064 sine
1223 4020 1357 4083 magno

102 4085 248 4171 ¹'netu
263 4117 299 4171 et
313 4106 417 4170 huius
431 4104 552 4186 populi
568 4101 822 4166 aedificatione.
839 4103 919 4166 Duo
935 4122 1073 4185 quoque
1088 4125 1132 4170 ex
1147 4111 1278 4172 nostris
1295 4109 1362 4173 Pa-

94 4223 348 4278 N...—

161 4331 177 4366 ¹
215 4349 240 4391 Ρ.
253 4348 369 4393 Olli-erio
380 4348 502 4393 Manareo
