3210 5392
674 432 739 493 Au.
760 430 831 492 1555
1308 429 1371 490 329

168 567 295 643 tium
308 575 413 641 huius
426 580 548 660 templi
562 579 736 658 canonici,
752 579 812 660 qui
826 579 863 642 in
877 577 1007 642 diuinis
1027 576 1150 640 officiis
1169 575 1360 639 admodum

167 685 233 742 sunt
244 685 411 765 occupati,
428 693 502 750 tum
524 687 678 751 maxime
701 687 785 768 quia
806 684 963 766 quotidie
986 684 1132 748 audiunt
1154 684 1360 746 conciones.

157 771 264 853 lectio
277 808 360 854 uero
375 808 523 857 casuum
538 793 775 858 conscientiae
789 794 963 857 hactenus
977 792 1138 856 inchoari
1152 809 1223 853 non
1235 790 1369 869 potuit,

147 898 284 975 propter
298 898 469 963 librorum
483 900 679 980 penuriam,
703 918 773 982 qua
789 900 961 963 hactenus
982 898 1236 962 laboranimus.
1261 896 1361 976 Quae

138 1002 199 1058 fes
212 1005 317 1068 etiam
331 1006 403 1069 alia
417 1007 648 1072 humanitatis
660 1007 777 1071 studia
792 1025 863 1071 non
878 1006 1102 1070 mediocriter
1117 1004 1312 1084 impediuit.

196 1104 344 1176 Fratres
368 1130 456 1177 uero
477 1111 555 1178 Deo
576 1123 612 1178 et
632 1113 834 1179 hominibus
859 1123 940 1178 sunt
964 1112 1125 1193 gratiosi;
1153 1129 1224 1175 non
1249 1111 1367 1173 solum

123 1208 234 1280 essim
249 1219 397 1298 publicis
411 1221 728 1300 exhortationibus,
744 1221 894 1301 priuatis
905 1220 1146 1296 concionibuS,
1160 1229 1194 1281 et
1206 1217 1285 1280 aliis
1294 1217 1367 1279 uir-

118 1311 256 1388 tutum
269 1327 452 1406 exemplis,
468 1344 507 1391 se
521 1344 659 1392 summo
674 1327 816 1391 feruore
836 1335 1016 1405 exercent,
1043 1324 1226 1390 sedetiam
1242 1325 1279 1386 in
1293 1330 1368 1386 stu-

109 1410 199 1484 diis
217 1431 298 1496 sine
312 1432 413 1496 libris
425 1433 530 1514 (quod
544 1433 672 1498 mirum
686 1443 740 1498 est
754 1434 863 1512 dictu)
879 1434 928 1496 ita
940 1433 1138 1513 proficiunt,
1153 1441 1190 1494 ut
1205 1431 1284 1494 loco
1303 1429 1372 1491 mi·-

102 1531 255 1601 racupi
277 1548 313 1603 et
335 1539 529 1622 singularis
549 1539 618 1605 Dei
640 1541 833 1606 Genitricis
853 1539 1032 1620 priuilegii
1049 1539 1234 1603 habeatur.
1259 1535 1371 1603 Domi.

94 1630 300 1740 Priuatas
315 1646 464 1712 audiunt
477 1649 659 1727 lectiones,
683 1654 899 1728 componunt
913 1646 1105 1720 orationes,
1122 1645 1207 1707 etin
1221 1641 1371 1723 graecis

92 1725 254 1815 llteris
265 1770 338 1817 non
351 1770 479 1835 pamm
493 1754 694 1836 proficiunt.

181 1849 334 1923 Omnes
348 1870 466 1924 autem
478 1861 528 1925 ita
543 1878 582 1925 se
602 1860 941 1942 irreprehensibiles,
962 1858 1141 1922 feruentes
1162 1867 1196 1921 et
1218 1857 1367 1920 deuotos

82 1950 321 2046 exhibent,
336 1975 376 2030 ut
389 1967 427 2031 in
441 1966 510 2031 Dei
527 1968 670 2033 laudem
694 1976 729 2033 et
747 1968 803 2031 sui
826 1966 1098 2031 admirationem
1118 1965 1276 2028 omnium
1294 1963 1369 2027 ani=

77 2056 212 2166 ¹¹}08
234 2074 426 2153 concitent,
447 2074 562 2155 sitque
587 2076 829 2139 necessarium
853 2083 1044 2154 conceptos
1069 2072 1229 2136 feruores
1249 2069 1367 2151 potius

74 2144 339 2245 ‘¹¹1ninuere
353 2198 461 2262 quam
475 2198 619 2262 augere.

173 2273 267 2351 Hic
281 2287 379 2352 domi
393 2304 517 2352 omnes
530 2288 567 2351 in
582 2289 791 2353 humilitatis
806 2286 931 2352 officiis
945 2305 1009 2369 per
1024 2286 1122 2350 uices
1136 2302 1175 2348 se
1186 2291 1373 2348 exercent:-

66 2356 457 2473 ¹auantscute11as,
474 2394 675 2458 ministrant
699 2394 843 2472 mensis,
866 2404 901 2458 et
915 2391 1244 2458 mortificationibus
1259 2391 1369 2453 inten-

63 2463 238 2594 d'Jnt,
252 2502 429 2582 pluraque
448 2500 604 2580 quotidie
619 2501 778 2565 iacerent
792 2501 861 2564 nisi
876 2500 1031 2564 discreta
1046 2498 1246 2563 obedientia
1262 2496 1370 2575 impe-

62 2571 243 2671 αἰτεῖ.

173 2703 284 2779 Post
295 2713 425 2779 Natale
435 2715 579 2779 Domini
594 2714 652 2779 hic
667 2715 870 2795 accepimus
882 2714 1073 2778 iubilaeum
1086 2730 1152 2793 pro
1168 2711 1371 2789 Anglorum

59 2800 377 2885 0011uersione
390 2839 412 2884 a
426 2820 571 2886 Summo
586 2820 755 2886 Pontifice
770 2822 954 2885 indultum.
975 2819 1014 2885 In
1035 2837 1078 2884 eo
1093 2828 1210 2883 autem
1233 2825 1377 2880 nostro-

59 2909 219 3013 {Tun
243 2928 399 3009 impulsu
419 2926 595 2993 Dominus
620 2928 847 2993 Gubernator
871 2928 1055 3007 egregium
1075 2924 1201 2990 orandi
1226 2923 1371 2987 modum

61 3017 304 3100 ²1¹8tituit.
331 3033 423 3099 Nam
446 3044 527 3116 post
546 3035 721 3100 celebrem
740 3035 1015 3115 processionem,
1043 3039 1285 3097 conuenerunt
1307 3048 1370 3111 per

63 3116 296 3206 triduum
312 3141 383 3205 uiri
395 3159 459 3223 per
472 3157 581 3206 unam
595 3142 721 3206 horam
736 3158 851 3218 mane,
868 3151 902 3204 et
924 3140 1090 3204 mulieres
1103 3156 1168 3220 per
1183 3139 1292 3202 aliam
1311 3137 1371 3200 ho·

68 3234 223 3311 fam
235 3266 257 3312 a
270 3247 436 3331 prandio,
444 3248 481 3312 in
492 3248 759 3313 deuotissimum
767 3247 975 3327 oratorium,
987 3245 1034 3310 ad
1046 3247 1116 3310 tale
1127 3261 1255 3309 munus
1266 3243 1373 3323 digne

74 3343 409 3436 praeparatum,
418 3364 453 3419 et
464 3354 688 3421 Sanctissimi
702 3354 925 3420 Sacramenti
935 3354 1140 3436 praesentia
1151 3353 1376 3421 decoratum«

192 3456 336 3526 Missae
350 3471 434 3526 sunt
447 3463 556 3527 etiam
570 3480 635 3543 per
658 3480 781 3527 omnes
802 3461 927 3526 domos
947 3461 1150 3540 schedulae,
1174 3460 1303 3540 quibus
1317 3477 1373 3522 ra·

94 3547 180 3619 ti0
207 3567 392 3633 obtinendi
407 3568 549 3632 iubilaei
563 3569 720 3649 gratiam
739 3568 1000 3647 continebatur,
1017 3585 1061 3632 ne
1076 3567 1203 3649 cuique
1225 3582 1372 3629 excusa·

106 3655 255 3738 tionis
266 3683 330 3740 aut
343 3674 571 3755 ignorantiae
592 3676 691 3739 locus
707 3674 975 3756 relinqueretur.
994 3673 1039 3739 Et
1058 3674 1141 3756 quia
1162 3691 1234 3737 non
1249 3687 1373 3735 omnes

117 3767 181 3832 ad
204 3785 280 3845 tam
294 3781 435 3845 celebre
450 3780 654 3845 conuiuium
669 3789 853 3860 uenerant,
869 3781 1011 3844 iuerunt
1025 3780 1139 3845 nostri
1149 3796 1213 3860 per
1229 3778 1328 3841 uicos
1340 3785 1375 3840 et

124 3872 285 3986 plateas
298 3896 338 3952 ut
362 3888 612 3969 compellerent
628 3887 836 3951 claudorum
850 3896 886 3951 et
899 3903 1097 3968 pauperum
1114 3883 1377 3949 multitudinem

132 3989 293 4060 mttere.
317 3994 483 4076 Quinimo
504 4012 567 4075 per
582 4011 685 4074 sepes
701 4003 735 4058 et
754 3994 833 4057 uias
858 4003 1039 4058 errantem
1057 3991 1201 4056 Domini
1225 4006 1378 4071 gregem

135 4077 417 4181 illquisiuerunt,
433 4101 603 4183 missique
618 4109 699 4164 sunt
713 4118 758 4164 ex
772 4101 904 4164 nostris
913 4100 1085 4179 nonnulli,
1101 4100 1161 4181 qui
1172 4108 1298 4179 portus
1308 4095 1375 4160 Re-

136 4199 352 4304 cenetensis
364 4207 501 4272 incolas
515 4207 562 4272 ad
577 4216 714 4273 tantam
733 4207 879 4271 Domini
903 4207 1152 4271 liberalitatem
1171 4205 1380 4282 inuitarent,

136 4305 271 4391 SlQque
284 4312 448 4378 effectum
462 4323 528 4394 est,
543 4324 581 4378 ut
595 4313 706 4378 multo
731 4315 851 4395 plures
864 4312 915 4377 2.·
937 4313 1116 4378 dominica
1134 4329 1240 4394 quam
1261 4311 1379 4391 prima

138 4403 253 4483 tanto
265 4418 436 4485 beneficio
450 4419 663 4484 fruerentur.

165 4608 177 4623 ·
216 4521 388 4592 statutum
401 4535 455 4591 est
469 4527 578 4591 etiam
591 4537 629 4591 ut
643 4527 759 4608 prima
783 4526 962 4591 dominica
981 4526 1259 4605 uniuscuiusque
1281 4541 1380 4587 men·

146 4625 208 4685 ⁵¹8
222 4635 412 4699 celebretur
426 4631 578 4697 officium
593 4634 637 4699 de
651 4633 884 4698 Sanctissimo
899 4631 1143 4707 Sacramento,
1156 4633 1287 4712 fiatque
1298 4649 1379 4711 pro·
