3210 5392
753 449 817 508 Art.
840 449 909 508 1555
1389 442 1445 500 23>

252 594 424 658 inuenerunt
455 594 672 676 Episcopum
701 594 975 677 Algarbiensem
1001 592 1021 670 ¹,
1050 609 1225 656 summum
1258 590 1440 670 inquisito-

254 717 318 780 rem,
333 701 385 782 qui
399 712 549 765 venerat
573 720 682 766 causa
706 703 804 783 ipsos
818 702 973 765 videndi.
990 700 1148 781 Vterque
1168 707 1221 762 est
1246 699 1358 761 nostri
1383 714 1441 759 cu·

253 808 417 887 pidissimus
446 826 490 871 ac
509 809 794 872 amantissimus:
819 809 915 889 cupit
937 818 1084 888 uterque
1110 808 1145 869 in
1167 823 1232 868 sua
1255 804 1440 885 prouincia

252 913 408 995 Collegium
437 915 626 979 aedificare
655 925 846 998 petuntque
871 934 892 978 a
922 916 1024 979 nobis
1056 914 1251 994 operarios.
1278 911 1441 975 Accersi-

253 1030 293 1084 tus
308 1033 350 1086 est
366 1023 486 1086 statim
510 1023 548 1086 P.
564 1022 721 1105 Joannes
744 1023 895 1101 Nonius,
923 1022 982 1103 qui
1001 1021 1264 1086 conimbricam
1288 1019 1440 1095 abierat,

252 1127 294 1190 rbi
305 1127 466 1194 Dominus
478 1131 577 1194 illum
592 1131 731 1211 excepit
746 1130 871 1194 morbo
886 1129 1097 1210 gratificet
1112 1145 1183 1190 non
1198 1126 1373 1189 diuturno:
1391 1143 1441 1187 re-

253 1232 297 1297 diit
314 1238 464 1316 protinus
494 1240 599 1319 plane
624 1237 871 1301 confirmatus:
899 1244 1083 1316 comparat
1107 1252 1145 1297 se
1171 1234 1218 1297 ad
1242 1232 1445 1296 faciendam

253 1342 472 1417 professionem
487 1345 757 1408 conuenientem
782 1342 1093 1407 constitutionibus
1108 1341 1131 1401 ¹.
1149 1340 1257 1404 Venit
1271 1339 1308 1403 P.
1325 1338 1443 1402 Miron

253 1461 303 1510 non
314 1452 413 1515 mrito
431 1460 512 1532 post
527 1451 720 1515 ualentior:
736 1450 903 1514 conuenit
924 1466 1061 1530 regem,
1078 1448 1134 1511 cui
1149 1448 1238 1510 dixit
1253 1457 1291 1509 vt
1314 1446 1444 1508 scribe·

252 1562 290 1615 ret
299 1573 345 1620 res
361 1559 587 1622 necessarias
606 1557 820 1638 profecturis
839 1556 884 1621 ad
905 1556 1101 1620 Pretiosum
1114 1555 1304 1637 Joannem:
1321 1554 1356 1616 id
1376 1553 1444 1615 hoc

252 1664 375 1742 tenpore
399 1675 513 1729 curat.
539 1663 731 1746 Speremus
755 1663 960 1746 propediem
982 1662 1170 1739 affuturoS,
1187 1662 1246 1741 qui
1267 1670 1349 1722 sunt
1369 1661 1446 1723 mit·

249 1768 320 1833 leudi
332 1789 373 1835 ex
387 1771 563 1852 Hispania
579 1771 746 1836 citeriori.
762 1771 948 1834 Nostrates
964 1771 1034 1833 iam
1049 1778 1130 1831 sunt
1145 1767 1263 1844 electi,
1280 1765 1444 1846 quemad-

246 1873 361 1942 modum
385 1879 511 1942 literae
535 1889 617 1943 tuae
648 1878 787 1942 docent.
811 1878 924 1941 Huius
947 1877 1000 1941 rei
1024 1893 1132 1940 causa
1158 1874 1291 1937 factum
1316 1883 1369 1936 est
1391 1891 1445 1936 sa·

243 1976 388 2048 orificium
412 1986 471 2049 hic
496 1994 530 2048 et
555 1986 591 2049 in
615 1984 785 2066 Collegio
813 1984 850 2048 P.
865 1986 1021 2067 Joannes
1039 1983 1175 2046 Nonius
1201 1993 1234 2047 et
1255 1981 1448 2045 Carnerius

240 2078 460 2172 efflagitabant
481 2093 606 2157 doctos
626 2093 845 2173 caeterisque
865 2091 1000 2154 artibus
1027 2090 1223 2170 praeditOS,
1241 2088 1299 2170 qui
1320 2088 1368 2150 illi
1393 2105 1448 2150 re·

233 2186 320 2260 iloni
333 2198 545 2263 conducunt.
562 2198 798 2279 Congregatis
813 2209 947 2279 septem
962 2196 1126 2261 Patribus
1140 2214 1263 2260 coram
1278 2195 1316 2258 P.
1329 2192 1448 2276 M[iro·

234 2296 287 2379 ne]
316 2316 347 2369 et
374 2306 512 2390 Joanne
537 2306 667 2383 Nonio,
694 2307 797 2370 electi
821 2315 903 2370 sunt
928 2305 965 2368 P.
993 2304 1171 2369 Antonius
1195 2304 1239 2366 de
1268 2301 1449 2382 Quadros,

227 2390 253 2459 Ρ·
279 2406 488 2476 Emmanuel
507 2413 731 2492 FernanduS,
754 2422 860 2494 atque
879 2412 1007 2475 Frater
1028 2411 1211 2474 Pascualis
1228 2408 1251 2469 ³.
1272 2409 1380 2472 Plane
1399 2410 1451 2472 vi-

223 2499 348 2582 dentur
372 2520 495 2583 diuino
520 2520 669 2583 consilio
693 2520 812 2598 electi,
829 2519 969 2599 vtrique
993 2518 1086 2580 enim
1110 2518 1203 2597 parti
1228 2516 1451 2579 satisfactum

218 2620 284 2683 est,
305 2624 393 2689 Nam
408 2627 573 2708 quamuis
588 2625 625 2690 P.
642 2625 819 2690 Antonius
835 2626 878 2688 de
900 2624 1064 2704 Quadros
1084 2624 1179 2687 omni
1201 2625 1373 2686 virtutum
1392 2640 1450 2701 ge·

213 2726 319 2805 nere,
335 2733 508 2812 singulari
530 2733 744 2811 eruditione,
762 2732 918 2811 ingeni0,
935 2730 1082 2809 viribus,
1099 2729 1278 2810 praeditus
1295 2731 1358 2808 sit,
1379 2748 1451 2792 non

209 2824 340 2901 tarnen
359 2838 507 2920 perinde
528 2841 678 2904 sentitur
700 2839 777 2903 eius
795 2839 990 2915 discessus,
1007 2855 1088 2900 cum
1110 2837 1145 2899 in
1167 2837 1369 2916 praesentia
1391 2854 1452 2898 va·

206 2937 313 3008 cllus
334 2956 428 3009 esset
454 2946 499 3009 ab
525 2947 688 3011 omnibus
712 2946 877 3026 negotiis.
893 2944 1044 3008 Videtur
1066 2944 1240 3007 Dominus
1265 2960 1344 3006 eum
1369 2943 1451 3005 huic

202 3045 365 3127 llegotio
399 3053 612 3131 destinasse,
647 3052 741 3132 quod
773 3051 811 3116 P.
840 3051 999 3134 Joannes
1031 3050 1259 3113 vehementer
1293 3049 1450 3129 optabat.

198 3129 235 3201 P·
269 3152 486 3222 Emmanuel
506 3159 716 3222 Fernandus
740 3158 952 3223 versabatur
967 3159 1003 3220 in
1024 3156 1292 3236 probationibus
1314 3155 1452 3220 Conim-

196 3236 358 3345 bl‘icae;
379 3265 532 3330 necdum
552 3264 641 3328 duos
661 3283 775 3329 annos
795 3265 1009 3330 confecerat.
1027 3264 1177 3327 Videtur
1199 3272 1304 3326 natus
1329 3263 1375 3326 ad
1395 3280 1455 3326 res

192 3362 485 3436 ecclesiasticas
509 3382 543 3435 et
559 3372 672 3436 officia
698 3374 881 3436 solemnia.
903 3373 1107 3453 Antequam
1133 3382 1226 3435 esset
1248 3372 1450 3449 ingressuS,

189 3449 339 3542 fuerat
351 3479 496 3543 functus
509 3480 664 3560 quodam
678 3497 824 3544 munere
840 3481 877 3543 in
895 3480 1025 3560 templo
1042 3480 1196 3542 maximo
1211 3478 1361 3542 Eborac.
1379 3476 1450 3539 Au·

190 3627 440 3667 k-

245 3743 271 3779 ’
303 3755 425 3807 Joennem
433 3756 466 3799 de
476 3754 560 3800 Mello.

247 3816 279 3851 ἱ
305 3826 492 3872 Professionem
502 3838 564 3870 vere
575 3827 659 3871 emisit
668 3827 697 3871 P.
708 3826 819 3880 Joannes
830 3828 917 3873 Nunes
927 3829 968 3873 die
978 3830 1014 3873 8.·
1024 3829 1185 3885 Septembris
1195 3828 1255 3872 unni
1273 3827 1333 3871 libi.
1344 3825 1454 3878 Quomo-

179 3879 228 3978 ιο
257 3889 345 3950 luitur
359 3910 452 3943 verum
466 3906 507 3943 est
517 3899 584 3953 quod
594 3899 636 3942 iiic
647 3900 685 3942 uit
701 3899 730 3942 P.
747 3899 871 3953 Silveira,
885 3902 993 3954 scilicet,
1010 3901 1115 3946 Patrem
1131 3901 1225 3954 Nunes,
1241 3900 1380 3953 incipiente
1394 3898 1449 3951 jum

179 3950 294 4053 e{¹¹10
303 3970 359 4025 1555,
369 3983 397 4015 se
407 3980 562 4025 comparere
573 3970 606 4014 ud
617 3971 802 4024 professionem
812 3972 1047 4017 constitutionibus
1058 3973 1198 4017 societatis
1208 3969 1405 4015 convenientem
1416 3968 1455 4012 iu·

213 4028 351 4084 ‘nieme
365 4040 431 4086 Huic
449 4040 595 4084 difficultati
613 4041 707 4096 duplex
723 4042 828 4086 videtur
844 4045 989 4098 excogitari
1001 4056 1074 4099 posse
1086 4054 1245 4098 responsum.
1264 4043 1317 4086 inm
1327 4039 1454 4094 scriptum

181 4096 241 4193 ἐι
249 4111 296 4153 nc
303 4112 425 4167 epistolae
435 4117 539 4167 partem
549 4112 628 4156 fuisse
636 4119 697 4157 unte
706 4113 762 4156 sm
770 4113 939 4169 Septembris;
949 4115 1005 4158 iam
1015 4126 1160 4160 sermonem
1171 4115 1213 4158 hic
1223 4125 1280 4157 esse
1291 4123 1339 4156 non
1351 4110 1382 4154 de
1395 4121 1457 4166 pro·

183 4233 194 4263 e
221 4176 333 4226 *tione
341 4185 445 4239 proprie
452 4183 532 4239 dictu,
539 4184 584 4228 sed
594 4185 625 4228 de
633 4185 702 4228 votis
709 4185 876 4240 simplicibus,
884 4197 950 4241 qune
961 4198 977 4230 u
986 4187 1112 4230 Professis
1121 4194 1178 4242 post
1188 4187 1259 4230 iliam
1270 4185 1456 4240 professionem

203 4240 263 4287 ’Π
271 4251 386 4300 ittuntur.
397 4255 478 4300 Nobis
488 4256 537 4300 hoc
552 4256 692 4300 secundum
702 4258 804 4301 omnino
816 4259 950 4312 probetur,
961 4266 1013 4303 turn
1024 4271 1085 4315 quia
1095 4259 1120 4303 in
1138 4270 1208 4302 more
1219 4259 1331 4313 positum
1342 4257 1455 4311 quando·

185 4303 281 4364 (ωε
293 4325 337 4370 fuit
348 4328 400 4372 iilis
411 4328 571 4382 temporibus
581 4333 644 4372 vota
654 4328 718 4372 haec
729 4329 857 4383 simplicia
868 4331 1020 4384 quibusdam
1035 4339 1080 4374 aut
1093 4331 1182 4375 diebus
1192 4336 1238 4374 aut
1255 4331 1385 4374 mensibus
1398 4336 1457 4383 post

188 4375 410 4441 ⁹'0iemionem
420 4399 543 4442 emissum
552 4400 731 4454 pronuntiare,
740 4407 769 4443 ut
779 4401 946 4456 autographa
960 4403 1016 4456 ipsa
1028 4404 1124 4457 legenti
1140 4409 1223 4456 putet,
1235 4409 1289 4445 tum
1301 4402 1382 4444 etiam
1393 4400 1456 4455 quia

193 4436 347 4546 {hiemi
356 4469 478 4513 indicium
486 4469 552 4513 eutis
562 4470 701 4529 venemens
712 4473 837 4525 praebere
847 4472 893 4516 iiia
904 4475 986 4516 verba
998 4475 1121 4518 videntur
1136 4474 1340 4517 convenientem
1356 4473 1456 4516 Consti·

218 4526 450 4585 ⁸“torribus-De
465 4541 506 4585 iris
516 4543 591 4596 plura
601 4553 658 4587 cum
670 4541 833 4598 Catslogum,
851 4543 906 4587 Deo
922 4547 1035 4599 volente,
1052 4548 1158 4590 edemus
1173 4546 1294 4598 omnium,
1310 4546 1352 4599 qui
1364 4544 1455 4588 Sancti

226 4601 324 4655 tuitii
334 4618 448 4669 tempore
459 4612 617 4659 Societatem
628 4614 738 4668 ingressi
750 4616 862 4660 fuerunt.

278 4677 289 4710 ⁸
311 4681 442 4729 Pascualis
452 4684 622 4741 Catelaunos,
633 4687 670 4731 sic
681 4686 767 4732 dictus
777 4697 793 4731 n
804 4686 968 4741 catalaunis,
979 4689 1022 4733 ubi
1032 4691 1143 4744 primum
1153 4692 1237 4735 lucem
1247 4691 1360 4734 viderat.
