3210 5392
621 458 681 512 ΑΝ.
705 456 773 513 1555
1251 457 1306 515 609

90 603 215 679 reuolo,
232 601 351 664 animo
366 618 549 680 quousque
565 600 729 664 Patribus
752 601 884 663 nostris
899 602 961 665 otii
977 601 1110 682 aliquid
1126 613 1300 682 suppetat;

90 708 252 770 recedunt
274 708 416 770 tandem
434 708 480 770 ad
498 707 750 770 eucharistiam
769 725 840 770 non
862 725 941 770 cum
963 709 1098 771 minore
1120 708 1304 772 affectione

90 816 207 877 nentis
221 828 256 877 et
272 826 499 894 peccatorum
515 832 660 877 suorum
676 815 897 891 contritione,
916 832 1022 893 quam
1036 816 1172 896 reliqui.
1191 815 1303 878 Voca-

92 922 103 983 i
118 919 243 983 Patres
258 937 387 999 aegros
402 922 557 983 inuisunt
574 922 784 1000 frequenter,
802 937 863 983 eos
875 921 1034 998 audiunt,
1048 931 1082 983 et
1095 922 1219 985 amicis
1230 939 1304 985 uer·

90 1030 131 1090 iis
146 1028 337 1090 morientes
353 1026 562 1090 confirmant
577 1039 611 1089 et
627 1027 864 1101 consolantur,
882 1044 1033 1107 quorum
1052 1037 1173 1091 tantus
1187 1046 1305 1092 nume·

90 1154 139 1198 us
154 1145 219 1211 est,
237 1146 274 1198 ut
289 1136 447 1197 nonnulli
462 1144 585 1197 nostro
608 1134 816 1213 patrocinio,
833 1135 934 1197 nobis
949 1135 1082 1213 inuitis,
1104 1138 1306 1199 necessario

90 1244 298 1318 leserantur,
315 1259 422 1320 quam
437 1244 616 1320 repulsam
631 1241 747 1303 minus
768 1243 916 1303 moleste
931 1241 1058 1320 ferunt,
1080 1251 1114 1304 et
1134 1242 1305 1305 inuetera·

91 1367 134 1411 ae
149 1358 293 1411 nostrae
309 1348 573 1411 consuetudinis
585 1357 619 1410 et
629 1348 831 1426 urgentium
845 1349 1117 1427 occupationum
1129 1367 1200 1411 non
1212 1350 1307 1428 igna-

90 1458 118 1519 ·i.
137 1455 280 1535 Quanta
296 1471 381 1517 uero
397 1455 442 1516 sit
456 1455 584 1517 horum
599 1454 782 1517 hominum
797 1454 853 1532 (de
870 1455 996 1535 quibus
1016 1473 1126 1535 nuper
1142 1456 1303 1534 agebam)

90 1565 193 1626 netas
205 1562 399 1637 etdeuotio‚
417 1561 602 1639 egregium
614 1561 798 1624 cuiusdam
810 1561 948 1624 facinus
960 1561 1100 1624 uidetur
1112 1562 1305 1638 declarare,

90 1672 138 1751 qui
154 1687 236 1732 cum
254 1686 325 1731 non
346 1669 492 1730 haberet
512 1667 595 1747 quid
614 1683 764 1746 erogare
783 1678 914 1747 posset,
937 1668 1119 1744 subucula,
1142 1686 1213 1748 qua
1232 1679 1308 1731 erat

93 1778 235 1852 ndutus,
245 1776 445 1839 mendicum
457 1773 657 1854 quemdam,
671 1792 774 1854 opem
786 1785 820 1837 et
832 1775 1003 1838 auxilium
1016 1786 1203 1854 petentem,
1219 1778 1308 1839 miro

90 1883 234 1964 quodam
249 1899 369 1945 amore
384 1881 540 1944 donauit.
555 1881 655 1960 Quae
669 1899 756 1944 sane
767 1899 823 1944 res
836 1880 1005 1944 indicauit
1020 1892 1238 1962 quantopere
1250 1884 1307 1946 ille

90 2009 116 2052 n
137 1991 205 2052 hac
225 1989 376 2068 spiritali
399 1989 458 2050 uia
478 1987 697 2068 profecisset.
724 1987 912 2051 Caeterum
932 1989 1180 2067 quamplurimi
1200 1987 1305 2052 domi-

90 2097 171 2160 licis
186 2095 309 2157 diebus
328 2095 548 2174 caeterisque
562 2094 662 2157 festis
682 2094 869 2157 ecclesiam
890 2103 1048 2157 nostram
1069 2095 1306 2175 frequentant,

90 2204 273 2266 :onciones
288 2203 367 2264 illas
382 2201 547 2277 audituri,
565 2201 691 2280 quibus
705 2201 912 2264 scholastici
927 2218 1050 2263 omnes
1065 2219 1162 2265 more
1174 2203 1309 2266 institu-

90 2326 188 2390 :oque
204 2319 326 2372 nostro
342 2308 574 2370 christianam
588 2306 788 2370 doctrinam
802 2307 1008 2385 edocentur,
1025 2326 1115 2387 quas
1125 2309 1183 2372 ubi
1198 2320 1310 2373 atten-

90 2435 116 2479 :e
129 2416 331 2490 audierunt,
349 2415 483 2476 intenta
499 2415 576 2477 acie
598 2414 725 2476 mentis
744 2414 780 2475 in
800 2413 927 2492 Deum,
950 2415 985 2476 in
1001 2415 1068 2477 hoc
1084 2426 1204 2478 nostro
1224 2425 1309 2480 tem·

90 2527 140 2604 plo
155 2522 282 2585 deuote
297 2521 524 2597 meditantur,
540 2538 723 2600 quousque
743 2538 815 2584 nox
830 2538 891 2583 eos
911 2520 1041 2584 inuitos
1063 2531 1098 2584 et
1112 2539 1309 2602 repugnan-

90 2643 135 2694 tes
149 2631 316 2708 expellat,
340 2629 375 2690 in
395 2644 464 2707 quo
483 2627 652 2690 exercitio
672 2627 772 2690 multi
793 2644 914 2690 eorum
935 2627 1006 2689 alio
1026 2630 1134 2691 etiam
1152 2640 1310 2709 tempore

90 2744 283 2810 uersantur,
300 2734 379 2796 aliis
392 2735 489 2796 curis
503 2733 724 2814 posthabitis.

143 2841 257 2905 Porro
272 2840 479 2919 amplissimi
499 2839 636 2903 fructus
654 2856 699 2902 ex
715 2839 1009 2903 scholasticorum
1031 2841 1312 2906 confessionibus

90 2948 338 3030 percipiuntur,
356 2947 430 3009 siue
451 2945 592 3008 uirtutis
612 2946 688 3008 siue
707 2945 892 3009 doctrinae
912 2948 1085 3010 rationem
1106 2948 1310 3012 habeamus.

90 3055 245 3136 lmpense
260 3053 411 3132 diligunt
430 3061 691 3132 praeceptores;
712 3070 781 3132 quo
801 3053 948 3134 quisque
968 3055 1118 3118 nobilior
1133 3064 1198 3133 est,
1220 3073 1261 3119 eo
1276 3057 1312 3118 li·

90 3162 238 3238 bentius,
256 3169 357 3239 paret
371 3168 406 3222 et
418 3159 648 3238 obtemperat;
660 3158 749 3221 mira
762 3169 816 3222 est
826 3160 918 3223 inter
929 3177 1052 3223 omnes
1063 3161 1311 3242 tranquillitas;

90 3269 222 3333 nobiles
235 3278 271 3329 et
291 3266 464 3345 ignobiles
483 3265 579 3327 nullo
598 3264 802 3328 discrimine
819 3266 1004 3344 habentur;
1027 3284 1093 3330 nec
1108 3269 1312 3347 superiores

90 3376 296 3440 inferiorum
316 3372 594 3434 familiaritatem
618 3381 800 3450 respuunt.
822 3373 909 3435 lllud
937 3382 1054 3437 tamen
1080 3373 1202 3438 mirari
1226 3375 1315 3438 satis

90 3500 159 3546 non
176 3495 376 3562 possumus3
393 3480 521 3541 multos
535 3477 670 3540 scilicet
682 3479 821 3541 illorum
832 3496 921 3557 esse,
936 3480 1006 3559 qui,
1023 3480 1128 3543 nullis
1141 3483 1258 3546 coacti
1268 3484 1314 3544 le·

90 3591 205 3669 gibus,
223 3583 509 3650 extraordinario
531 3595 689 3663 tempore
708 3595 935 3648 sacramenta
954 3585 1190 3666 frequentant.
1211 3586 1316 3651 Noui·

90 3712 166 3760 mus
180 3693 276 3757 enim
290 3693 418 3755 horum
438 3690 701 3753 adolescentum
721 3691 876 3770 ingenia,
897 3693 958 3771 qui
977 3709 1048 3755 non
1068 3694 1173 3757 facile
1186 3693 1232 3757 ad
1247 3696 1315 3758 uir·

90 3813 203 3867 tutem
218 3800 464 3875 traducuntur,
481 3814 595 3877 neque
610 3797 646 3860 in
661 3816 703 3860 ea
718 3798 873 3861 traducti
888 3799 1094 3864 retinentur.

148 3906 357 3973 Praeteritis
375 3904 473 3966 hisce
492 3904 616 3967 diebus
634 3903 851 3967 christianae
870 3904 950 3967 fidei
969 3905 1227 3984 religiosissimi
1241 3925 1320 3970 cen-

90 4033 200 4091 sores,
217 4029 307 4094 quos
322 4011 547 4091 inquisitores
562 4021 711 4089 uocant,
727 4028 877 4091 cumque
891 4012 947 4075 his
961 4013 1083 4090 regius
1104 4013 1213 4077 frater
1234 4014 1317 4078 Car·

90 4121 217 4187 dinalis
232 4119 241 4150 ¹
258 4138 279 4182 a
297 4118 404 4182 Patre
415 4117 551 4181 Mirone
566 4124 578 4155 ¹
592 4118 712 4180 multis
727 4118 890 4198 precibus
905 4119 1161 4183 contenderunt
1180 4130 1218 4184 vt
1232 4138 1313 4184 non·

90 4231 203 4294 nullos
218 4244 263 4290 ex
277 4225 410 4289 nostris
426 4226 461 4288 in
477 4242 659 4287 carcerem
673 4225 840 4300 mitteret,
856 4226 916 4305 qui
930 4226 1069 4289 uinctos
1080 4244 1202 4291 omnes
1213 4227 1321 4292 domi·

127 4471 135 4501 Ι
166 4465 294 4511 ilenrico·
309 4463 456 4508 cardinalis
474 4471 501 4506 et
520 4463 737 4518 Archleplscopus
759 4463 998 4508 Eborensls.-Post
1020 4465 1128 4509 verbnm
1150 4465 1320 4516 cardinalis,

90 4542 215 4595 scriptum
225 4538 251 4580 in
258 4536 410 4591 apographo
421 4541 460 4578 est
471 4538 496 4579 et
507 4535 610 4586 infans,
626 4545 691 4588 quos
700 4536 807 4584 dicunt:
822 4536 867 4578 sed
886 4537 950 4579 haec
967 4537 1048 4580 verba
1063 4537 1138 4580 linela
1155 4539 1319 4594 superductio

91 4613 310 4666 suppressuras

130 4685 142 4714 Ι
170 4681 198 4724 Ρ.
209 4677 305 4731 Jacobo
315 4676 405 4729 lllron,
416 4676 587 4722 Provinclall.

236 4765 277 4824 Τ.
291 4783 333 4825 m.
1149 4784 1182 4840 39
