3240 5386
550 433 613 486 Aa.
635 427 704 486 1555
1183 426 1237 488 569

69 622 74 647 ,
91 584 122 636 et
140 573 313 636 Praefecti
329 575 570 637 sacrificorum
589 573 735 652 Regium
752 574 850 650 (sic),
866 588 898 635 ct
915 573 1076 635 Rectoris
1092 575 1237 637 Uniuer·

69 681 137 757 itis,
159 689 192 741 et
213 680 347 742 Prioris
369 680 551 744 Ecclesiae
573 681 723 760 primae,
740 691 774 741 et
797 680 1040 742 sacrificorum
1060 680 1235 742 Basilicae

69 786 153 864 aiae,
177 795 211 847 et
234 788 389 866 equitum
410 797 629 862 auratorum,
654 799 688 849 et
709 788 926 865 collegarum
946 787 1102 850 omnium
1123 786 1233 850 Colle·

74 910 159 954 mm.
184 892 318 971 Quibus
333 894 473 973 quidem
488 892 732 961 inuisionibus.
748 910 793 955 an
808 893 874 973 ipsi
890 893 1061 956 maiorem
1076 894 1234 956 consola-

69 1017 140 1062 nem
152 1002 386 1080 perceperint,
405 1019 450 1062 an
467 999 570 1062 Pater
586 1000 710 1062 maiori
726 998 830 1062 fuerit
852 1000 1058 1063 confusione
1074 999 1232 1073 affectus

69 1124 79 1167 >
97 1124 181 1168 sane
196 1124 341 1187 prorsus
356 1108 493 1186 ignoro.
511 1106 697 1170 Caeterum
710 1116 763 1169 est
775 1107 869 1186 quod
883 1124 949 1169 nos
964 1125 1034 1170 non
1050 1107 1234 1170 mediocri-

89 1216 300 1291 consoletur,
326 1214 524 1292 gratiarum
545 1230 670 1292 nempe
693 1213 768 1275 Deo
790 1213 896 1290 acti0,
913 1231 1002 1294 quas
1021 1214 1134 1276 eidem
1154 1230 1233 1293 age-

69 1329 105 1396 lt,
121 1320 214 1399 quod
230 1321 298 1382 buc
314 1319 528 1383 Societatem
549 1319 754 1383 adduxisset
770 1320 805 1382 in
822 1320 1008 1383 utilitatem
1023 1338 1095 1383 non
1111 1322 1233 1402 vulga·

69 1444 95 1500 n,
112 1445 217 1506 quam
233 1445 277 1490 ex
293 1446 335 1490 ca
350 1428 533 1507 percipere
548 1437 684 1507 putant.

73 1534 121 1596 Ex
144 1536 199 1596 his
222 1535 341 1614 itaque
360 1544 394 1597 et
410 1535 445 1597 id
466 1551 579 1613 genus
595 1535 685 1610 aliiS,
702 1552 793 1614 quae
808 1535 865 1597 hic
885 1534 989 1597 Pater
1009 1534 1109 1612 vidit,
1125 1552 1234 1598 ausus

80 1641 252 1703 affirmare
267 1657 304 1702 se
320 1657 494 1721 nusquam
510 1639 642 1703 vidisse
657 1642 816 1703 locorum
830 1641 1044 1721 quempiam,
1057 1658 1146 1720 quos
1157 1641 1233 1721 ipse

69 1758 186 1823 trarat,
215 1748 272 1810 ubi
298 1764 368 1809 vno
394 1749 550 1810 omnium
573 1765 633 1809 ore
656 1758 729 1810 tam
754 1747 843 1810 bene
865 1747 908 1809 de
932 1746 1108 1811 Societate
1129 1758 1164 1811 et
1190 1747 1232 1811 de

69 1855 186 1917 ercitiis
208 1856 374 1917 sentitum
397 1855 454 1931 sit,
472 1871 577 1933 quam
597 1855 632 1917 in
654 1855 721 1918 hac
747 1854 902 1932 ciuitate,
926 1864 1047 1934 vtpote
1074 1856 1133 1936 qui
1154 1873 1233 1918 eru·

69 1962 149 2038 ione,
171 1962 353 2040 dignitate,
383 1962 577 2038 nobilitate,
601 1962 680 2024 aliis
704 1971 900 2041 praestant,
923 1972 1062 2024 tantum
1086 1963 1186 2025 abest
1211 1981 1231 2025 a

69 2069 183 2131 :ietate
199 2069 418 2146 dissentiant,
441 2078 479 2130 vt
499 2085 619 2131 secum
641 2084 749 2146 agere
771 2086 843 2131 non
864 2079 1057 2132 vereantur
1078 2086 1232 2149 quonam

69 2174 192 2254 ipacto
208 2176 332 2238 eadem
355 2192 522 2237 exercere
543 2177 698 2238 valeant.
716 2173 911 2238 Memoratu
928 2175 1070 2255 quidem
1085 2175 1232 2255 dignum

70 2282 180 2360 ,quod
196 2300 216 2343 a
232 2282 385 2361 quodam
404 2282 493 2358 uiro,
512 2281 622 2344 literis
642 2293 677 2344 et
699 2280 871 2343 virtutum
892 2282 1110 2345 ornamentis
1132 2300 1231 2362 prae-

72 2404 120 2465 uo,
137 2388 350 2468 accepimus.
375 2387 463 2450 Cum
479 2388 572 2451 enim
593 2386 629 2450 P.
652 2386 885 2451 Prouincialis
910 2397 1032 2467 ageret
1054 2406 1135 2452 cum
1157 2391 1229 2469 illo,

71 2511 191 2576 moque
207 2496 249 2557 de
265 2496 446 2558 exercitiis
462 2496 655 2571 incidisset,
673 2495 765 2557 hanc
780 2496 816 2557 in
831 2495 984 2558 medium
997 2497 1231 2576 comparatio·

69 2603 231 2678 nattulit,
254 2601 377 2663 dicens
400 2601 504 2681 quod,
526 2602 822 2681 quemadmodum
845 2601 1008 2680 Apostoli
1028 2603 1063 2665 in
1085 2604 1143 2666 illa
1163 2605 1230 2683 pri-

72 2723 130 2769 eua
146 2709 296 2770 ecclesia
314 2708 524 2771 documenta
541 2708 716 2788 quaedam
732 2708 919 2784 habebant,
932 2709 1057 2788 quibus
1069 2709 1231 2773 homines

72 2811 131 2877 Dei
146 2817 278 2877 cultum
296 2816 489 2890 allicerent,
512 2816 560 2877 ita
584 2814 745 2877 eumdem
768 2814 957 2877 tradidisse
975 2817 1145 2879 exercitia
1169 2815 1229 2880 So·

69 2922 133 2998 tati,
151 2923 278 3001 quibus
293 2922 453 2984 homines
469 2922 683 2984 inducantur
699 2921 744 2984 ad
760 2922 951 2985 saluandos
966 2922 1113 3001 seipsos,

69 3023 120 3091 Ad
141 3030 292 3108 primam
313 3029 532 3105 concionem,
558 3045 663 3108 quam
690 3025 727 3090 P.
756 3028 909 3091 Basilius
935 3029 1072 3107 publice
1093 3029 1227 3107 habuit,

69 3145 133 3207 gna
149 3137 343 3214 peritorum
364 3136 546 3198 bominum
567 3144 600 3197 et
616 3136 835 3213 collegarum
856 3145 962 3215 atque
984 3136 1228 3201 sacrificorum

69 3240 153 3310 tium
169 3241 252 3319 (sic)
268 3243 370 3322 copia
393 3243 609 3306 aduentauit.
632 3241 793 3306 lntersuit
812 3243 919 3306 etiam
933 3242 1030 3306 D.⁰¹²⁸
1046 3241 1228 3324 Archiepi·

69 3358 144 3424 QuS,
160 3350 221 3428 qui
236 3358 424 3412 contentus
439 3368 481 3412 ea
496 3366 606 3428 usque
622 3349 710 3412 adeo
725 3350 882 3424 recessit,
897 3358 935 3411 vt
948 3350 1133 3430 proximae
1149 3368 1229 3414 con·

69 3451 104 3534 i,
119 3473 227 3536 quam
241 3455 335 3536 apud
346 3454 460 3519 Diuae
473 3456 598 3519 Annae
614 3456 747 3529 habuit,
761 3456 924 3534 adfuerit,
942 3455 1140 3520 admiratus
1156 3459 1228 3537 qui·

69 3607 71 3612 ·
92 3571 231 3625 tantam
248 3562 431 3624 hominum
447 3562 715 3638 multitudinem,
733 3562 792 3641 qui
806 3563 949 3625 Patrem
968 3562 1141 3626 audirent.
1161 3562 1228 3627 Re·

69 3681 133 3732 am
154 3677 273 3731 autem
296 3671 427 3747 vulgus
453 3669 642 3732 conciones
668 3671 815 3733 multum
837 3669 1047 3748 frequentat.
1069 3670 1118 3733 At
1145 3671 1228 3751 quid

97 3775 245 3854 vulgus?
271 3777 378 3838 immo
402 3793 525 3839 omnes
546 3775 618 3838 lere
638 3777 774 3856 equites
795 3776 908 3839 aurati
931 3786 1141 3856 sequuntur,
1170 3794 1228 3840 au·

74 3882 221 3945 tetiam
238 3883 387 3946 libenter
402 3882 591 3945 conciones
611 3881 857 3972 Patrisxvalde
879 3884 1096 3963 multumque
1115 3884 1228 3946 incre·

69 3987 116 4051 *is
147 3990 183 4051 in
211 3987 324 4051 Deum
355 3988 525 4068 optimum
553 3989 746 4051 maximum
774 3999 923 4068 peccata
951 3989 1162 4066 commissa,
1193 3999 1227 4051 et

73 4096 209 4158 odicos
229 4098 379 4159 uestium
400 4097 526 4173 cultus,
550 4095 676 4176 quibus
698 4094 765 4174 ipsi
784 4096 899 4158 ornati
918 4096 1081 4159 incedere
1100 4096 1226 4172 solent;

69 4212 123 4265 lm
140 4203 207 4282 ipsi
222 4202 326 4265 minis
342 4220 384 4264 ac
400 4202 567 4265 vitiorum
580 4201 812 4264 detestatione
823 4201 947 4279 territi,
961 4212 1000 4264 vt
1013 4203 1127 4264 oleum
1143 4202 1227 4264 vino

69 4309 160 4371 ndat
186 4318 324 4388 petunt,
347 4318 386 4370 vt
407 4308 688 4371 misericordiam
709 4308 864 4371 iustitiae
890 4308 1085 4371 admisceat
1111 4318 1224 4370 orant.

69 4425 147 4478 lero
162 4413 279 4492 Pater,
297 4415 423 4495 spiritu
440 4415 505 4477 Dei
520 4415 637 4493 potius
653 4415 779 4478 ductus
799 4431 904 4494 quam
923 4432 1045 4478 eorum
1061 4414 1227 4492 efflagita·

69 4517 167 4601 ibuS,
184 4539 254 4601 quo
270 4523 386 4602 magis
401 4521 680 4585 misericordiam
696 4521 902 4601 efflagitant,
919 4540 960 4584 eo
976 4521 1091 4602 magis
1106 4540 1227 4585 eorum

69 4638 149 4692 tera
171 4638 370 4708 penetrare,
392 4630 586 4710 eademque
611 4628 813 4709 patefacere
839 4640 1002 4693 conatur.
1028 4629 1228 4694 Conciones
