3210 5392
250 418 285 476 10
596 491 597 495 Ἰ
636 413 808 473 errnnnn
822 428 1094 482 onnnnrnnsrnns

246 563 449 644 disturbare
474 559 664 624 auditores.
692 559 740 623 At
764 569 876 640 pater,
903 559 1091 640 patefactis
1116 560 1206 623 dolis
1234 569 1269 623 et
1294 560 1482 624 conatibus

246 669 384 753 antiqui
399 669 585 749 serpentis,
602 667 697 730 iubet
712 684 774 730 eos
785 667 968 746 quiescere
983 676 1018 730 et
1035 667 1123 730 bene
1138 684 1283 747 sperare
1298 667 1341 730 de
1356 683 1480 746 aegro·

249 787 298 855 ta,
315 793 358 839 ac
373 791 506 854 magno
520 774 638 837 animo
650 783 684 836 et
698 773 874 853 sapientia
885 789 1032 837 causam
1048 773 1209 836 ueritatis
1224 775 1417 853 perorauit.

311 881 376 946 His
398 882 526 945 diuinis
546 880 670 944 officiis
684 890 718 943 et
732 880 965 943 sacramentis
981 881 1169 960 plurimum
1194 880 1329 944 adiuuit
1344 889 1418 943 tum
1432 882 1481 944 ni·

251 1007 311 1052 ros
334 1000 408 1053 tum
432 988 615 1067 foeminas
638 996 672 1050 et
692 988 846 1050 maxime
868 986 958 1050 filias
977 986 1100 1066 Ducis;
1121 1005 1203 1050 nam
1228 988 1392 1050 inductae
1407 998 1482 1050 tum

251 1098 363 1177 patris
377 1096 549 1175 religione
563 1104 598 1158 et
612 1094 707 1158 uitae
722 1094 898 1169 castitate,
920 1105 994 1156 tum
1009 1112 1128 1157 rerum
1148 1095 1349 1157 diuinarum
1365 1096 1481 1176 dispu-

250 1203 454 1277 tationibus,
477 1202 581 1266 ualde
599 1201 891 1265 desiderauerunt
905 1212 1043 1282 patrem
1060 1203 1253 1280 absentem,
1270 1203 1330 1281 qui
1351 1203 1482 1282 partim

251 1311 390 1374 infirma
405 1309 606 1373 ualetudine
620 1309 804 1386 distentus,
821 1310 952 1389 partim
972 1310 1110 1373 ratione
1131 1311 1366 1389 quorumdam
1386 1311 1481 1373 habi-

251 1426 300 1496 ta,
316 1435 378 1480 eas
393 1434 464 1480 non
478 1417 609 1480 inuisit.
823 1400 824 1403 ¹

311 1524 392 1587 Fuit
410 1533 572 1587 curatum
590 1533 629 1586 ut
644 1524 679 1586 in
694 1523 966 1586 haeresiarchas
985 1524 1089 1586 huius
1109 1524 1277 1602 ciuitatis,
1295 1525 1354 1603 qui
1369 1524 1406 1587 in
1420 1541 1480 1604 pa-

251 1631 336 1694 latio
362 1631 485 1693 uxoris
511 1629 689 1710 principes
713 1639 833 1707 erant,
864 1629 1222 1706 animaduerteretur3
1254 1648 1335 1693 nam
1366 1630 1481 1695 edicto

251 1739 422 1818 principis
437 1755 482 1801 ex
497 1738 565 1800 hac
580 1737 666 1800 urbe
682 1747 716 1800 et
731 1746 807 1800 toto
822 1737 971 1817 imperio
987 1748 1068 1800 sunt
1090 1739 1238 1818 expulsi.

312 1844 387 1925 Ope
402 1857 476 1907 tum
492 1844 603 1924 ducis,
620 1854 694 1907 tum
714 1845 970 1907 honoratorum
985 1845 1179 1922 hominum,
1202 1846 1268 1908 suit
1289 1846 1391 1909 nobis
1408 1863 1477 1908 em·

253 1963 314 2032 pta
339 1952 464 2015 domus
479 1951 566 2014 satis
591 1949 795 2029 commoda,
818 1951 854 2014 in
875 1968 945 2031 qua
966 1960 1019 2014 est
1039 1961 1240 2015 extructum
1260 1955 1429 2032 templum
1444 1953 1480 2015 in

252 2059 453 2139 praesentia
478 2060 633 2138 amplum
657 2068 692 2121 et
724 2058 869 2138 egregie
900 2067 1081 2121 ornatum.
1112 2059 1255 2138 Expetit
1284 2070 1317 2122 et
1347 2059 1420 2122 dux
1442 2069 1480 2122 ut

250 2167 358 2230 etiam
383 2166 576 2228 habeamus
597 2166 765 2244 templum
789 2164 966 2244 quoddam
991 2165 1147 2228 uicinum
1172 2175 1294 2228 nostro
1318 2167 1480 2244 collegio,

251 2274 311 2336 ubi
332 2273 467 2353 possint
486 2272 653 2336 constitui
672 2281 805 2351 patreS,
827 2271 887 2351 qui
901 2271 1006 2333 rebus
1020 2272 1148 2335 diuinis
1170 2282 1306 2335 tantum
1326 2282 1360 2335 et
1376 2274 1482 2336 saluti

251 2380 451 2443 animorum
463 2389 644 2442 uacarent.

311 2487 420 2551 Initur
436 2486 562 2550 indies
578 2488 692 2567 magis
707 2504 749 2551 ac
765 2489 880 2568 magis
893 2490 1011 2569 gratia
1027 2499 1061 2552 et
1076 2489 1232 2552 amicitia
1254 2506 1336 2552 cum
1358 2488 1483 2551 aulicis

250 2605 287 2658 et
307 2594 480 2658 nobilibus
496 2594 593 2673 uiriS,
613 2595 674 2674 qui
689 2596 848 2675 apprime
863 2596 1061 2659 inseruinnt
1085 2597 1217 2659 nostris
1237 2594 1433 2658 commodis
1447 2605 1483 2659 et

253 2702 443 2764 consulunt
458 2692 579 2763 diuino
595 2701 716 2764 cultui.

311 2807 388 2870 Hac
412 2807 688 2887 quadragesima
704 2808 826 2870 habuit
851 2807 1058 2872 concionem
1081 2807 1185 2872 Pater
1200 2809 1236 2871 in
1258 2809 1388 2887 templo
1404 2824 1483 2870 nos·

251 2925 308 2979 tro
334 2931 449 2992 mane,
474 2913 574 2977 horis
593 2924 712 2977 autem
733 2915 986 2994 pomeridianis
1007 2915 1041 2978 in
1062 2916 1192 2994 templo
1218 2915 1369 2995 quodam
1397 2913 1484 2977 San·

250 3023 299 3085 cti
313 3021 496 3102 Stephani,
519 3039 562 3084 ac
582 3030 730 3101 rogatus
745 3021 810 3084 luit
824 3040 845 3085 a
858 3031 1002 3102 pastore
1021 3032 1060 3086 ut
1074 3023 1231 3101 quotidie
1256 3021 1482 3086 concionare-

251 3138 320 3207 tur,
345 3138 405 3191 aut
420 3130 545 3192 saltem
560 3128 684 3192 diebus
700 3129 866 3192 mercurii
880 3138 915 3192 et
932 3129 1085 3192 ueneris.
1108 3129 1225 3192 Etiam
1245 3128 1303 3191 alii
1318 3137 1484 3208 pastores

250 3236 372 3316 populi
396 3236 572 3315 petierunt
583 3235 788 3299 sacerdotes
803 3236 953 3315 aliquos
970 3236 1030 3316 qui
1049 3236 1346 3299 concionarentur
1370 3235 1406 3297 in
1426 3251 1483 3296 eo·

251 3360 330 3406 rum
346 3343 494 3422 templis
512 3359 600 3421 quos
615 3360 687 3406 non
704 3343 942 3421 obtinuerunt,
956 3351 1144 3423 propterea
1159 3342 1253 3421 quod
1268 3342 1394 3404 messis
1408 3342 1483 3421 qui·

251 3450 330 3512 dem
352 3450 472 3524 multa,
491 3449 642 3529 operarii
663 3460 781 3512 autem
801 3450 917 3530 pauci.
940 3448 1134 3512 Plurimum
1164 3465 1250 3527 ergo
1274 3449 1409 3512 adiuuit
1428 3464 1483 3510 ec·

253 3558 397 3620 clesiam
421 3555 489 3620 Dei
513 3566 588 3620 tum
610 3557 827 3620 consolando
843 3556 1002 3634 afflictos,
1020 3565 1094 3619 tum
1117 3557 1230 3619 bonos
1249 3554 1391 3633 tuendo,
1408 3566 1484 3618 tum

250 3682 273 3726 a
289 3664 384 3728 uitiis
399 3663 601 3727 reuocando
616 3674 651 3727 et
665 3680 838 3744 quemque
854 3663 1004 3743 denique
1026 3680 1047 3725 a
1073 3662 1256 3727 fraudibus
1271 3662 1398 3725 horum
1413 3662 1483 3742 epi-

250 3787 438 3835 cureorum
464 3782 498 3834 et
523 3768 848 3850 Sardanapalorum
880 3769 985 3833 huius
1012 3771 1233 3850 tempestatis
1259 3769 1481 3833 deterrendo.

249 3878 418 3942 Continet
439 3887 624 3957 praeterea
648 3877 683 3940 in
703 3876 824 3940 diuino
845 3878 942 3939 cultu
956 3877 1129 3957 plurimos
1150 3877 1245 3939 uiros
1260 3885 1295 3939 et
1309 3874 1483 3938 foeminas

250 3985 420 4064 cuiusque
436 3984 581 4062 ordinis,
598 4000 729 4065 eosque
745 3983 895 4064 singulis
910 3981 1009 4046 feriis
1024 3984 1165 4046 instruit
1178 3983 1386 4062 euangelica
1401 3982 1482 4045 doc·

252 4092 357 4154 trina.

312 4197 450 4261 Viduas
476 4197 649 4278 quasdam
670 4206 744 4260 tum
766 4195 927 4271 afflictas,
949 4206 1023 4260 tum
1046 4206 1191 4275 egentes
1216 4206 1251 4260 et
1275 4196 1394 4259 liberis
1417 4195 1483 4257 cir-

249 4304 443 4384 cumfusas
461 4306 657 4369 inuiserunt
671 4315 803 4385 patres,
821 4315 856 4369 et
867 4322 1065 4368 moerorem
1078 4308 1285 4367 leuauerunt
1298 4304 1482 4367 consolan-

251 4413 309 4492 do,
333 4413 488 4493 inopiam
502 4431 589 4476 uero
604 4412 820 4476 consulendo
837 4412 888 4475 rei
902 4412 1071 4476 familiari
1082 4423 1116 4477 et
1131 4412 1236 4475 rebus
1252 4412 1347 4474 uitae
1362 4427 1482 4472 neces·

250 4520 366 4582 sariis.
1106 4599 1108 4603 ἢ

311 4626 494 4707 Quaedam
508 4637 694 4692 matronae
705 4628 840 4691 nobiles
854 4644 996 4708 genere,
1013 4612 1076 4691 sed
1088 4627 1197 4691 multo
1208 4625 1399 4689 nobiliores
1410 4624 1484 4705 pie·
