3210 5392
270 446 307 503 42
657 443 830 503 errennrt
849 457 1121 511 Qunonrussrnes

270 593 386 672 quella
397 591 519 654 chiesa
534 589 695 671 doneque
708 589 1073 669 habbiamoproposto
1087 588 1262 669 predicar’
1280 597 1314 650 et
1325 587 1510 667 insegnar'

270 701 304 761 la
322 698 474 761 dottrlua
487 697 695 760 christiana.

329 804 367 868 lo
381 821 492 884 penso
508 804 573 867 che
587 804 832 867 haueressimo
848 803 1065 867 commodita
1080 804 1115 867 di
1130 803 1252 867 hauer’
1268 803 1387 866 alcuni
1402 801 1506 864 scho-

269 912 336 976 lari
347 929 418 992 qua
433 912 469 975 in
484 928 586 989 casa,
604 911 680 974 cioe
696 928 757 991 per
773 911 887 974 insino
902 929 922 973 a
938 911 958 971 4
972 911 1027 974 06
1053 921 1089 974 et
1104 927 1214 991 penso
1238 911 1293 974 ch’
1319 908 1505 973 edificaria

270 1019 475 1082 cominciar'
493 1036 513 1081 a
528 1017 637 1081 tener'
654 1018 793 1096 schola;
810 1035 867 1081 ma
884 1019 917 1081 io
933 1018 1053 1081 dubito
1069 1018 1125 1082 ch'
1143 1019 1167 1081 il
1182 1019 1337 1097 capitulo
1354 1017 1432 1080 cilo
1448 1015 1506 1079 de·

270 1125 431 1204 fenderlt‚
458 1141 564 1188 senza
586 1127 619 1187 la
648 1126 706 1187 cui
733 1124 876 1187 licentia
899 1142 970 1187 non
995 1125 1025 1186 si
1049 1130 1119 1205 puo
1144 1124 1209 1187 far'
1234 1123 1351 1187 niente
1366 1124 1402 1186 in
1418 1122 1509 1185 Tor·

269 1250 371 1296 naco.
387 1231 469 1296 Pur'
487 1231 522 1294 di
538 1240 662 1312 questo
677 1242 913 1312 espetteremo
929 1232 1105 1310 anchora,
1122 1242 1156 1296 et
1172 1233 1195 1295 il
1211 1240 1328 1311 tempo
1344 1241 1377 1293 et
1393 1232 1428 1292 la
1440 1231 1507 1292 ris·

271 1350 398 1421 puosta
414 1339 450 1403 di
464 1338 509 1402 V.
526 1338 567 1402 R.
585 1338 618 1402 ci
638 1339 843 1417 insegnara.

331 1447 410 1526 Qua
424 1448 536 1510 siamo
551 1446 631 1509 tutti
645 1457 699 1509 tre
714 1448 823 1509 molto
841 1447 876 1509 in
892 1464 980 1526 pace
1002 1455 1037 1508 et
1052 1446 1139 1510 vniti
1156 1446 1301 1510 insieme
1316 1446 1352 1508 in
1367 1443 1509 1506 charith

271 1557 348 1635 pur’
366 1555 400 1618 io
417 1571 525 1634 penso
551 1554 617 1616 che
641 1555 747 1616 molte
762 1571 844 1617 cose
864 1555 1009 1616 sariano
1034 1554 1095 1634 piu
1118 1553 1279 1616 ordinate
1301 1553 1332 1615 si
1352 1550 1398 1614 V.
1415 1549 1457 1612 R.
1474 1551 1510 1612 ci

271 1662 460 1741 deputasse
474 1678 546 1723 vno
561 1660 760 1740 superiore,
777 1662 871 1723 vltra
886 1660 952 1723 che
971 1661 1003 1723 ci
1024 1661 1118 1723 saria
1142 1667 1371 1739 augmentato
1397 1660 1421 1720 il
1436 1673 1510 1721 me·

271 1769 357 1842 rito,
373 1766 524 1831 lacendo
541 1765 625 1844 ogni
642 1783 728 1830 cosa
743 1784 810 1829 con
826 1767 887 1846 piir
903 1767 1118 1846 particulare
1134 1766 1337 1830 ohedienza.

331 1874 369 1938 lo
384 1874 511 1937 diceua
525 1890 546 1935 a
562 1871 718 1936 Maestro
734 1872 895 1936 Adriano
910 1873 975 1936 che
988 1892 1057 1937 non
1069 1875 1117 1936 mi
1129 1874 1270 1953 pareria
1282 1874 1376 1936 malo
1387 1873 1420 1937 d’
1434 1890 1509 1936 vna

271 1981 390 2046 banda
402 1982 468 2045 che
480 1980 636 2044 Maestro
648 1980 816 2059 Quintino
828 1980 915 2044 fossi
928 1981 1114 2061 superiori,
1131 1999 1195 2061 per
1206 1983 1315 2044 esser'
1329 1999 1400 2062 qua
1411 1980 1435 2043 il
1446 1982 1509 2060 piir

273 2090 437 2154 estimato
453 2097 487 2151 et
502 2089 617 2167 quello
632 2087 691 2150 chi
705 2088 737 2150 ci
753 2087 909 2151 nutrisce
926 2105 994 2151 con
1010 2089 1034 2151 li
1048 2089 1102 2152 soi
1116 2088 1198 2151 beni
1213 2087 1412 2168 temporali:
1427 2090 1507 2167 pur'

271 2205 397 2277 questo
412 2213 482 2258 non
497 2212 632 2274 pareua
647 2211 668 2256 a
683 2194 839 2258 Maestro
855 2194 1015 2258 Adriano
1034 2205 1069 2258 et
1092 2213 1112 2257 a
1128 2195 1283 2259 Maestro
1308 2194 1506 2271 Anthoni0‚

273 2321 336 2383 per
362 2302 471 2366 esser'
499 2300 506 2332 ¹
530 2300 565 2363 di
579 2310 708 2365 natura
722 2301 826 2365 facile
845 2312 879 2364 et
899 2319 961 2381 per
982 2303 1047 2365 che
1065 2302 1112 2365 ha
1137 2319 1206 2382 qua
1227 2303 1326 2365 molti
1351 2303 1508 2382 parenti,

272 2409 389 2488 amici,
408 2419 442 2473 et
454 2408 708 2487 cognoscienti,
722 2407 803 2472 delli
816 2409 911 2489 quali
922 2427 993 2473 non
1005 2427 1043 2473 se
1055 2411 1197 2490 saperia
1207 2409 1336 2490 spedir'
1352 2425 1507 2489 sempre.

332 2516 412 2580 Una
427 2518 519 2579 altra
534 2533 619 2579 cosa
634 2515 681 2579 mi
697 2533 824 2578 muoue
836 2516 891 2578 ch'
905 2522 925 2578 e
940 2519 1051 2579 molto
1063 2517 1294 2596 cognosciuto
1306 2515 1388 2579 delli
1399 2533 1512 2596 poue-

273 2624 320 2702 ri,
337 2623 397 2685 alli
412 2623 510 2703 quali
525 2622 650 2685 faceua
665 2623 772 2686 molte
784 2624 995 2686 eleemosine
1008 2623 1125 2686 inanzi
1142 2623 1207 2687 che
1219 2640 1257 2687 se
1269 2622 1460 2686 n'andasse
1472 2635 1510 2685 et

273 2731 453 2809 viengono
468 2730 566 2792 molti
581 2729 666 2808 ogni
685 2729 802 2809 giomi
823 2730 1070 2794 demandando
1086 2731 1256 2793 lemosine
1271 2738 1306 2792 et
1327 2746 1398 2793 non
1413 2746 1510 2792 sesa

274 2838 384 2900 tener'
402 2836 446 2900 de
461 2836 568 2915 darli,
585 2837 720 2899 benche
737 2837 763 2898 li
783 2837 829 2899 ho
845 2837 941 2899 detto
960 2854 1083 2917 spesso
1103 2837 1169 2900 che
1191 2854 1236 2900 ne
1255 2836 1446 2899 habbiamo
1461 2837 1512 2899 bi·

276 2959 406 3023 sogn03
423 2953 457 3006 et
473 2943 503 3006 si
516 2943 638 3005 henne
651 2942 852 3006 hauessimo
866 2943 1059 3024 superfluo,
1075 2943 1186 3007 nostri
1199 2942 1327 3006 fratelli
1342 2943 1379 3006 in
1394 2942 1512 3007 Roma

274 3059 309 3113 et
321 3050 458 3112 altroue
473 3048 658 3129 patiscono
673 3064 764 3129 gran
779 3050 970 3128 necessita;
984 3050 1059 3130 pur'
1075 3068 1145 3113 non
1159 3052 1256 3113 lassa
1273 3069 1294 3113 a
1310 3050 1386 3113 dar'
1409 3050 1514 3112 nohis

274 3157 417 3233 insciis,
432 3165 469 3218 et
483 3173 553 3218 non
569 3173 714 3235 sapemo
729 3167 871 3237 quanto,
887 3155 1080 3237 imperoch’
1095 3173 1175 3220 esso
1192 3157 1239 3219 ha
1254 3157 1334 3220 tutti
1349 3157 1373 3219 li
1385 3154 1512 3219 denari

275 3272 309 3326 et
320 3262 437 3342 potria
455 3265 562 3325 esser’
582 3263 647 3325 che
660 3262 768 3342 dopoi
780 3280 920 3326 saremo
935 3264 1121 3327 constretti
1132 3281 1153 3325 a
1165 3280 1238 3326 non
1249 3264 1510 3343 augmentarci.

276 3368 358 3433 Pur'
373 3369 419 3432 V.
437 3369 478 3432 R.
495 3370 529 3432 ci
552 3370 726 3448 cognosci
751 3370 850 3447 tutti,
877 3379 911 3432 et
927 3387 1031 3450 spero
1051 3380 1297 3450 accepteremo
1312 3370 1428 3450 quello
1443 3371 1512 3434 che

276 3475 323 3539 V.
342 3475 385 3538 R.
400 3476 433 3539 ci
449 3475 537 3539 dara
550 3476 586 3538 in
602 3477 705 3539 luoco
721 3476 764 3539 de
780 3475 921 3540 Christo
936 3487 971 3540 et
986 3476 1022 3539 di
1037 3476 1083 3539 V.
1099 3476 1139 3539 R.

337 3583 540 3645 Habbiamo
557 3583 713 3645 anchora
729 3585 843 3663 quello
858 3582 913 3646 del
926 3585 1029 3664 quale
1042 3583 1181 3648 haueua
1193 3584 1318 3646 scritto
1329 3585 1419 3646 nelle
1431 3586 1512 3648 vlti-

277 3707 333 3753 me
348 3707 411 3770 per
427 3689 592 3768 seruirci;
609 3698 643 3753 et
658 3690 753 3753 serui
774 3701 808 3752 et
828 3688 864 3752 fa
879 3691 913 3752 la
929 3689 1051 3753 cusina
1068 3692 1175 3753 molto
1199 3691 1304 3768 bene3
1327 3693 1404 3768 pur’
1425 3691 1511 3754 hab·

276 3796 393 3859 biamo
409 3796 523 3857 inteso
539 3796 583 3859 de
597 3797 644 3858 lui
658 3796 743 3858 ch’e
758 3795 935 3859 homicida
946 3795 1142 3858 casualiter
1153 3796 1424 3875 defendendose‚
1439 3799 1511 3861 ben

277 3902 343 3966 che
369 3919 439 3965 nou
464 3902 517 3964 sia
541 3903 772 3980 cognosciuto
792 3904 828 3965 in
852 3912 975 3982 queste
1000 3903 1114 3966 hande
1139 3920 1202 3983 per
1217 3904 1303 3981 tale;
1327 3907 1403 3966 cosl
1422 3903 1512 3967 hab·

276 4008 394 4071 biamo
409 4025 457 4070 vn
474 4010 565 4071 altro
581 4008 707 4071 adesso
724 4026 791 4072 con
813 4010 861 4071 lui
885 4010 908 4071 il
923 4011 1027 4088 quale
1047 4009 1225 4089 imparera
1244 4009 1394 4090 qualche
1415 4011 1510 4089 gior-

276 4114 327 4191 ni,
345 4113 446 4178 accio
463 4115 640 4194 possiamo
654 4116 836 4195 expedirlo
851 4114 862 4145 ¹
877 4117 934 4177 col
949 4126 1068 4195 tempo
1083 4125 1118 4178 et
1133 4133 1237 4196 spero
1255 4125 1385 4196 presto.
1400 4116 1441 4180 L'
1462 4119 1513 4181 al-

278 4229 333 4284 tro
361 4227 380 4284 e
406 4223 515 4284 molto
541 4223 728 4302 semplice,
756 4239 813 4284 ma
839 4222 1028 4285 vederemo
1053 4222 1082 4284 si
1108 4230 1359 4303 perseuerara3
1389 4233 1425 4287 et
1449 4227 1513 4304 poi

277 4327 527 4391 scriueremoa
544 4327 588 4391 V.
606 4328 648 4391 R.
666 4331 697 4392 le
712 4347 775 4393 sue
794 4332 937 4409 qualita.

320 4603 328 4634 ¹
360 4602 387 4646 P.
399 4602 544 4654 Quintinus.

318 4676 329 4705 ²
358 4673 461 4718 Scilicet
475 4675 637 4720 homicidam.
