3210 5392
190 407 245 466 258
566 407 1037 475 iimsaanoolnmunsrnns

190 564 309 616 mento
324 554 358 615 al
370 554 453 633 qual
465 552 605 616 haueua
616 553 764 632 pigliato
777 554 813 617 in
830 555 990 634 horrore,
1009 557 1185 621 trouando
1202 574 1318 639 paura
1338 560 1440 624 doue

189 678 260 722 non
276 677 317 722 ce
330 663 365 722 n'
379 666 409 736 e,
426 660 506 722 anzi
521 660 764 722 consolatione
781 669 815 723 et
831 661 1025 741 benignita.

250 767 286 830 S’
299 768 345 829 ha
361 767 443 829 dato
459 768 562 830 alcun
579 767 753 847 principio
769 769 802 829 al
818 768 969 848 collegio
983 768 1142 833 Arabico
1160 770 1181 849 ¹,
1195 781 1340 836 trouato
1354 791 1437 837 vno-

191 875 357 937 instrutto
371 874 460 937 bene
475 875 567 936 nella
582 874 716 953 lingua,
731 875 755 937 11
766 877 870 954 quale
881 875 1031 955 insegna
1044 877 1104 940 alli
1114 877 1134 939 3
1145 877 1268 957 figlioli
1281 879 1317 943 di
1330 878 1430 944 Afri·

191 1000 244 1060 ca,
262 981 327 1044 che
342 999 383 1044 ee
398 981 491 1043 dette
506 980 530 1044 11
546 980 677 1045 Vicere
692 980 703 1012 ¹
718 998 781 1061 per
796 993 921 1062 questo
937 982 1068 1062 efferto,
1090 997 1125 1048 et
1145 985 1229 1048 duoi
1244 986 1331 1050 altri
1346 1004 1429 1050 nos·

190 1090 246 1168 tri,
263 1089 360 1171 quali
374 1089 493 1152 hanno
508 1089 616 1152 buoni
630 1088 795 1169 principii
809 1089 846 1152 111
860 1090 908 1152 tal
924 1090 1057 1169 lingua,
1071 1092 1202 1171 perche
1215 1092 1239 1155 il
1252 1111 1327 1157 vno
1343 1111 1430 1159 nac·

190 1197 313 1276 quein
333 1195 482 1276 Tripoli,
503 1196 638 1259 benche
661 1196 695 1259 di
715 1196 734 1257 7
754 1197 838 1259 anni
857 1196 953 1260 fusse
975 1206 1218 1278 transportato
1239 1199 1278 1263 in
1298 1212 1426 1281 queste

190 1304 317 1366 bande:
334 1304 356 1365 l'
374 1304 465 1366 altro
480 1304 516 1365 in
528 1302 650 1380 Malta;
666 1303 831 1388 studiano
846 1321 913 1366 con
930 1305 1039 1368 molto
1053 1303 1241 1384 desiderio,
1264 1316 1300 1370 et
1319 1324 1439 1389 spero-

191 1413 248 1473 nel
263 1408 414 1490 Signore
430 1411 495 1473 che
510 1419 685 1490 potranno
700 1419 820 1490 presto
836 1411 1004 1490 insegnar
1015 1412 1061 1476 ad
1072 1412 1165 1475 altri.
1179 1411 1225 1475 V.
1237 1412 1279 1479 P.
1295 1413 1429 1479 habbia

190 1535 253 1598 per
269 1517 547 1582 raceomandata
563 1519 675 1595 quest'
693 1532 802 1597 opera
824 1533 894 1579 con
905 1517 987 1580 tutti
1001 1519 1024 1579 l'
1040 1518 1123 1581 altri
1136 1517 1244 1582 Padri
1259 1530 1296 1583 et
1308 1520 1433 1585 fratel-

188 1625 224 1701 11;
252 1626 317 1688 che
332 1642 404 1687 non
426 1640 517 1703 poco
536 1639 702 1702 speramo
726 1623 781 1686 ch'
809 1623 833 1685 11
858 1621 1011 1702 Signore
1030 1624 1129 1688 iddio
1154 1642 1193 1689 se
1215 1644 1261 1689 ne
1286 1628 1430 1692 seruire

189 1743 290 1796 tanto
315 1750 378 1813 per
401 1732 614 1811 guadagnar
640 1731 766 1793 alcune
785 1731 902 1794 anime
923 1731 959 1795 di
984 1733 1099 1812 questi
1123 1734 1214 1797 mori
1239 1734 1308 1799 che
1335 1752 1428 1800 sono

191 1857 271 1919 qua,
299 1856 399 1903 come
416 1856 478 1918 per
502 1839 535 1900 le
558 1846 651 1900 terre
676 1837 758 1899 delli
782 1836 929 1915 infideli,
953 1838 1094 1918 quando
1115 1839 1140 1903 il
1162 1837 1319 1920 Signore
1344 1848 1429 1905 sera

189 1947 322 2010 seruito
338 1945 403 2009 che
419 1946 448 2008 si
463 1945 568 2008 uada.

248 2053 294 2116 Di
308 2053 473 2116 Valentia
493 2069 607 2115 sonno
628 2052 749 2115 uenuti
770 2050 791 2113 8
812 2051 958 2131 giouani
978 2069 1046 2114 con
1066 2069 1137 2115 vno
1159 2053 1242 2115 delli
1262 2056 1379 2118 nostri
1398 2054 1422 2119 ³:

187 2177 276 2222 sono
292 2158 435 2238 giouani
450 2159 557 2221 habili
573 2169 607 2220 et
621 2174 786 2237 uengono
806 2175 873 2220 con
893 2159 1003 2221 molto
1022 2158 1197 2221 desiderio
1220 2159 1264 2223 de
1284 2162 1424 2225 seruire

187 2267 221 2329 al
240 2264 401 2346 Signore3
423 2265 539 2327 alcuni
563 2265 598 2327 di
624 2267 699 2327 loro
718 2265 836 2326 hanno
856 2263 944 2326 fatto
969 2280 1160 2344 progresso
1186 2267 1272 2331 nelli
1297 2268 1420 2344 studii,

186 2375 276 2437 hora
291 2376 319 2435 s’
342 2372 560 2436 essercitano
580 2373 663 2436 nelli
683 2372 855 2434 essereitii
876 2371 912 2434 di
932 2388 1017 2434 casa
1038 2389 1101 2452 pei·
1121 2371 1243 2453 dippoi
1265 2376 1422 2439 metterti

178 2482 225 2543 in
241 2481 356 2561 quello
371 2480 461 2542 delle
475 2480 610 2556 lettere3
627 2495 731 2558 spero
747 2477 803 2541 ch’
818 2478 842 2541 il
853 2476 1006 2557 Signore
1017 2477 1114 2541 lddio
1127 2495 1165 2541 se
1178 2495 1221 2542 ne
1233 2480 1422 2546 seruirndi

187 2590 278 2651 loro:
295 2586 531 2649 habbiamone
546 2583 715 2648 mandato
737 2583 820 2646 duoi
839 2602 861 2647 a
880 2583 1037 2647 Messina
1058 2600 1121 2664 per
1140 2588 1333 2665 reparterli
1353 2605 1424 2652 con

184 2708 238 2759 tre
254 2695 335 2758 altri
354 2693 435 2757 delli
457 2692 568 2756 nostri
591 2691 739 2771 antiqui:
755 2692 778 2754 li
794 2691 877 2754 duoi
892 2708 953 2771 per
969 2692 1080 2754 hauer
1094 2690 1130 2754 di
1143 2692 1260 2755 andar
1274 2711 1297 2756 a
1313 2692 1416 2759 Sara·

182 2821 274 2882 goza
289 2821 310 2864 a
327 2801 437 2881 legier
452 2801 488 2863 in
503 2800 583 2879 quel
598 2800 760 2878 collegio,
777 2798 843 2861 che
858 2808 989 2879 presto,
1005 2799 1179 2879 piacendo
1194 2801 1229 2863 al
1250 2798 1416 2882 Signore,

181 2912 209 2970 s'
228 2910 273 2971 ha
289 2908 324 2971 di
339 2907 547 2988 principiar.

240 3016 267 3078 11
282 3015 319 3078 P.
333 3015 378 3078 M.
396 3014 616 3093 Hieronymo
632 3012 839 3076 Domenech
855 3019 874 3075 e
889 3023 1019 3076 uenuto
1035 3013 1070 3076 di
1090 3011 1247 3076 Messina
1262 3031 1334 3078 con
1349 3033 1414 3078 sua

182 3122 289 3186 Ex.¹¹⁸
304 3121 326 3200 ⁴,
345 3133 379 3185 et
395 3138 458 3201 per
474 3122 584 3183 hauer
605 3129 745 3182 cessato
765 3121 788 3182 11
811 3118 849 3182 P.
871 3119 917 3183 M.
940 3120 1092 3183 Michael
1106 3120 1282 3201 Boteglio,
1299 3139 1340 3187 se
1361 3140 1415 3185 re·

181 3230 356 3309 partiamo
371 3229 425 3291 ira
441 3228 501 3290 noi
517 3227 598 3289 altri
613 3228 644 3288 le
660 3226 829 3306 prediehe
844 3226 936 3289 della
952 3226 1071 3289 chiesa
1087 3235 1222 3289 nostra.

240 3335 360 3399 Siamo
376 3334 416 3397 to
437 3351 588 3413 persone
609 3336 665 3395 nel
687 3334 839 3412 collegio
862 3333 944 3396 tutti
962 3350 1027 3413 per
1046 3333 1163 3413 gratia
1184 3333 1241 3397 del
1263 3332 1419 3415 Signore

180 3442 280 3506 iddio
296 3443 460 3521 occupati
475 3441 556 3520 ogn'
573 3458 641 3502 uno
657 3441 713 3501 nel
729 3439 913 3502 essercitio
927 3457 993 3502 suo
1008 3448 1043 3501 et
1057 3440 1092 3501 in
1104 3444 1259 3518 vtroque
1271 3439 1418 3505 honu'ue

182 3553 210 3613 s’
232 3549 374 3612 attende
393 3548 428 3610 di
447 3557 521 3610 star
541 3547 644 3608 bene:
669 3546 773 3625 quelli
795 3547 860 3607 che
878 3546 1059 3620 studian0‚
1083 3546 1114 3608 si
1133 3547 1356 3611 essereitano
1381 3549 1419 3613 in

180 3672 405 3736 componere,
422 3655 456 3716 in
473 3655 664 3728 declamas,
682 3664 717 3715 et
731 3653 786 3714 lar
809 3653 960 3715 orationi
981 3652 1101 3730 latine,
1119 3669 1315 3732 componer
1336 3672 1413 3718 uer·

181 3764 222 3841 si,
239 3773 274 3826 et
289 3778 395 3841 sopra
410 3760 515 3840 quelli
530 3776 568 3822 se
584 3760 737 3838 disputa,
750 3771 784 3822 et
800 3760 829 3821 si
845 3760 932 3822 uede
947 3755 1013 3822 ch'e
1028 3763 1057 3822 s’
1071 3758 1240 3823 animane
1253 3769 1289 3824 et
1304 3760 1418 3826 fanno

181 3871 290 3934 molto
304 3869 414 3932 frutto
430 3885 450 3930 a
465 3867 580 3946 gloria
595 3867 650 3929 del
666 3865 829 3944 Signore.

221 4147 230 4180 ¹
259 4146 411 4199 Collegium,
428 4146 470 4188 ubi
483 4145 564 4198 pueri.
575 4156 606 4186 ex
621 4143 711 4186 Africa
720 4150 764 4186 aut
779 4155 810 4184 ex
823 4143 952 4186 ,tinitonis
963 4141 1115 4196 parentibus
1125 4144 1185 4197 orti,
1195 4144 1330 4198 “linguam
1344 4157 1423 4191 snam

181 4219 316 4263 arabicam
327 4225 519 4261 conservarent.
530 4225 556 4258 et
568 4217 677 4259 latinam
688 4215 853 4258 addiscerent
864 4226 919 4256 cum
931 4214 1049 4257 doctrina
1064 4213 1217 4267 christiano,
1229 4223 1258 4258 ut
1274 4215 1422 4270 aliquando

181 4292 207 4335 111
218 4290 361 4332 vernacula
371 4289 485 4342 ipsorum
496 4287 585 4340 lingua
595 4286 743 4330 concionari
753 4294 878 4340 possent,
890 4285 1024 4329 Ponancos
1034 4286 1059 4328 in
1070 4284 1205 4337 Chrom'co,
1213 4291 1233 4328 t.
1243 4296 1282 4341 tv,
1293 4299 1358 4342 pag.
1368 4288 1420 4343 218,

181 4360 268 4405 MSS.

220 4432 232 4464 ¹
260 4430 365 4475 Siclliae
376 4430 483 4483 Prorex,
495 4429 607 4481 Joannes
618 4430 649 4473 de
659 4430 746 4480 Vena.

220 4504 231 4534 ⁵
258 4502 343 4546 “inter
353 4513 417 4556 quos
427 4502 521 4545 Petrus
532 4501 635 4554 Belver,
647 4501 796 4544 Dominicus
808 4501 924 4544 Andalur
935 4508 960 4545 et
975 4502 1020 4545 alii
1036 4507 1133 4555 erant„
1151 4499 1288 4545 Ponaxcus
1303 4501 1332 4547 111
1343 4501 1427 4549 caro·

181 4577 249 4627 nico,
259 4581 277 4617 t.
288 4577 314 4626 t,
325 4574 367 4616 ubi
378 4573 432 4625 agit
444 4572 475 4615 de
486 4572 603 4627 collegio
613 4572 805 4617 Panormitano.
1067 4585 1072 4588 “

221 4648 233 4679 ⁴
260 4645 374 4700 Scilicet,
386 4645 507 4699 Pror'ege.
