3210 5392
603 106 666 164 ΑΝ.
690 106 760 163 1555
1241 106 1295 162 677

52 252 177 330 equel
194 250 252 313 ch'
270 250 400 329 hann0,
418 252 485 314 alle
502 251 597 314 mani
612 250 693 314 delli
714 251 827 313 nostri
848 250 971 329 Padri,
992 259 1085 313 sotto
1106 251 1116 312 i
1138 251 1295 328 conscgli

59 357 147 419 ‹lelli
161 358 258 438 quali
274 375 293 420 e
309 358 509 422 obedientia
525 361 556 421 si
571 359 716 436 uoglion
733 374 868 435 regere.

124 462 161 526 Si
175 472 283 526 mette
299 481 391 543 gran
405 465 587 544 diligentia
605 483 625 526 a
641 466 740 526 leuar
756 463 942 538 discordie,
955 463 1031 526 lare
1043 462 1098 525 sar
1111 480 1209 542 pace,
1224 475 1291 525 etc.

73 569 147 633 llP.
164 570 258 633 Mtro
281 571 463 634 Euerardo
485 571 603 634 alcuni
625 571 683 633 chi
705 588 814 632 erano
835 571 870 632 in
889 569 1025 649 grande
1048 571 1231 633 inimicitia
1252 571 1295 632 ri·

67 675 169 739 dusse
185 678 255 740 alla
267 694 367 757 pace,
380 678 391 739 i
403 679 499 758 quali
510 677 646 740 dissero
658 678 714 739 ch’
729 677 928 739 altrimente
940 695 1010 738 non
1022 677 1052 738 si
1066 676 1203 739 iussero
1214 676 1295 739 fatti

69 785 136 846 mai
153 784 271 847 amici.

125 890 291 954 Visitano
307 909 430 972 spesso
445 893 471 955 li
484 892 599 955 nostri
614 894 635 955 l’
653 890 804 967 infermi,
820 891 1050 968 incarcerati,
1067 909 1086 953 e
1101 892 1294 953 consolano

67 997 90 1059 li
104 996 263 1061 tribulati
279 1016 297 1060 e
313 997 439 1062 afflitti.

123 1102 174 1166 Le
189 1106 430 1168 communioni
446 1124 464 1169 e
480 1105 695 1169 confessioni
709 1123 828 1169 uanno
844 1106 971 1168 inanzi.
989 1103 1016 1167 ll
1033 1103 1070 1167 P.
1088 1103 1192 1167 Mtro.
1206 1102 1294 1166 Eue·

66 1210 172 1274 rardo
187 1210 334 1290 predica
350 1212 382 1274 le
398 1210 620 1290 domeniche;
636 1229 655 1274 e
671 1212 694 1274 li
710 1212 856 1275 uenerdl
870 1222 904 1274 et
918 1211 1037 1291 giorni
1057 1211 1092 1273 di
1112 1208 1203 1273 festa
1220 1227 1295 1289 pre·

64 1315 142 1380 dica
154 1317 178 1379 il
190 1316 229 1379 P.
242 1316 347 1380 Mtro.
360 1316 506 1381 Andrea
517 1317 536 1396 ¹,
546 1320 581 1381 la
594 1318 651 1380 cui
662 1335 771 1398 opera
783 1336 846 1381 usa
859 1334 979 1398 spesse
990 1318 1085 1380 uolte
1096 1317 1122 1379 il
1132 1316 1292 1394 Vicari0,

64 1424 356 1505 principalmente
384 1442 447 1504 per
473 1424 670 1488 reformare
695 1425 785 1487 certi
807 1424 1014 1488 monasterii
1039 1422 1083 1487 de
1111 1423 1238 1487 donne.
1268 1422 1295 1487 Il

65 1531 149 1610 qual
168 1529 264 1594 detto
287 1531 401 1595 Padre
423 1550 469 1595 ua
489 1531 587 1595 molti
605 1531 722 1610 giorni
747 1531 838 1594 della
860 1531 1050 1593 settimana
1070 1547 1091 1592 a
1110 1530 1295 1610 predicare

64 1637 132 1699 alle
147 1635 392 1714 fraternitade,
409 1638 464 1701 ch’
481 1638 518 1700 in
532 1647 657 1719 questa
674 1638 757 1701 citta
774 1654 863 1701 sono
877 1637 995 1700 molte.

122 1742 155 1808 E
168 1744 274 1824 pochi
288 1744 406 1824 giorni
426 1744 461 1806 la
482 1745 536 1807 ch’
556 1762 602 1807 un
623 1755 720 1808 certo
741 1745 979 1824 predicatore,
1001 1743 1219 1824 predicando
1239 1745 1296 1807 nel

64 1848 185 1930 domo,
202 1850 284 1914 lodo
299 1854 408 1915 molto
423 1853 458 1914 la
474 1850 706 1933 Compagnia.

121 1956 216 2021 Delli
241 1959 354 2022 nostri
379 1959 484 2022 studii
509 1960 555 2023 ho
581 1961 774 2022 solamente
800 1960 835 2023 di
857 1959 912 2023 dir
932 1960 1061 2039 quello,
1085 1975 1186 2021 come
1206 1974 1294 2021 sono

62 2064 148 2127 stati
163 2066 282 2129 alcuni
296 2065 567 2146 gentilhuomini
580 2076 615 2130 et
629 2068 654 2129 il
668 2065 833 2141 Vicario,
851 2069 863 2130 i
878 2068 973 2148 quali
988 2066 1059 2129 han
1081 2065 1295 2129 domandato

62 2169 121 2234 dal
137 2170 387 2236 Gouernatore
402 2174 456 2237 ch'
472 2191 542 2236 uno
558 2175 639 2237 delli
654 2174 767 2236 nostri
787 2174 874 2251 (non
897 2173 1079 2254 legendosi
1100 2175 1158 2236 nel
1178 2173 1294 2236 studio

62 2294 213 2341 comune
229 2279 264 2341 di
280 2289 404 2361 questa
420 2282 507 2344 citta
521 2281 642 2360 greco)
658 2281 788 2359 legessi
803 2283 931 2360 quello,
949 2292 982 2343 et
996 2281 1155 2343 anchora
1170 2282 1204 2341 la
1217 2280 1294 2342 rhe-

61 2384 177 2448 torica
193 2385 228 2448 in
244 2402 325 2449 esso
340 2387 468 2463 studio,
485 2388 662 2451 dicendoli
684 2406 783 2451 come
805 2399 929 2468 questo
950 2389 1039 2451 hara
1059 2387 1092 2450 d'
1117 2404 1214 2449 esser
1234 2388 1293 2447 ho-

62 2508 151 2555 nore
166 2494 236 2554 alla
251 2493 339 2556 cirta
353 2512 372 2556 e
385 2504 491 2573 grato
506 2496 566 2558 alli
580 2495 747 2572 scholari,
765 2496 788 2557 li
804 2496 900 2575 quali
915 2496 1033 2557 hanno
1049 2492 1248 2556 desiderato
1260 2504 1295 2556 et

63 2596 280 2662 domandato
293 2610 418 2680 questo
429 2617 551 2680 spesse
562 2603 667 2663 uolte.
682 2601 838 2681 Piacque
850 2602 884 2663 al
896 2599 1142 2663 Gouernatore
1155 2606 1291 2679 questo,

62 2706 198 2768 euolse
212 2707 326 2770 anche
341 2707 406 2769 che
421 2708 443 2769 l'
461 2708 634 2785 oratione,
650 2709 684 2769 la
705 2709 809 2789 quale
832 2709 867 2770 in
890 2707 1065 2786 principio
1085 2705 1167 2767 delli
1187 2703 1294 2767 studii

62 2812 206 2875 comuni
219 2815 276 2876 nel
290 2813 395 2877 domo
417 2816 445 2876 s’
465 2816 511 2878 ha
527 2815 573 2878 da
588 2816 755 2893 recitare,
773 2816 803 2877 si
819 2831 1049 2895 componesse
1065 2812 1150 2875 dalli
1166 2814 1291 2874 nostri.

62 2917 174 2996 iddio,
190 2936 254 3000 per
268 2921 292 2983 il
306 2922 364 2984 cui
378 2920 512 2984 honore
528 2922 558 2984 si
572 2922 608 2985 la
624 2923 708 3001 ogni
724 2938 819 2999 cosa,
837 2920 998 3002 prosperi
1014 2920 1099 3000 ogni
1114 2936 1211 2983 cosa.

122 3023 213 3089 Diro
228 3026 354 3090 adesso
369 3027 450 3090 dell’
467 3029 586 3092 animo
601 3027 694 3091 della
708 3028 795 3091 citta
809 3044 913 3090 uerso
925 3031 959 3089 la
975 3025 1208 3107 compagnia.
1226 3024 1294 3089 Gia

62 3148 101 3195 sa
116 3134 152 3196 la
169 3131 214 3195 V.
235 3130 276 3195 R.
298 3134 381 3213 qual
400 3134 602 3198 testimonio
625 3134 719 3198 dette
740 3133 946 3213 Monsignor
969 3133 1178 3215 Vicelegato
1200 3144 1235 3197 et
1259 3134 1294 3198 la

64 3240 161 3318 citta,
176 3239 268 3303 della
280 3249 403 3304 nostra
415 3239 648 3322 Compagnia,
658 3258 759 3304 come
770 3239 899 3303 lodano
910 3242 933 3304 l’
946 3240 1106 3304 instituto
1119 3239 1162 3304 de
1173 3240 1294 3304 uiuere

64 3354 97 3408 et
112 3346 304 3426 insegnare
319 3345 353 3409 d’
366 3364 447 3411 essa
458 3346 482 3406 ¹.
498 3347 542 3410 Et
556 3355 793 3411 nuouamente
803 3347 933 3410 scrisse
944 3348 980 3410 la
991 3348 1078 3410 citta
1092 3346 1196 3412 aSua
1208 3345 1294 3411 San·

62 3452 139 3531 tita,
156 3463 192 3515 et
206 3453 304 3517 molti
319 3453 400 3516 altri
414 3454 685 3533 gentilhuomini
700 3454 745 3518 ad
760 3454 878 3517 alcuni
894 3452 1087 3533 Cardinali,
1105 3453 1170 3517 che
1185 3453 1215 3515 si
1236 3452 1293 3514 de-

62 3575 238 3638 gnassero
253 3560 416 3639 agintare
430 3570 556 3642 questo
571 3573 692 3625 nostro
708 3561 869 3640 collegio,
886 3578 957 3624 non
972 3560 1150 3641 puotendo
1161 3560 1194 3623 la
1207 3560 1294 3622 citta

62 3667 154 3729 altro
168 3665 256 3729 sare:
273 3684 292 3729 e
307 3666 426 3731 hanno
441 3668 539 3732 detto
553 3670 619 3731 che
633 3686 655 3730 a
669 3684 708 3730 se
723 3668 753 3730 si
768 3667 805 3730 sa
827 3669 907 3747 quel
927 3667 992 3730 che
1012 3667 1042 3730 si
1063 3666 1099 3730 ia
1119 3667 1154 3729 al
1168 3675 1291 3728 nostro

62 3773 225 3852 collegio.
253 3771 297 3837 Et
316 3774 488 3837 rescrisse
508 3775 529 3837 l’
548 3774 659 3837 Illmo.
682 3772 806 3836 eR.¹¹¹⁰
826 3772 994 3837 Cardinal
1011 3771 1139 3835 Fulvio
1162 3769 1174 3802 ⁸
1198 3789 1219 3833 a
1244 3788 1292 3834 nn

60 3879 304 3958 gentilhuomo
319 3897 420 3944 come
434 3897 505 3943 non
521 3886 540 3942 e
555 3881 604 3943 lui
618 3897 681 3960 per
696 3896 844 3943 mancat
858 3879 929 3943 mai
943 3880 978 3941 al
998 3888 1120 3942 nostro
1140 3877 1291 3957 collegio

104 4119 113 4153 ¹
142 4118 490 4164 P.AndremGalvanellue.

104 4191 115 4222 ¹
141 4191 225 4246 Holus
235 4191 376 4235 testimonii
387 4203 436 4234 non
444 4191 558 4235 meminit
570 4190 640 4243 Pine,
651 4190 693 4234 nbi
709 4189 802 4233 Italiae
814 4190 840 4233 ln
855 4190 972 4233 favorem
987 4187 1126 4233 societatis
1141 4189 1291 4234 testimonia

65 4271 207 4306 enumerat.
220 4263 276 4306 Act.
287 4261 387 4315 Sanct„
399 4272 490 4305 mense
497 4260 581 4317 julio,
590 4267 611 4306 t.
624 4272 670 4314 vn,
683 4259 1047 4315 comm.praev.,nn.491·502.

103 4334 114 4366 ³
142 4333 252 4378 Fulvius
264 4332 388 4387 Corneus,
400 4333 546 4378 Cardlnalis
556 4333 706 4378 Perusinus.

1118 4612 1508 4752 ..A
