3210 5392
198 393 253 452 226
587 394 757 457 Limenia
776 411 1046 463 Quanaruasrnes

200 541 488 620 quotiescumque
510 557 574 603 sua
590 557 698 620 opera
713 541 899 621 indigeret.
920 542 1023 608 Alius
1043 546 1149 610 etiam
1172 565 1192 610 e
1212 549 1347 612 nostris
1367 549 1431 613 suit

199 650 237 712 in
264 648 331 712 hoc
356 647 498 711 Domini
523 646 677 711 aduentu
702 648 738 710 in
763 650 832 711 alio
854 649 1005 730 quodam
1028 652 1158 733 oppido
1183 655 1429 734 concionatus;

199 775 304 840 quem
317 758 464 820 multum
480 753 699 818 auditoribus
719 757 895 835 placuisse
910 775 1011 821 exeo
1037 763 1304 841 cognoscimus,
1336 764 1430 843 quod

198 865 328 929 obnixe
343 864 509 944 petierint
523 864 628 926 uellet
643 863 709 927 sibi
722 864 884 944 proxima
896 875 1047 930 uentura
1060 869 1337 949 quadragesima
1349 888 1429 935 con·

197 973 344 1037 cionari.
361 970 433 1034 Alii
448 969 572 1033 Patres
588 970 785 1033 doctrinam
800 970 1029 1036 christianam
1045 992 1175 1054 pueros
1187 976 1339 1041 edocere
1353 995 1431 1042 coe·

198 1091 337 1161 perunt,
355 1095 445 1158 quae
459 1094 532 1141 non
547 1079 661 1140 solum
677 1078 712 1140 in
728 1095 798 1140 uno
815 1080 907 1158 loco,
924 1088 961 1142 ut
976 1089 1093 1158 antea,
1117 1083 1180 1145 sed
1196 1083 1232 1146 in
1248 1084 1330 1148 aliis
1344 1085 1430 1150 duo·

197 1189 264 1251 bus
279 1185 488 1267 proponitur
504 1184 736 1247 addiscenda:
753 1193 872 1248 tantus
895 1187 989 1249 enim
1008 1198 1061 1251 est
1087 1188 1351 1255 addiscentium
1370 1211 1429 1256 nu·

197 1311 328 1370 meruS,
345 1304 384 1355 ut
399 1291 495 1355 Patri
510 1301 633 1354 nostro
648 1292 763 1355 uisum
777 1291 882 1355 suerit
897 1294 1063 1374 neutique
1079 1297 1241 1360 omnibus
1255 1315 1365 1378 posse
1377 1317 1430 1364 sa·

198 1401 332 1478 tisfieri,
355 1399 424 1462 nisi
438 1397 596 1478 pluribus
612 1398 647 1460 in
669 1398 759 1460 locis
781 1397 943 1462 doctrina
964 1401 1183 1480 recitaretur;
1203 1403 1301 1484 quod
1321 1424 1431 1487 quam

198 1525 320 1570 verum
347 1505 451 1569 luerit
479 1504 721 1584 experimento
741 1506 986 1584 cognoscitur,
1011 1525 1092 1571 cum
1118 1510 1180 1573 vix
1199 1511 1270 1574 tria
1296 1515 1429 1593 templa

196 1614 332 1695 possint
347 1629 470 1676 omnes
485 1611 665 1675 auditores
680 1626 819 1691 capere.
837 1611 994 1693 Cumque
1007 1615 1075 1678 hoc
1091 1615 1280 1681 honestum
1291 1622 1430 1684 exerci-

194 1724 283 1785 tium
297 1719 537 1799 multipliciter
552 1717 771 1781 fructuosum
786 1717 895 1781 fuisse
913 1736 1185 1800 cognoscamuS,
1198 1724 1267 1787 hoc
1279 1743 1345 1789 nos
1354 1729 1428 1808 plu·

194 1830 321 1891 rimum
338 1828 482 1904 solatur,
510 1823 603 1905 quod
619 1825 734 1887 nullus
749 1825 819 1888 iam
835 1825 956 1889 audiat
972 1845 1113 1907 pueros,
1138 1846 1203 1893 nec
1225 1831 1317 1895 alios
1341 1843 1428 1900 natu

193 1933 405 2015 grandiores
420 1933 493 1996 suis
509 1941 703 2011 occupatos
717 1931 854 2011 studiis,
869 1933 985 2013 turpia
1008 1951 1155 2015 canere,
1179 1938 1230 2000 uti
1250 1940 1427 2019 solebant;

194 2043 279 2122 quin
292 2041 411 2121 potius
426 2055 548 2102 omnes
568 2039 721 2100 sentiant
746 2038 835 2101 alios
854 2037 1068 2104 dominicam
1095 2044 1311 2124 orationem,
1336 2049 1428 2112 alios

193 2148 442 2212 salutationem
467 2144 677 2224 angelicam,
696 2144 785 2206 alios
805 2145 1014 2225 symbolum,
1036 2149 1125 2211 alios
1140 2150 1304 2231 decalogi
1324 2172 1425 2234 prae·

193 2264 308 2334 cepta,
325 2269 367 2314 ac
383 2252 472 2314 alios
487 2252 576 2314 alias
591 2251 772 2314 orationes
786 2253 950 2317 recitare.
975 2251 1053 2332 Quo
1069 2255 1107 2318 fit
1126 2265 1163 2319 ut
1178 2260 1234 2321 uel
1250 2261 1424 2340 nolenteS,

192 2371 254 2425 aut
269 2361 370 2441 quasi
383 2359 478 2422 aliud
489 2367 648 2437 agentes,
662 2357 794 2421 Christi
807 2358 1008 2422 doctrinam
1022 2360 1219 2426 addiscant.
1234 2365 1351 2444 Quam
1364 2386 1425 2449 pu·

193 2478 260 2546 tas,
276 2466 353 2530 Rae
368 2465 419 2545 Ρ.,
437 2466 596 2546 patribus
611 2482 689 2527 esse
705 2466 897 2529 iocundum
911 2466 1002 2530 filios
1017 2469 1053 2531 in
1070 2469 1137 2532 hac
1152 2487 1191 2533 re
1206 2472 1342 2551 peritos
1364 2476 1423 2539 ha-

190 2576 286 2653 bere,
300 2590 405 2654 quam
418 2573 575 2651 (honeste
588 2572 739 2653 quidem)
751 2573 911 2651 gloriari!
924 2573 1045 2655 Neque
1057 2585 1110 2638 est
1123 2579 1217 2657 quod
1227 2579 1423 2661 adiungam

191 2690 334 2744 nostrae
354 2680 520 2743 minimae
539 2677 727 2742 Societatis
749 2696 878 2742 nomen
899 2696 961 2759 per
981 2681 1163 2746 ciuitatem
1183 2686 1255 2749 late
1279 2692 1420 2769 uagari,

189 2805 272 2852 cum
286 2787 558 2850 concionatores
572 2803 651 2849 eam
666 2785 804 2866 publice
819 2786 978 2866 pluribus
992 2789 1123 2866 verbis,
1141 2808 1248 2871 quam
1259 2795 1348 2859 mihi
1364 2796 1422 2861 sas

189 2896 234 2958 sit
249 2898 304 2958 uel
320 2894 469 2957 liberum
483 2910 680 2970 recensere,
698 2893 853 2956 laudent.
871 2892 994 2958 Patres
1009 2895 1083 2959 fere
1099 2914 1222 2962 omnes
1237 2903 1295 2964 uel
1309 2903 1346 2966 in
1363 2923 1422 2968 au·

189 3002 326 3065 diendis
338 3000 630 3076 confessionibus,
645 3001 702 3062 uel
714 3000 748 3061 in
761 2999 956 3063 inuisendis
971 3012 1005 3065 et
1021 3004 1236 3068 xenodochii
1253 3018 1288 3071 et
1301 3027 1420 3076 carce·

187 3109 237 3171 ris
251 3108 478 3188 pauperibus,
496 3108 551 3169 uel
567 3108 603 3170 in
619 3107 696 3169 aliis
713 3107 747 3169 id
763 3124 876 3185 genus
892 3109 1059 3187 operibus
1074 3123 1307 3191 occupantur.

247 3213 372 3277 Mulier
387 3214 562 3294 quaedam
577 3213 692 3276 iuerat
705 3232 725 3275 a
742 3214 858 3277 mariti
875 3217 1087 3280 commercio
1103 3235 1165 3298 per
1178 3230 1275 3285 totos
1291 3224 1421 3305 uiginti

186 3339 299 3383 annos
318 3320 505 3394 disiuncta,
522 3338 613 3401 quae
628 3320 724 3383 nulla
744 3321 881 3383 ratione
902 3332 1041 3401 poterat
1065 3324 1109 3385 ab
1131 3327 1250 3406 aliquo
1274 3331 1420 3396 suaderi

186 3438 223 3490 ut
238 3427 284 3489 ad
299 3427 417 3490 mariti
432 3427 649 3491 consortium
664 3427 780 3490 redire
795 3429 901 3490 uellet
921 3429 1001 3506 (hoc
1025 3431 1154 3494 marito
1180 3431 1298 3498 iuerat
1314 3454 1419 3502 occa·

184 3535 275 3596 sioni
297 3545 333 3596 ut
355 3534 462 3597 aliam
481 3535 663 3597 mulierem
685 3545 889 3614 quaereret,
914 3553 993 3598 cum
1015 3554 1085 3616 qua
1109 3555 1173 3618 per
1193 3549 1287 3605 totos
1308 3544 1418 3611 hosce

183 3658 297 3702 annos
311 3641 497 3703 inhoneste
513 3641 659 3717 uiueret,
676 3658 722 3703 ex
737 3659 807 3720 qua
823 3641 893 3703 iam
915 3641 1005 3704 filios
1025 3648 1304 3728 procreauerat);
1323 3651 1417 3716 hanc

182 3747 301 3827 itaque
313 3748 495 3810 mulierem
507 3764 597 3810 unus
609 3765 628 3809 e
640 3747 1416 3838 nostrisconlitentemaudienstamdiligen·

183 3861 253 3916 tem
268 3855 363 3917 dedit
379 3870 525 3934 operam
540 3854 575 3916 in
590 3871 632 3915 ea
648 3852 692 3914 ad
708 3854 942 3916 salubriorem
953 3855 1049 3917 uitae
1061 3868 1192 3921 statum
1204 3875 1414 3929 conuerten-

181 3960 239 4038 da,
257 3971 294 4023 ut
308 3961 357 4023 illi
374 3962 457 4038 (non
472 3961 547 4022 sine
562 3976 693 4037 magno
707 3959 841 4037 labore)
863 3963 1080 4039 persuaserit
1102 3965 1206 4027 uellet
1228 3967 1276 4030 ad
1295 3971 1416 4035 mariti

180 4067 335 4145 gratiam
351 4067 477 4129 redire:
494 4084 584 4146 quae
600 4066 682 4143 iam,
699 4083 770 4128 non
785 4066 852 4128 hoc
871 4068 985 4129 solum
1005 4078 1182 4149 contenta,
1200 4071 1292 4138 filios
1306 4077 1416 4141 etiam

180 4172 398 4235 adulterinos
414 4173 570 4235 decreuit
585 4172 630 4235 ad
646 4182 799 4235 aetatem
811 4189 921 4252 usque
934 4171 1130 4253 perfectam
1142 4177 1178 4239 in
1193 4183 1341 4261 propria
1355 4184 1414 4247 do·

180 4295 238 4340 mo
254 4295 386 4358 suoque
407 4279 535 4341 sudore
556 4279 702 4341 nutrire.
729 4278 810 4340 Alia
831 4279 967 4357 mulier,
990 4298 1011 4342 a
1032 4282 1159 4346 marito
1180 4285 1218 4348 in
1237 4288 1413 4354 adulterio

179 4384 409 4465 deprehensa,
426 4384 566 4464 lugiens
580 4386 706 4465 ipsum,
721 4386 757 4446 in
773 4386 896 4448 matris
906 4402 992 4449 suae
1005 4386 1148 4452 domum
1160 4409 1199 4455 se
1209 4407 1410 4477 receperat:

181 4509 289 4571 quam
304 4502 415 4555 mater
431 4492 631 4571 admittens,
654 4492 849 4554 incredibili
870 4509 1043 4571 generum
1063 4512 1166 4561 suum
1189 4499 1270 4565 odio
1291 4520 1409 4583 prose·

176 4599 361 4678 quebatur:
375 4600 467 4661 hanc
480 4600 661 4661 mulierem
674 4600 808 4663 audiuit
822 4601 911 4662 alius
925 4599 1040 4679 Pater,
1055 4585 1125 4683 qui,
1139 4606 1257 4670 virum
1269 4610 1346 4673 eius
1362 4611 1409 4673 al·
