3210 5392
567 419 741 478 errsnae
760 434 1035 487 ouannruasrnas

665 1097 936 1183 GOCXXXV

240 1449 649 1523 Robertusclayssonius,

276 1548 327 1609 Ex
341 1549 583 1608 commissione
597 1548 707 1607 Patris
722 1547 896 1606 Paschasii
909 1547 1021 1617 Broet,

309 1649 402 1708 Patri
416 1647 544 1720 ignatio
558 1646 599 1705 de
614 1645 754 1720 Loyola.

347 1746 501 1813 ParisiiS,
517 1744 530 1802 l
546 1743 743 1803 Decembris
759 1743 829 1803 1554
840 1744 859 1799 ¹.

247 2056 321 2120 Pax
336 2056 478 2120 Domini
493 2056 560 2120 Dei
575 2058 687 2121 nostri
697 2059 781 2140 Jesu
794 2058 927 2121 Christi
943 2056 1100 2137 perfecta
1111 2074 1178 2121 nos
1192 2058 1301 2121 donet
1316 2057 1424 2122 liber·

186 2174 272 2227 tate.

245 2270 321 2334 Rae
337 2272 373 2334 in
394 2271 536 2334 Christo
556 2269 678 2334 Pater:
699 2270 841 2334 humilis
866 2271 1085 2334 obedientiae
1111 2278 1216 2350 atque
1238 2269 1424 2335 officiosae

185 2378 406 2442 salutationis
425 2378 621 2458 praemisso
641 2378 824 2458 obsequio,
841 2376 1091 2440 Reuerentiam
1110 2387 1208 2440 tuum
1226 2374 1423 2441 Societatis

185 2486 409 2564 negotiorum
424 2486 461 2547 in
472 2485 539 2546 hac
551 2483 744 2547 Parisiensi
759 2483 967 2559 Academia,
985 2484 1080 2547 haud
1091 2492 1216 2562 status,
1230 2484 1294 2547 sed
1310 2486 1422 2548 turbi-

185 2592 256 2671 niS,
281 2609 352 2655 non
367 2608 566 2668 successus,
590 2590 652 2654 sed
674 2601 928 2671 praeposterae
948 2591 1205 2670 commotionis
1226 2591 1422 2655 certiorem

185 2699 375 2762 reddimus.
397 2698 508 2778 Atqui
532 2707 612 2778 post
637 2714 783 2760 saeuam
807 2697 980 2761 ferocium
1005 2698 1201 2761 animorum
1227 2706 1423 2779 tempesta·

184 2817 273 2885 tem,
293 2816 417 2886 portus
438 2805 617 2869 salubrem
637 2805 930 2886 tranquillitatem
952 2813 988 2867 et
1006 2821 1191 2884 speramus
1214 2813 1250 2867 et
1270 2805 1420 2869 medita·

185 2930 275 2976 mur.
285 2911 429 2993 juuabit
444 2912 634 2993 aliquando
648 2912 849 2975 meminisse
859 2911 1021 2974 laborum
1033 2921 1140 2992 atque
1152 2928 1420 2988 aerumnarum,

184 3021 312 3100 quibus
327 3021 483 3098 obnoxii,
500 3029 747 3098 corruptorum
762 3020 943 3082 hominum
957 3019 1142 3082 venenatis
1153 3019 1421 3097 proscindimus

184 3128 331 3206 linguiS,
359 3127 544 3189 calumniis
575 3126 813 3202 confodimur,
846 3126 963 3205 impiis
987 3126 1281 3205 persuasionibus
1310 3144 1421 3189 aures

185 3235 324 3313 piorum
339 3231 613 3295 obtundentibus
629 3234 893 3295 conculcamur.
908 3231 1008 3295 Adeo
1024 3232 1212 3311 desperata
1226 3242 1281 3295 est
1295 3231 1419 3297 Socie-

184 3341 282 3417 tatis,
304 3340 476 3401 hactenus
498 3339 555 3401 hic
577 3340 752 3417 sepultae,
770 3356 863 3401 nunc
888 3355 975 3400 vero
998 3338 1168 3417 paulatim
1187 3341 1418 3418 emergentis

183 3449 290 3508 salus,
309 3443 378 3508 Sed
400 3445 546 3507 dextera
563 3442 707 3507 Domini
727 3445 801 3507 vim
820 3455 926 3524 atque
948 3445 1131 3523 energiam
1155 3461 1257 3508 suam
1279 3456 1418 3525 exeret,

182 3562 216 3614 et
232 3552 381 3614 salutem
396 3551 599 3630 operabitur
615 3552 651 3613 in
666 3551 781 3613 medio
798 3561 931 3627 terrae,
948 3552 1005 3613 vel
1020 3551 1236 3614 aduersariis
1251 3552 1417 3615 testibus.

183 3658 286 3721 Initia
301 3659 442 3738 quidem
457 3658 618 3721 dolorum
639 3675 704 3719 nos
728 3658 843 3720 adhuc
861 3667 987 3736 vrgent
1003 3676 1045 3720 ac
1065 3669 1245 3737 premunt,
1262 3659 1419 3722 necdum

182 3765 261 3828 finis
287 3767 467 3845 praelucet
493 3776 566 3826 tarn
591 3764 710 3826 acerbi
735 3775 840 3844 atque
867 3764 1024 3826 diuturni
1047 3764 1198 3826 laboris:
1224 3763 1288 3826 sed
1315 3765 1420 3828 dabit

182 3871 280 3934 Deus
295 3871 349 3933 his
365 3888 503 3951 quoque
518 3869 623 3933 finem
638 3872 837 3948 laetiorem,
859 3887 966 3950 quam
982 3888 1046 3949 pro
1062 3871 1216 3933 humana
1233 3872 1418 3948 opinione.

242 3977 414 4056 Theologi
429 3988 593 4040 asserunt
614 3994 652 4039 se
673 3977 851 4056 priuatum
868 3977 1008 4057 quidem
1022 3975 1066 4039 de
1080 3976 1311 4041 facultatibus
1328 3977 1418 4042 Pon·

181 4084 289 4147 tificia
301 4084 511 4147 auctoritate
524 4082 691 4146 Societati
704 4084 885 4146 concessis
898 4083 1019 4146 tulisse
1032 4084 1227 4147 arbitrium.
1242 4082 1292 4147 At
1304 4086 1418 4167 publi·

182 4208 261 4253 cam
277 4189 461 4270 Synodum
476 4189 652 4268 (Calendis
666 4191 809 4268 graecis
823 4190 914 4253 forte
928 4190 1137 4269 cogendam)
1154 4192 1419 4270 expectandam

180 4316 273 4376 csse,
286 4314 356 4377 qua
369 4307 505 4374 coacta,
520 4298 649 4376 singuli
661 4297 872 4359 sententiam
887 4298 1163 4376 promulgabunt
1178 4314 1285 4379 super
1298 4297 1418 4363 Socie-

181 4405 264 4466 tatis
280 4404 504 4481 admissione,
522 4421 564 4465 ac
579 4404 719 4466 demum
735 4405 892 4466 vniuersi
908 4405 1087 4467 communi
1105 4403 1278 4484 suffragio
1296 4406 1341 4468 de
1357 4424 1419 4469 no·

221 4645 227 4675 ¹
258 4645 447 4700 Autographae
458 4643 484 4687 in
495 4645 590 4699 duplici
601 4645 671 4699 solio,
685 4657 726 4688 nn.
739 4645 780 4688 253
790 4654 815 4688 et
827 4645 875 4689 251.
