3210 5392
183 406 239 465 220
569 406 741 464 errsaas
760 419 1032 473 ouaoarusssrass

247 552 314 631 Qui
328 553 454 615 litteris
469 553 735 616 humanioribus
750 561 884 615 nauant
900 569 1062 631 operam,
1084 552 1273 630 diligenter
1288 567 1422 614 memo·

187 661 278 723 riam
295 661 462 722 excolunt
476 660 663 739 stilumque
678 667 857 721 exercent.
875 658 943 737 Qui
954 676 1041 721 vero
1053 658 1089 722 in
1101 657 1327 738 philosophia
1343 674 1421 720 ver-

186 777 321 842 santur,
338 765 635 846 disputationibus
647 775 680 827 et
693 765 876 845 colloquiis
891 765 959 827 arti
971 764 1263 827 conuenientibus
1275 764 1423 827 assidue

184 882 353 952 tractant,
380 873 509 953 singuli
535 872 686 952 denique
712 889 777 952 pro
802 872 972 935 facultate
987 882 1022 935 et
1044 872 1160 934 studio
1180 871 1343 934 nituntur
1363 871 1422 949 (vt

185 998 267 1044 cum
282 980 431 1043 Horatio
447 981 583 1059 loquar)
600 990 759 1060 optatam
775 980 980 1059 contingere
996 989 1127 1042 metam
1146 978 1166 1041 ¹.

246 1087 396 1151 Caetera
416 1089 523 1150 etiam
545 1087 697 1150 instituti
715 1085 846 1163 officia,
868 1103 959 1166 quae
980 1085 1025 1148 ad
1044 1087 1194 1149 salutem
1214 1086 1421 1149 animarum

185 1193 384 1272 conferunt,
402 1194 568 1257 continua
587 1211 657 1273 qua
677 1211 864 1273 possumus
884 1193 1065 1272 diligentia
1088 1203 1124 1256 et
1143 1194 1301 1256 omnium
1323 1194 1419 1256 vtili·

185 1309 257 1364 tate
273 1318 315 1363 ac
330 1303 455 1376 salute,
473 1317 553 1363 cum
568 1301 718 1381 priuatis
732 1300 1050 1372 exhortationibus
1067 1310 1142 1362 tum
1157 1300 1265 1362 etiam
1281 1299 1420 1362 confes·

185 1408 344 1471 sionibus
358 1407 555 1485 audiendis,
568 1400 788 1470 exercemus:
801 1417 970 1486 perpetuo
982 1404 1152 1469 Sanctum
1167 1406 1392 1470 Germanum
1407 1406 1419 1436 ³

185 1514 309 1576 diebus
322 1513 422 1577 festis
437 1513 713 1594 frequentamus
730 1530 811 1593 qu0,
828 1513 887 1592 qui
906 1513 1072 1577 flantibus
1092 1513 1260 1593 procellis
1280 1513 1419 1576 defece-

184 1631 265 1683 rant
288 1619 310 1698 ³,
332 1621 403 1683 iam
422 1621 491 1683 illis
509 1620 768 1699 quodammodo
788 1620 897 1700 sopiri
916 1620 1180 1701 incipientibuS,
1202 1622 1419 1684 cateruatim

184 1736 383 1805 recurrunt,
395 1728 483 1790 alios
495 1744 613 1790 secum
625 1726 881 1806 pertrahentes;
894 1735 1063 1807 tantaque
1074 1736 1128 1790 est
1138 1744 1246 1807 saepe
1254 1726 1418 1806 frequen·

185 1836 247 1913 tia,
262 1846 300 1898 vt
315 1833 524 1897 confessarii
535 1850 657 1896 omnes
669 1832 791 1896 audire
802 1850 873 1896 non
885 1833 1070 1913 sufficiant,
1084 1835 1247 1914 quamuis
1259 1847 1344 1898 ante
1357 1851 1417 1896 au·

186 1958 306 2003 roram
328 1941 516 2020 incipiant;
540 1941 699 2002 nonnulli
721 1939 838 2002 taedio
856 1940 942 2003 victi
967 1940 1109 2015 abeunt;
1135 1941 1224 2004 alios
1242 1950 1418 2004 reuocant

185 2048 302 2111 studia
318 2056 353 2109 et
367 2048 547 2124 lectiones,
563 2065 655 2127 quae
670 2057 753 2110 tunc
769 2047 937 2127 temporis
951 2047 988 2111 in
1003 2048 1162 2126 collegiis
1177 2047 1416 2123 celebrantur;

186 2155 275 2216 alios
289 2163 419 2231 autem,
437 2154 496 2234 qui
511 2152 667 2216 nondum
682 2154 914 2217 suauissimos
929 2154 995 2216 hos
1008 2153 1146 2217 fructus
1165 2152 1415 2233 degustarunt,

185 2262 333 2340 quaevis
349 2261 521 2337 molestia,
540 2272 600 2323 aut
614 2261 761 2339 maligni
782 2261 927 2341 spiritus
946 2260 1036 2324 falsa
1057 2261 1241 2341 persuasio
1263 2262 1415 2342 repellit,

185 2367 430 2448 accedensque
446 2368 668 2431 extrinsecus
682 2367 797 2447 frigus
811 2367 987 2446 igniculos
1005 2369 1165 2431 internos
1179 2367 1339 2432 nondum
1360 2386 1416 2432 sa·

185 2474 231 2537 tis
246 2492 417 2538 accensos
432 2475 535 2538 facile
551 2475 663 2538 vincit
679 2493 722 2537 ac
736 2485 891 2555 superat.

245 2580 313 2661 Qui
328 2599 413 2644 vero
425 2579 499 2661 jam
513 2583 728 2644 exercitatos
743 2582 873 2644 habent
893 2599 1018 2646 sensus
1038 2595 1185 2663 propter
1203 2582 1413 2647 diuturnum

185 2689 222 2751 in
236 2687 304 2751 hac
320 2705 429 2750 arena
444 2698 635 2765 certamen,
653 2698 771 2751 tantos
786 2689 821 2751 in
838 2689 895 2751 via
910 2688 1053 2752 Domini
1068 2687 1228 2752 fecerunt
1248 2706 1416 2770 progres-

184 2812 257 2873 sus,
274 2804 313 2857 vt
328 2811 468 2857 murum
483 2812 560 2857 sese
580 2811 645 2874 pro
667 2792 771 2857 domo
793 2795 869 2857 eius
888 2795 1041 2858 obiicere
1056 2812 1128 2858 non
1147 2795 1325 2874 dubitent,
1349 2813 1416 2860 nec

185 2902 335 2965 aliorum
351 2902 486 2964 scelera
503 2901 705 2980 publicosue
721 2918 861 2965 errores
874 2903 992 2981 palam
1006 2903 1244 2982 priuatimque
1260 2919 1417 2983 arguere

184 3009 290 3072 etiam
306 3025 386 3071 cum
401 3009 497 3071 vitae
513 3009 668 3088 periculo
688 3008 928 3071 reformident.

244 3114 373 3178 Mirum
388 3123 442 3178 est
457 3125 552 3178 certe
568 3115 603 3177 in
616 3112 804 3193 juuenibus
825 3125 960 3178 tantam
980 3116 1101 3178 videre
1122 3115 1230 3179 animi
1249 3128 1418 3179 constan-

184 3223 286 3300 tiam,
304 3222 520 3285 christianae
540 3221 722 3300 religionis
738 3233 772 3284 et
787 3221 853 3284 Dei
868 3222 1005 3300 gloriae
1021 3223 1153 3285 zelum:
1171 3238 1418 3302 quoscumque

184 3329 353 3391 aberrare
368 3327 576 3407 percipiunt,
594 3327 713 3389 solerti
729 3327 912 3407 diligentia
927 3329 963 3391 in
979 3329 1074 3391 viam
1092 3340 1227 3391 rectam
1240 3327 1416 3392 reducere

185 3435 356 3497 nituntur.
383 3432 564 3513 Quosdam
590 3434 696 3497 etiam
720 3435 864 3512 videas,
895 3435 954 3514 qui
982 3435 1171 3514 pinguibus
1200 3434 1418 3499 sacerdotiis

185 3541 313 3619 obruti,
331 3550 516 3621 praetextu
538 3541 734 3604 studiorum
754 3552 788 3603 et
809 3540 1042 3622 quorumdam
1062 3542 1247 3604 doctorum
1264 3543 1417 3606 consilio

184 3647 276 3723 freti,
294 3663 372 3710 sese
388 3664 409 3708 a
425 3647 667 3728 persoluendis
678 3648 781 3711 statis
792 3649 956 3728 precibus
968 3649 1098 3711 liberos
1109 3647 1320 3711 iudicarent.
1334 3649 1417 3732 Jam

186 3771 272 3816 vero
288 3753 478 3817 cimmeriis
493 3754 692 3816 huiusmodi
707 3754 861 3816 tenebris
876 3755 1038 3817 veritatis
1053 3754 1185 3817 lumine
1200 3753 1415 3834 profligatis

182 3878 254 3924 non
270 3862 384 3924 solum
399 3877 522 3940 preces
537 3860 762 3939 quotidianas
781 3860 968 3938 diligenter
986 3862 1209 3940 persoluunt,
1226 3861 1417 3926 sedetiam

182 3986 324 4032 sacram
336 3967 502 4048 synaxim
514 3983 651 4029 summa
664 3984 744 4029 curn
757 3966 943 4030 deuotione
955 3966 1191 4046 frequentant,
1203 3966 1300 4030 vitae
1314 3985 1418 4047 prae-

183 4077 307 4138 teritae
322 4074 486 4139 miserias
502 4073 680 4151 deflentes;
698 4091 806 4154 quare
821 4092 882 4137 eos
896 4073 1077 4154 quondam
1087 4090 1192 4137 veros
1203 4072 1341 4138 Christi
1352 4076 1416 4139 rni-

226 4354 231 4375 ·
263 4349 345 4404 Epist.
357 4351 389 4394 ad
400 4349 497 4401 Pis.‚v.
508 4349 559 4393 ⁴12.

148 4438 150 4443 ·
223 4428 234 4456 ²
263 4422 352 4467 Sancti
364 4422 486 4466 Germani
498 4425 631 4478 templum.

222 4497 233 4524 ⁵
261 4495 350 4540 Sermo
360 4502 400 4539 est
410 4507 459 4539 non
471 4497 501 4538 de
511 4496 543 4539 ils
554 4498 644 4552 solum,
655 4496 698 4551 qul
708 4508 724 4540 a
735 4494 866 4541 Societate
877 4494 1109 4546 defecerant(Vlde
1120 4505 1212 4550 supra,
1219 4499 1239 4539 t.
1249 4504 1278 4545 u.
1286 4505 1350 4550 pag.
1357 4495 1418 4549 662),

182 4571 229 4615 sed
238 4571 268 4612 de
280 4567 310 4611 iis
320 4567 400 4610 etiam
410 4568 453 4621 qui
461 4579 477 4610 a
487 4575 634 4611 nostrorum
645 4569 774 4613 consortio
785 4567 980 4622 frequentando,
991 4566 1090 4610 exortis
1099 4565 1300 4611 turbationibus
1314 4572 1419 4622 perter-

181 4643 285 4694 refacti,
295 4639 460 4683 destiterant.
470 4639 546 4691 (Vide
559 4639 671 4685 Pocaucr
682 4640 784 4694 Cicron„
795 4648 813 4684 t.
826 4653 860 4692 iv,
871 4651 931 4694 pag.
941 4638 990 4686 ³18.
999 4650 1024 4682 n.
1034 4638 1093 4690 (vbi.)
