3210 5392
559 445 623 504 ΑΝ.
645 444 715 503 1555
1194 443 1250 504 673

101 593 198 657 biuos
213 612 238 674 y
251 593 412 657 efficazes
426 593 571 656 desseos
586 593 630 655 de
645 594 679 655 la
695 591 797 655 salud
819 612 843 673 y
856 591 1012 656 remedio
1027 590 1070 654 de
1085 607 1146 652 sus
1168 607 1248 653 oue·

90 753 92 762 .
106 719 128 780 y
141 710 203 764 tan
217 709 343 763 saneta
359 699 498 763 afficion
513 703 534 762 a
550 701 601 762 los
618 708 781 762 nuestros
794 704 835 778 ,a
858 699 965 780 quien
976 695 1083 778 J'uzga
1098 714 1164 777 por
1179 714 1249 760 me·

90 821 200 888 smuy
214 806 383 871 comodos
397 824 485 887 para
499 808 577 870 ello.
595 807 636 870 El
652 804 766 869 Senot
785 807 817 869 le
832 804 875 868 de
897 824 941 869 en
955 804 1039 869 todo
1062 821 1105 868 su
1124 804 1251 884 gracia

90 929 115 975 ’a
128 931 195 994 que
209 915 357 995 prosiga
372 931 416 976 en
430 915 484 976 los
504 929 641 976 nueuos
664 914 864 993 propositos
884 922 947 976 tan
968 921 1111 975 sanctos
1131 927 1199 991 que
1219 911 1252 972 el

90 1023 142 1084 fior
156 1039 201 1085 en
215 1038 258 1084 su
273 1022 366 1084 alma
381 1039 403 1083 a
417 1021 599 1101 plantado,
616 1040 640 1100 y
655 1026 676 1083 a
692 1022 741 1085 mi
755 1040 779 1101 y
794 1025 816 1083 a
831 1020 914 1085 todo
929 1022 962 1083 el
975 1018 1106 1084 mundo
1120 1035 1187 1082 nos
1208 1019 1253 1082 de

90 1127 172 1191 entir
186 1147 210 1207 y
225 1129 374 1208 cumplir
389 1145 431 1191 su
446 1128 673 1191 sanctissima
688 1127 870 1192 voluntad.
884 1126 1011 1191 Amen.

91 1228 141 1297 De
155 1233 291 1298 Murcia
304 1234 344 1297 27
360 1233 403 1297 de
417 1232 611 1298 Setiembre
630 1235 718 1298 1555.

187 1340 242 1404 De
257 1340 302 1406 V.
321 1340 357 1404 P.
375 1342 621 1420 indignissimo
638 1341 756 1405 sieruo
771 1357 816 1404 en
831 1339 982 1419 Christo,

919 1552 1094 1621 Rmma.

90 1867 357 1954 Superscrzptio
383 1873 420 1935 in
445 1872 563 1936 altera
572 1873 731 1952 pagina:
756 1872 911 1956 †Jesus.
938 1873 986 1937 Al
1009 1890 1095 1954 muy
1118 1872 1197 1937 R.‘¹⁰
1215 1891 1260 1937 en
1333 1937 1335 1943 .

90 1976 170 2044 isto
186 1978 301 2042 Padre
316 1981 348 2042 el
364 1978 400 2042 P.
417 1979 522 2042 Mtr0.
536 1980 674 2059 Ignatio
692 1979 736 2044 de
750 1979 897 2060 Loyola,
911 1979 1093 2060 Preposito
1105 1979 1259 2044 General

90 2100 116 2148 a
134 2086 335 2165 Compania
351 2087 394 2148 de
408 2084 523 2167 Jesus,
540 2085 666 2150 Roma.

90 2191 174 2255 ilia
196 2209 322 2254 manu:
349 2192 426 2255 1555
448 2192 467 2254 ¹.
495 2192 643 2255 Murcia.
668 2192 721 2255 De
749 2191 898 2275 Ripalda
920 2192 959 2255 27
985 2191 1028 2256 de
1052 2190 1258 2258 Setiembre.

90 2323 96 2336 ·
127 2297 207 2362 {130
221 2299 264 2361 <le
283 2299 433 2376 Abril.†

90 2474 246 2488 Q——n

92 2571 186 2619 Prius
194 2575 320 2629 scriptum
330 2582 386 2618 erat
399 2575 457 2628 1556,
468 2575 535 2618 forte
546 2576 606 2630 quia
617 2574 726 2618 Romam
736 2585 767 2618 eo
778 2586 846 2619 anno
855 2581 1020 2630 perveneram
1037 2576 1082 2619 ned
1098 2556 1263 2623 emendaffn

90 2653 95 2683 2
119 2652 203 2690 recte.
