3210 5392
163 1010 275 1055 lentium
286 1008 373 1054 Patris
383 1008 564 1063 christophori
575 1007 720 1064 Rodrlguez
734 1008 883 1053 litterarum
892 1008 1003 1053 latinum
1012 1009 1163 1065 exemplum
1176 1008 1194 1053 Ι.

587 1250 662 1370 nis

163 1549 276 1612 rodum
291 1548 367 1613 R.de
389 1548 507 1612 Pater.

163 1655 200 1718 :ia
215 1665 251 1719 et
266 1673 337 1736 pax
352 1654 495 1719 Domini
516 1655 629 1718 nostri
651 1653 735 1737 Jesu
757 1653 890 1717 Christi
910 1651 956 1716 sit
976 1668 1057 1716 cum
1075 1652 1239 1717 omnibus

162 1764 271 1825 lmen.
563 1764 566 1769 ’

162 1869 330 1932 maiorem
351 1868 503 1948 gloriam
522 1866 764 1948 praepotentis
786 1864 869 1944 Dei,
891 1865 1101 1930 charissime
1121 1864 1241 1946 Pater,

165 1977 214 2038 ris
230 1976 341 2039 literis
356 1987 390 2040 te
405 1975 535 2039 faciam
550 1977 738 2038 certiorem
754 1974 796 2037 de
812 1973 986 2051 omnibus,
999 1990 1089 2052 quae
1102 1989 1165 2053 per
1176 1990 1243 2037 nos

162 2100 223 2147 nor
237 2083 418 2146 mensibus
432 2083 605 2164 proximis
620 2082 744 2159 (adiuti
762 2081 843 2159 (sic)
865 2080 985 2160 gratia
1004 2080 1138 2160 diuina)
1160 2089 1241 2146 acta

164 2190 332 2271 itiumque
347 2189 478 2254 faciam
494 2190 538 2253 ab
552 2188 640 2269 ipsis
652 2188 925 2252 neochristianis
937 2187 1085 2251 huiusce
1095 2196 1241 2253 nostrae

161 2313 215 2375 ae,
232 2297 352 2377 inqua
375 2307 409 2360 et
427 2297 569 2378 plurimi
590 2306 683 2374 sunt,
705 2306 740 2360 et
759 2295 812 2374 (vt
827 2294 951 2374 fertur)
965 2302 1085 2358 sectae
1098 2294 1243 2359 Machu·

162 2404 276 2482 ligiosi
290 2404 459 2483 cultores;
475 2421 581 2483 quam
597 2419 672 2466 rem
687 2412 812 2482 aperte
827 2402 1013 2466 declarant
1031 2401 1163 2466 ieiunia
1181 2418 1244 2465 va·

162 2511 284 2574 mimus
306 2510 531 2574 vehementer
550 2508 714 2573 addictus
735 2508 836 2589 operi
853 2508 1126 2586 Machumetico,
1147 2507 1242 2588 quod

162 2634 234 2680 rum
253 2618 442 2697 appellant.
463 2616 693 2698 Deplorauda
712 2632 799 2679 sane
820 2615 1007 2679 calamitas
1027 2614 1150 2678 videre
1171 2614 1244 2677 ani·

162 2741 231 2787 um
246 2725 291 2787 ad
306 2724 493 2787 veritatem
508 2723 781 2804 amplexandam
796 2721 887 2786 adeo
905 2724 999 2785 male
1019 2720 1182 2799 affectos,
1203 2729 1243 2784 vt

162 2831 232 2894 iire
247 2841 427 2908 recusent,
444 2830 654 2911 praesertim
669 2847 749 2894 cum
764 2829 833 2892 illis
846 2827 885 2893 fit
898 2845 1016 2892 sermo
1030 2828 1073 2891 de
1088 2825 1242 2891 Domino

161 2938 269 3000 iristo.
286 2937 437 3016 Quidam
453 2936 559 3001 Pater
572 2936 676 3000 huius
689 2936 803 3000 nostri
818 2935 959 3014 collegii
973 2934 1090 3014 coepit
1104 2948 1241 2997 summo

162 3058 182 3106 tt
198 3043 379 3123 diligentia
395 3044 576 3124 sigillatim
591 3043 782 3107 conuenire
802 3041 992 3121 magistros
1011 3039 1116 3104 huius
1134 3040 1240 3119 pesti·

161 3167 230 3213 nae
245 3160 365 3213 sectae
379 3158 414 3213 et
428 3151 597 3230 primates
616 3166 751 3228 eorum,
773 3157 879 3229 atque
900 3164 982 3212 cum
997 3147 1049 3210 eis
1063 3147 1155 3210 clam
1169 3147 1241 3210 col-

161 3258 306 3319 :saltem
321 3256 389 3320 hac
403 3258 541 3320 ratione
556 3255 639 3337 quid
659 3256 695 3319 in
718 3258 836 3320 animo
857 3256 1031 3318 haberent
1049 3254 1243 3334 deprehen-

164 3381 209 3426 uo
220 3363 359 3426 facilius
370 3373 489 3443 posset
501 3381 562 3427 eos
574 3380 594 3425 a
607 3372 705 3426 secta
717 3380 829 3443 praua
842 3360 887 3425 ad
899 3378 1023 3424 veram
1034 3360 1242 3441 religionem

163 3487 287 3549 ocare;
305 3487 454 3550 cumque
469 3470 505 3533 in
520 3488 562 3533 ea
578 3488 616 3533 re
632 3476 889 3550 perseueraret,
906 3477 987 3548 post
1005 3469 1115 3531 multa
1135 3467 1184 3530 illi
1203 3484 1242 3531 se

161 3595 186 3640 ·e
201 3577 340 3640 versari
354 3577 505 3656 ingenue
517 3577 671 3641 confessi
683 3584 776 3650 sunt,
790 3576 939 3639 libenter
950 3591 989 3638 se
1000 3577 1149 3656 peccata
1160 3591 1241 3637 con-

161 3685 410 3765 spollicentes.
431 3684 687 3748 Verumtamen
708 3683 829 3746 statim
853 3681 1022 3762 promissi
1047 3681 1146 3745 obliti
1170 3679 1242 3744 fue-

161 3807 347 3871 uamquam
361 3808 422 3854 eos
437 3800 472 3853 et
484 3787 621 3854 hortari
638 3799 673 3853 et
692 3806 836 3853 monere
856 3787 961 3851 Pater
981 3788 1039 3850 ille
1061 3804 1133 3850 non
1152 3787 1242 3851 desi·

161 3897 217 3960 His
231 3898 404 3977 proximis
419 3897 542 3961 diebus
557 3895 700 3977 quidam
721 3895 892 3975 magister
911 3911 1046 3972 eorum,
1068 3894 1129 3974 qui
1148 3893 1240 3957 inter

161 4014 231 4067 etur
246 4005 483 4084 principatum
499 4003 670 4081 obtinere,
686 4002 870 4066 confessus
884 4011 939 4065 est
952 4001 1055 4065 nobis
1070 4016 1134 4063 sua
1156 4017 1241 4080 pec·

174 4120 270 4174 recte
286 4111 434 4189 (gratias
449 4110 552 4188 Deo),
570 4110 619 4172 ita
635 4119 674 4173 vt
688 4125 872 4190 speremus
886 4109 962 4171 eius
984 4124 1093 4187 opera
1113 4108 1241 4171 multos

160 4235 214 4280 em
228 4234 306 4280 esse
319 4216 489 4282 facturos.
506 4216 543 4280 ld
559 4216 654 4298 quod
668 4215 751 4279 fecit
767 4216 838 4279 iam
853 4214 997 4296 quidam
1011 4232 1057 4278 ex
1071 4214 1122 4277 eis
1135 4212 1242 4277 valde

161 4341 234 4386 sus.
251 4324 289 4387 In
312 4325 447 4387 duobus
467 4325 582 4404 pagis,
607 4325 642 4386 in
664 4322 790 4404 quibus
811 4338 934 4385 eorum
956 4331 1010 4384 est
1030 4319 1240 4401 frequentia,

177 4431 299 4493 diebus
319 4431 506 4494 dominicis
526 4430 670 4511 quidam
689 4446 736 4492 ex
753 4429 887 4493 nostris
908 4428 1049 4508 publica
1070 4427 1242 4491 concione

160 4673 294 4726 igraphum
305 4671 401 4726 dupllcl
411 4673 481 4724 folio,
491 4684 516 4717 n.
527 4672 577 4717 51⁶.
