3210 5392
558 1141 770 1227 CDXLII

105 1491 142 1550 P.
159 1492 280 1551 Petrus
293 1491 463 1563 Acebedo,

137 1587 192 1647 Ex
202 1590 445 1649 commissione
462 1591 570 1650 Patris
584 1590 748 1666 Alphonsi
761 1593 803 1652 de
817 1592 949 1666 Zarate,

171 1688 265 1747 Patri
277 1688 407 1762 lgnatlo
420 1690 461 1749 de
474 1689 614 1763 Loyola.

208 1784 376 1860 Corduba,
392 1787 427 1845 27
441 1787 637 1848 Decembris
652 1787 722 1848 1555
736 1789 754 1844 ¹.

619 1997 717 2146 a

110 2312 186 2376 Pax
201 2312 345 2392 Christi,
363 2324 429 2378 etc.

106 2417 204 2498 Quae
218 2422 333 2484 relatu
349 2420 458 2501 digna
474 2420 581 2500 luere,
598 2422 845 2501 cumprimum
861 2430 1025 2499 coeptum
1047 2431 1100 2484 est
1121 2420 1276 2484 habitari

90 2526 244 2605 ›llegium
259 2528 362 2607 istud,
380 2528 542 2608 proxima
553 2527 804 2608 quadrimestri
817 2527 1036 2608 scripsimus:
1054 2527 1137 2607 quid
1155 2527 1273 2591 hacte-

90 2649 114 2696 ts
129 2634 309 2713 acciderit,
332 2636 466 2714 accipe.

105 2738 231 2803 Messis
247 2742 369 2820 multa,
386 2742 541 2822 operarii
553 2758 640 2805 vero
655 2742 771 2822 pauci.
789 2740 974 2806 Accrescit
985 2742 1079 2804 enirn
1093 2740 1271 2821 poeniten-

90 2863 133 2909 un
146 2863 315 2911 numerus
330 2848 454 2911 indies
478 2849 594 2929 magis
616 2865 658 2911 ac
683 2849 810 2929 magis,
834 2848 913 2912 aliis
927 2848 1017 2911 alios
1028 2846 1272 2923 inuitantibus,

92 2953 123 3015 is
134 2954 228 3016 vltro
241 2953 286 3017 ad
297 2970 364 3017 nos
374 2955 678 3035 concurrentibus
693 2972 814 3018 omnes
825 2954 967 3018 tandem
981 2954 1019 3017 in
1029 2951 1097 3016 Dei
1107 2952 1271 3032 gloriam,

91 3075 114 3121 n
129 3061 245 3123 solum
259 3078 331 3123 non
346 3061 391 3124 ab
407 3062 570 3142 incoepto
585 3060 769 3140 desistunt,
796 3077 932 3139 verum,
959 3060 1147 3139 degustato
1164 3060 1273 3123 semel

90 3166 287 3230 cratissimo
304 3168 394 3246 cibo,
412 3169 540 3231 mirum
561 3187 668 3251 quam
692 3171 882 3233 multorum
908 3169 1124 3232 incalescant
1150 3167 1271 3240 animi,

91 3288 134 3335 os
148 3285 377 3352 peccatorum
398 3276 532 3354 glacies
554 3277 684 3339 multos
707 3276 778 3339 iarn
801 3292 916 3338 annos
941 3273 1214 3338 constrinxerat.
1232 3272 1272 3336 In

90 3377 356 3443 tadolescentes
377 3392 458 3445 sunt
486 3400 557 3445 non
583 3399 709 3462 parum
734 3383 833 3445 multi
858 3382 997 3457 (missos
1022 3381 1115 3444 facio
1135 3378 1272 3442 audito·

90 3501 101 3547 s
115 3483 139 3565 ¹,
158 3485 200 3548 de
215 3487 342 3567 quibus
352 3489 410 3550 vel
424 3488 617 3568 praecipua
633 3491 745 3568 cura),
762 3489 821 3569 qui
836 3487 992 3551 nondum
1007 3486 1103 3550 vitiis
1125 3486 1270 3564 assueti,

90 3592 148 3655 :ile
163 3592 200 3655 in
219 3594 342 3656 melius
369 3595 481 3657 vitam
505 3604 736 3673 commutant,
764 3594 906 3657 virtutis
930 3592 1114 3657 dulcedine
1140 3592 1269 3671 allecti,

92 3715 150 3761 am
165 3699 346 3763 altissimis
366 3717 549 3781 speramus
570 3701 749 3764 radicibus
770 3698 1003 3781 defigendam.
1030 3698 1175 3763 Confert
1188 3697 1270 3762 huic

90 3807 94 3868 l
109 3823 181 3868 non
196 3823 322 3885 parum
333 3805 455 3870 sedula
470 3818 505 3871 et
521 3807 722 3870 necessaria
742 3810 931 3871 multarum
949 3823 1069 3870 rerum
1088 3805 1270 3886 indagatio

94 3910 160 3990 his,
184 3912 244 3992 qui
263 3912 330 3975 huc
357 3912 470 3976 denuo
486 3914 608 3983 veniut
627 3913 767 3992 fassuri,
785 3930 854 3994 quo
870 3913 908 3977 fit
927 3915 1144 3992 plerumque,
1167 3922 1205 3973 vt
1220 3912 1271 3974 in·

90 4031 182 4094 gram
198 4020 306 4082 totius
322 4029 506 4083 anteactae
522 4020 619 4083 vitae
631 4021 803 4083 rationem
815 4019 962 4083 reddere
975 4029 1160 4099 cogantur.
1176 4017 1268 4095 Hoc,

90 4135 124 4187 et
139 4125 313 4206 principio
329 4143 436 4206 aegre
451 4126 638 4189 videantur
653 4126 758 4206 serre,
773 4137 892 4190 tamen
903 4126 949 4188 ad
964 4126 1103 4189 animae
1118 4126 1268 4189 salutem

92 4231 173 4310 pido
193 4249 299 4312 quam
319 4234 561 4297 necessarium
580 4235 753 4314 persuasi,
777 4234 969 4313 accingunt
994 4250 1031 4296 se
1051 4232 1160 4312 operi,
1182 4233 1271 4295 nulli

90 4338 155 4399 >ori
170 4349 368 4419 parcentes
385 4340 502 4420 quoad
517 4350 677 4420 optatum
692 4353 833 4421 portum
850 4352 969 4402 tenere
985 4347 1125 4419 queant.
1142 4338 1194 4402 Eo
1210 4339 1270 4402 ubi

90 4476 242 4490 κ.-

127 4540 180 4588 Duo
191 4550 251 4589 sunt
261 4544 353 4589 harum
364 4512 513 4588 litterarum
524 4546 650 4599 exempla;
661 4552 798 4598 utrumqne
814 4544 1005 4598 autographum
1015 4550 1041 4588 et
1051 4543 1077 4588 ln
1087 4542 1185 4598 duplici
1199 4543 1269 4599 follo;

90 4621 154 4659 num
166 4617 260 4660 nolim
269 4615 316 4670 508,
329 4627 395 4659 nunc
408 4615 662 4669 107et108;alterum
673 4628 696 4659 n.
708 4616 767 4659 ollrn
777 4615 826 4668 506,
838 4627 902 4660 nnnc
916 4616 954 4658 109
963 4623 989 4659 et
1003 4614 1040 4658 110

90 4687 91 4694 ’
127 4683 236 4740 Scilicet,
247 4687 289 4741 qul
300 4695 403 4730 nostras
414 4688 577 4741 frequentant
588 4688 699 4731 scholas.
