3210 5392
499 394 955 466 Ltrraaaaouanatuusrass

636 1072 810 1159 ODXL

155 1426 257 1486 Pater
272 1424 407 1500 Gaspar
417 1426 622 1499 Femandez,

190 1522 244 1584 Ex
256 1525 499 1585 commissione
511 1525 621 1588 Patris
636 1525 800 1603 Gasparis
812 1527 855 1587 de
868 1525 1044 1598 Azevedo,

225 1621 318 1684 Patri
330 1622 460 1698 Ignatio
478 1623 519 1685 de
532 1623 673 1700 Loyola.

262 1720 396 1796 Burgis,
410 1720 446 1781 23
458 1721 656 1782 Decembris
670 1723 741 1783 15OE
752 1722 774 1778 ¹.

670 1953 755 2072 rias

394 2246 596 2313 Admodum
614 2247 691 2312 R.de
706 2248 742 2312 in
758 2247 899 2314 Christo
914 2246 1032 2314 Pater.

158 2351 283 2418 Gratia
299 2363 334 2418 et
346 2371 419 2436 pax
433 2354 577 2434 Christi,
594 2362 661 2418 etc.

158 2459 248 2526 Cum
268 2479 313 2525 ex
330 2460 576 2526 laudatissimo
593 2476 691 2524 more
710 2460 823 2525 nostri
847 2460 997 2526 instituti
1016 2463 1238 2530 obseruatum
1253 2462 1300 2526 lu·

95 2569 255 2648 beamus,
271 2577 311 2632 vt
325 2567 444 2632 omnia
459 2584 549 2647 quae
563 2584 627 2648 per
641 2577 833 2648 quaternos
848 2585 989 2632 menses
1000 2571 1092 2634 scitu
1106 2570 1213 2652 digna
1224 2564 1298 2652 apud

95 2692 162 2740 nos
175 2674 273 2755 fiant,
290 2673 366 2739 Tua
380 2673 579 2737 Paternitas
591 2692 613 2737 a
627 2674 729 2738 nobis
744 2674 909 2755 accipiat,
922 2692 967 2739 ne
982 2674 1118 2741 Christi
1127 2686 1162 2743 et
1173 2676 1300 2743 charita·

95 2783 141 2847 tis
155 2782 348 2860 vinculum,
368 2779 462 2861 quod
481 2788 603 2843 nostra
623 2777 784 2845 Societas
799 2780 995 2862 profitetur,
1016 2785 1053 2847 in
1072 2784 1141 2848 bac
1156 2800 1224 2848 vna
1242 2781 1296 2865 epi·

95 2890 267 2953 stolarum
287 2896 408 2951 mutua
430 2886 749 2950 communicatione
772 2886 953 2967 deficeret,
978 2905 1060 2953 cum
1079 2907 1143 2971 per
1165 2889 1301 2956 eiusdem

94 2995 225 3060 Christi
250 2993 405 3074 gratiam
428 2993 463 3055 in
489 2992 568 3055 aliis
593 2992 868 3073 superabundet;
894 2994 1012 3058 facere
1037 3014 1109 3060 non
1135 3009 1304 3078 possumus

92 3102 178 3183 quin
192 3120 246 3181 ea,
263 3117 354 3182 quae
370 3100 463 3180 apud
479 3108 641 3163 nostrum
655 3101 844 3180 collegium
858 3100 1042 3181 Burgense
1055 3103 1093 3166 in
1106 3103 1183 3169 dies
1201 3104 1304 3168 diuina

91 3225 217 3273 manus
232 3216 410 3287 operatur,
426 3223 490 3286 per
504 3205 690 3286 epistolam
704 3206 802 3271 Tuae
817 3206 856 3270 P.
872 3217 958 3271 nota
972 3207 1160 3276 iaciamus

148 3316 228 3398 Jam
243 3314 396 3394 primum
410 3322 449 3376 vt
465 3314 508 3375 de
523 3323 664 3393 patrum
679 3322 713 3376 et
729 3313 877 3377 fratrum
899 3331 1046 3378 numero
1061 3317 1238 3398 intelligas
1250 3315 1300 3382 ali·

90 3421 186 3503 quid,
202 3421 297 3485 scias
311 3437 376 3483 nos
392 3436 514 3482 omnes
529 3404 607 3482 esse
622 3419 755 3497 decem,
776 3430 816 3483 vt
836 3421 954 3484 velex
972 3439 1123 3486 numero
1145 3425 1304 3489 rationem

125 3697 135 3730 ¹
165 3695 230 3739 Bina
240 3703 299 3739 sunt
311 3696 404 3739 harum
415 3696 565 3738 litterarum
574 3695 693 3748 exempla
705 3695 879 3749 autographa:
890 3696 1000 3749 primum
1011 3697 1037 3741 in
1047 3697 1109 3742 lolio
1119 3699 1224 3754 duplici,
1236 3696 1306 3749 mid,

84 3771 110 3814 ln
120 3769 216 3813 volum.
227 3768 288 3811 anni
297 3767 357 3820 ibib,
366 3768 477 3810 aiterum
489 3768 513 3809 ln
525 3766 586 3809 folio
597 3766 659 3809 item
670 3764 772 3819 duplici,
785 3778 809 3809 n.
820 3766 868 3820 368,
879 3768 905 3811 lu
915 3768 1010 3811 volum.
1021 3767 1083 3812 anni
1100 3769 1304 3816 lasa-miremur

84 3846 172 3885 autem
182 3839 355 3893 sequentibus:
368 3837 401 3882 l.⁰
412 3837 436 3881 in
448 3838 530 3892 primo
540 3843 640 3880 tantum
651 3837 815 3892 subscriptio,
827 3849 843 3881 a
852 3839 940 3882 verbis
950 3837 1025 3882 Bene
1034 3840 1106 3891 vale,
1120 3848 1161 3885 est
1179 3853 1252 3886 manu
1264 3841 1303 3885 Pa·

84 3912 133 3956 tris
143 3909 300 3960 Fernandez;
315 3911 426 3952 alterurn
436 3915 519 3952 totum
530 3908 584 3961 lpse
600 3908 731 3951 exaravit.
746 3908 783 3952 2.⁰
799 3910 908 3962 primum
923 3908 950 3953 in
963 3911 1081 3962 pluribus
1095 3913 1257 3957 emendatum
1272 3915 1303 3955 esi

83 3995 160 4028 manu
171 3983 269 4036 ignota,
280 3988 352 4024 certo
363 3979 497 4033 flandrica3
508 3981 620 4024 alterum
630 3979 656 4022 ln
666 3980 828 4033 paucissimis
838 3981 890 4024 alia
901 3992 978 4025 manu
986 3981 1067 4026 etiam
1076 3983 1178 4036 ignota.
1187 3984 1222 4027 3.·
1230 3985 1255 4028 la
1263 3980 1306 4038 pri·

82 4066 124 4099 mo
133 4053 295 4098 desideratur
305 4052 359 4095 dies
376 4057 401 4094 et
416 4063 507 4101 annus.
525 4062 574 4095 non
590 4050 627 4094 ita
643 4049 668 4094 in
685 4052 805 4106 secundo.
815 4051 851 4094 Η
861 4052 903 4095 ubi
919 4053 1030 4106 primum
1050 4052 1124 4097 Tuus
1140 4056 1268 4099 minimus
1280 4054 1304 4096 in

84 4125 318 4176 Christo,alterum
332 4123 410 4166 habet
430 4121 501 4165 Tuus
511 4124 540 4165 in
561 4121 670 4165 Christo.
688 4121 723 4165 5.⁰
737 4123 848 4177 primum
862 4129 920 4177 post
937 4124 1154 4177 subscriptionem
1170 4127 1248 4171 lubet
1262 4124 1303 4168 boc
1331 4130 1334 4137 ·

83 4200 193 4242 verbum
204 4195 359 4250 Duplicata,
378 4194 444 4249 quod
459 4205 508 4237 non
526 4195 606 4237 estin
624 4195 718 4237 altero.
733 4194 789 4237 dun
805 4195 943 4238 discrimen
960 4195 1078 4240 dabimus
1095 4204 1155 4252 post
1172 4194 1303 4254 superseri·

83 4270 206 4325 ptionem.

124 4337 390 4383 Animadvertendum
400 4344 440 4381 est
450 4337 531 4381 etlam
542 4336 590 4379 bas
605 4336 709 4380 litteras
719 4347 775 4381 esse
787 4337 897 4381 latinum
913 4338 1066 4392 exemplum,
1082 4340 1150 4394 quod
1163 4342 1236 4397 juxta
1247 4338 1299 4383 Coa·

84 4410 266 4460 stitutionum,
275 4415 342 4462 part.
353 4419 408 4462 vlu,
419 4420 475 4463 cap.
487 4420 503 4461 r,
514 4407 546 4453 ll.
559 4406 648 4452 confici
656 4406 814 4462 Romamque
823 4409 890 4452 mitti
901 4408 998 4465 debuit,
1009 4409 1160 4455 litterarum
1169 4409 1298 4455 vernacula

82 4480 172 4534 lingua
182 4479 347 4533 scriptarum,
359 4490 422 4532 quas
432 4479 597 4533 praecedenti
611 4489 718 4523 numero
729 4479 852 4523 dedimus.
867 4479 922 4522 Hoc
938 4486 1024 4523 tamen
1041 4481 1152 4526 latinum
1168 4482 1299 4536 exemplum

83 4551 125 4594 llic
136 4550 258 4593 distincto
266 4549 324 4592 loco
335 4557 360 4593 et
370 4560 476 4593 numero
492 4553 617 4605 ponimus,
634 4552 695 4605 qula
709 4554 731 4600 ι)
749 4552 849 4604 longius
859 4551 924 4594 satis
935 4558 974 4594 est
989 4562 1067 4606 quam
1083 4553 1220 4608 hispanum
1232 4558 1256 4596 st
1269 4546 1297 4594 ad

82 4622 222 4665 minutiora
232 4620 358 4674 quaedam
370 4620 509 4674 descendit,
531 4624 553 4671 b)
562 4623 614 4666 alio
625 4622 665 4666 dle
677 4622 764 4666 datum
776 4629 823 4674 est,
835 4629 861 4665 et
879 4623 898 4674 e)
907 4622 940 4664 ab
953 4621 1005 4665 alio
1019 4625 1201 4680 subscriptum.
1316 4609 1320 4614 ¹
