3210 5392
181 454 236 514 662
565 454 737 516 erraaaa
756 470 1029 526 ouaomuusraas
1115 525 1119 527 Β

182 601 234 664 les
245 602 485 665 confessiones
497 602 638 666 auditae
650 602 805 680 fuerunt,
819 620 890 666 non
905 603 982 669 sine
993 597 1353 666 mediocriconfitentiun

182 707 315 783 dolore,
332 727 375 773 ac
390 710 646 773 emendationis
660 710 852 790 proposito.
869 708 974 773 Haud
987 717 1148 790 repetam
1163 707 1311 788 (quoniam
1320 717 1357 765 ar·

183 815 295 879 bitror
310 825 343 879 te
360 816 449 879 alias
463 817 650 880 certiorem
664 817 797 880 factum
812 814 934 895 fuisse)
952 818 1083 881 multos
1102 816 1256 880 homines
1270 820 1356 878 mtto

183 938 317 1002 nasque
335 922 592 987 confessionem
612 933 718 1004 atque
744 922 959 987 sanctissimi
984 923 1117 988 Christi
1143 921 1358 1004 corporissum·

184 1030 341 1108 ptionem
354 1028 591 1110 frequentare,
608 1049 678 1095 non
693 1033 818 1110 solum,
835 1031 991 1112 inquam,
1006 1031 1116 1113 aliqui
1127 1031 1246 1095 diebus
1256 1021 1359 1093 donini·

186 1136 248 1216 ciS,
264 1153 388 1200 verum
404 1138 511 1201 etiam
527 1138 580 1201 bis
595 1147 694 1202 terue
708 1139 745 1202 in
759 1139 992 1214 hebdomada,
1005 1155 1137 1219 magna
1150 1130 1361 1220 quidemhoni·

185 1260 271 1306 num
296 1243 549 1308 aedificatione.
580 1245 813 1310 Subticebonc
842 1245 980 1325 aliquos
1004 1245 1095 1308 adeo
1116 1263 1156 1309 se
1179 1245 1241 1309 sub
1260 1242 1361 1306 Patrun

186 1351 422 1431 spiritualium
445 1352 644 1417 obedientia
674 1353 867 1417 subiecisse
892 1352 1055 1416 omnibus
1070 1352 1107 1414 in
1128 1353 1241 1431 rebus,
1265 1349 1361 1414 nlnlvt

187 1458 326 1537 penitus
342 1460 473 1539 absque
488 1459 644 1539 ipsorum
659 1459 807 1523 consilio
823 1469 858 1522 et
872 1458 1048 1523 sententia
1063 1459 1190 1539 agant?
1203 1459 1249 1522 ita
1265 1451 1362 1519 utnul-

188 1574 244 1628 tos
258 1564 444 1644 religiosos
455 1576 632 1646 superent.
644 1565 698 1630 De
709 1565 923 1646 quotidianis
933 1582 1022 1629 vero
1031 1566 1150 1644 rebus,
1163 1565 1266 1629 veluti
1275 1562 1362 1625 discor·

187 1670 250 1734 des
275 1672 523 1752 reconciliare,
546 1682 706 1737 errantes
730 1674 767 1736 in
791 1674 888 1737 viam
908 1672 1098 1753 reducere,
1124 1672 1303 1736 hominesa
1319 1661 1362 1729 Dei

188 1777 331 1841 offensis
345 1796 508 1858 auocare,
526 1789 561 1843 et
574 1779 775 1844 huiusmodi
790 1779 930 1859 similia,
947 1797 1018 1844 non
1032 1780 1145 1843 verba
1160 1778 1293 1854 faciam,
1303 1772 1362 1836 sorte

188 1903 232 1949 ne
247 1885 310 1949 tibi
324 1886 505 1949 molestior
520 1886 597 1965 sim,
615 1886 655 1949 R.
674 1886 713 1950 P.
1202 1899 1206 1905 ·

247 1990 349 2061 Nunc
364 2009 455 2074 quae
470 1992 515 2055 ad
529 1993 729 2072 collegium.
750 1991 918 2072 Primum,
935 2003 1164 2058 externorum
1188 1985 1363 2057 scholastico·

188 2116 267 2162 rum
281 2116 450 2163 numerus
463 2099 500 2162 in
514 2100 589 2163 dies
604 2109 766 2179 augetur,
783 2118 828 2164 ex
842 2116 992 2179 quorum
1004 2101 1184 2164 nonnullis
1194 2105 1363 2179 maguusex·

188 2215 352 2288 pectatur
370 2205 518 2271 fructus
539 2205 676 2271 Deinde
700 2208 790 2271 scito
811 2208 1000 2288 quemdam
1022 2207 1178 2287 optimae
1202 2207 1271 2289 spei
1288 2198 1366 2265 adole·
1408 2232 1410 2289 !

188 2323 347 2382 scentem
358 2331 404 2377 ex
419 2314 484 2393 his,
501 2314 561 2395 qui
583 2312 809 2395 frequentant
833 2323 994 2378 nostrum
1018 2315 1153 2394 ludum,
1176 2306 1368 2395 superioribus

190 2421 312 2485 diebus
326 2422 527 2501 ingressum
540 2437 621 2484 esse
636 2421 779 2485 domum
800 2431 839 2484 vt
864 2422 956 2485 inter
976 2419 1167 2486 Societatis
1190 2421 1368 2485 fratrescon·
1408 2434 1410 2441 ·

189 2537 404 2607 numeretur,
432 2527 502 2608 qui,
520 2535 660 2607 praeter
676 2539 837 2591 caeteras
851 2536 984 2608 partes,
999 2537 1193 2608 vtcumque
1203 2529 1238 2591 in
1251 2531 1368 2589 sermone

189 2635 369 2715 literisque
383 2635 526 2714 graecis
540 2643 703 2698 versatus
718 2643 783 2698 est:
800 2634 860 2715 qui
879 2635 1030 2698 necdum
1049 2635 1179 2716 prioris
1197 2624 1369 2715 probationis

191 2742 265 2805 dies
281 2742 485 2821 compleuit3
502 2741 662 2805 nonnulli
676 2741 817 2821 quidem
835 2742 896 2805 alii
916 2751 998 2805 sunt
1017 2743 1078 2823 qui
1092 2743 1232 2806 tradere
1245 2757 1280 2804 se
1291 2731 1372 2801 Socie·

191 2849 255 2912 tati
270 2857 450 2929 exoptant.

250 2954 356 3019 Domi
378 2972 498 3018 sumus
522 2956 592 3018 iam
617 2955 798 3019 tredecim:
826 2955 889 3019 sed
913 2965 995 3018 sunt
1015 2955 1170 3037 quinque
1185 2974 1228 3020 ex
1243 2946 1380 3018 Patauino·

192 3063 361 3142 Collegi0,
378 3063 437 3143 qui
450 3080 512 3142 per
528 3064 659 3144 aliquot
674 3062 748 3126 dies
768 3062 825 3125 hic
840 3063 1152 3126 commorabuntur
1167 3065 1222 3126 vel
1237 3067 1375 3143 quousque

191 3169 364 3250 placuerit
379 3168 609 3247 obedientiae,
634 3188 679 3232 ex
699 3170 826 3250 quibus
852 3169 911 3231 alii
933 3169 970 3232 in
986 3169 1207 3233 humanitate
1222 3180 1313 3248 atque
1323 3159 1376 3224 rhe-

193 3277 305 3340 torica
317 3293 355 3338 se
367 3287 545 3354 exercent,
558 3277 618 3338 alii
631 3277 666 3338 in
677 3277 923 3356 grammatica,
932 3276 992 3340 alii
1003 3294 1060 3339 res
1071 3277 1280 3340 domesticas
1289 3276 1377 3351 agunt}

194 3401 315 3447 omnes
330 3393 449 3445 autem
462 3382 498 3444 in
507 3382 630 3462 spiritu
642 3381 796 3446 Domino
811 3383 980 3462 seruiunt,
996 3383 1040 3446 de
1052 3401 1203 3464 quorum
1216 3384 1320 3446 vitaet
1330 3387 1378 3438 mo·

193 3492 292 3553 ribus
317 3507 387 3553 non
402 3507 548 3569 possum
564 3506 633 3552 non
648 3491 737 3552 bene
751 3489 879 3553 dicere.
893 3489 982 3554 Sunt
996 3490 1089 3553 enim
1104 3490 1225 3554 diuina
1238 3485 1341 3570 gratia,
1353 3487 1380 3538 ll

196 3596 280 3660 mihi
295 3597 435 3675 quidem
450 3596 601 3675 videtur,
618 3594 755 3676 pacifici
771 3596 947 3677 quietique
963 3607 996 3659 et
1011 3596 1046 3659 in
1061 3597 1181 3660 verbis
1196 3608 1293 3677 atque
1304 3585 1380 3654 actio·

194 3704 296 3767 nibus
317 3703 538 3767 aedificatiui.
556 3701 654 3765 Deus
669 3703 890 3783 omnipotens
905 3713 939 3766 et
953 3703 1157 3767 misericors
1168 3722 1234 3767 nos
1247 3691 1381 3765 custodiat

195 3827 238 3872 ac
251 3820 456 3889 conseruet,
480 3819 584 3889 atque
599 3818 638 3872 vt
654 3811 690 3872 in
704 3810 894 3873 virtutibus
911 3810 1073 3873 omnibus
1095 3810 1312 3891 proficiamus
1327 3813 1382 3881 gra·

196 3918 283 3981 tiam
294 3935 396 3981 suam
408 3918 560 3996 benigne
574 3918 678 3980 nobis
694 3917 901 3997 elargiatur.

256 4025 353 4101 TuiS,
380 4024 586 4088 Reverende
614 4023 731 4101 Pater,
758 4043 824 4087 nos
852 4041 974 4087 omnes
1002 4025 1223 4089 orationibus
1249 4012 1386 4088 humiliter

198 4130 498 4197 commendamus

264 4239 433 4317 VenetiiS,
450 4238 587 4301 decimo
603 4240 707 4302 tertio
724 4239 892 4302 calendas
907 4238 1071 4303 Octobris
1085 4240 1173 4303 1555.

260 4346 315 4408 Ex
327 4344 364 4408 P.
383 4344 546 4408 Rectoris
562 4357 761 4426 praecepto

258 4452 357 4515 Tuae
372 4451 448 4514 Rssl‘
468 4452 552 4530 (sic)
567 4452 833 4531 indignissimus
849 4470 890 4515 ac
906 4453 1071 4516 minimus
1086 4453 1123 4516 in
1138 4452 1231 4534 Xpo.
1249 4453 1339 4517 filius.

928 4666 1120 4731 Auuursrus
1145 4667 1266 4732 Narrs.
