3240 5386
183 435 240 494 tta
571 434 743 495 Llrrnana
762 452 1032 505 ounomuesraes

186 600 270 646 raro
291 591 422 663 patres,
439 584 608 661 iurantes,
630 597 845 662 reuerenter,
862 585 958 647 uelut
980 583 1096 647 edocti
1111 590 1204 659 sunt,
1228 579 1389 661 repreher

186 691 274 752 dant
299 701 333 752 et
354 689 552 766 cohibeant,
573 689 674 753 flexis
695 690 845 770 genibus
866 708 911 754 ne
936 691 1052 753 iurent
1077 691 1319 763 obsecrantes,
1347 703 1389 750 an

189 796 518 876 maduertentesque
534 812 631 859 exeo
647 797 806 861 diuinam
820 797 1043 860 maiestatem
1054 814 1126 859 non
1136 811 1265 876 parum
1276 791 1389 856 offend

187 904 289 983 Quae
315 904 449 967 monita
473 914 548 966 tum
573 904 656 982 quia
681 903 931 968 honestissima
956 913 1052 982 sunt,
1076 912 1150 966 tum
1175 901 1259 983 quia
1285 915 1389 979 magn

188 1010 276 1074 fiunt
300 1012 500 1075 urbanitate
523 1021 557 1074 et
579 1010 790 1090 reuerentia,
811 1011 960 1074 libenter
976 1010 1189 1086 auscultant,
1206 1025 1287 1072 sese
1301 1024 1389 1087 repr·

185 1117 355 1195 hendunt,
370 1136 412 1182 ac
424 1118 460 1181 in
471 1129 653 1198 posterum
666 1117 864 1181 iuramenta
875 1118 1050 1181 uitaturos
1062 1116 1285 1197 pollicentur.
1303 1113 1389 1194 Quat

183 1235 243 1289 tae
259 1225 441 1289 hominum
455 1226 681 1306 ignorantiae
697 1225 764 1288 hac
780 1225 1033 1289 exercitatione
1048 1222 1243 1301 medeatur,
1257 1221 1326 1286 soli
1338 1237 1389 1283 cor

187 1331 328 1395 fessarii
343 1343 505 1410 noscunt,
523 1333 583 1413 qui
600 1341 705 1395 antea
721 1349 862 1395 errores
887 1331 1132 1412 apertissimos
1151 1330 1187 1393 in
1202 1329 1246 1392 iis
1260 1329 1323 1410 qui
1339 1345 1389 1391 cor

188 1439 377 1503 fitebantur
413 1439 739 1519 deprehendebant.
770 1438 897 1502 Frater
929 1438 1074 1519 quidam
1106 1436 1307 1500 doctrinam
1337 1451 1389 1498 na

189 1547 441 1626 grandioribus
455 1547 720 1627 interpretatur,
736 1563 842 1627 quem
861 1556 899 1610 ut
913 1545 1058 1610 audiant
1072 1554 1292 1608 concurrunt
1309 1544 1389 1606 mult

192 1665 360 1735 acceptus
375 1655 469 1717 enim
484 1663 537 1717 cst
551 1654 662 1717 frater
677 1654 735 1717 hic
751 1655 879 1717 mirum
894 1655 930 1716 in
946 1654 1088 1716 modum
1102 1651 1345 1729 audientibus;
1363 1668 1389 1713 st

191 1760 321 1841 dignus
337 1772 390 1825 est
406 1761 565 1840 profecto
580 1779 652 1825 non
667 1769 805 1826 tantum
819 1778 909 1839 meo,
926 1761 990 1823 sed
1009 1760 1083 1823 fere
1104 1759 1263 1822 omnium
1278 1757 1389 1821 iudici

191 1869 253 1948 qui
273 1869 412 1932 cunctis
431 1869 611 1949 probetur:
634 1878 755 1932 tantus
770 1869 846 1932 eius
860 1877 913 1931 est
928 1867 964 1930 in
986 1867 1136 1930 dicendo
1151 1865 1309 1945 spiritus,
1328 1866 1389 1928 zeh

190 1985 226 2038 et
241 1992 353 2054 amor,
371 1987 408 2039 ut
424 1977 512 2039 alias
527 1976 627 2039 dotes
642 1985 877 2055 praeteream.
894 1974 999 2037 Faxit
1011 1973 1132 2037 diuina
1144 1972 1287 2035 bonitas
1299 1983 1351 2046 ut,
1369 1988 1389 2033 u

192 2082 256 2144 luti
271 2100 351 2145 eum
366 2083 526 2162 partibus
541 2083 586 2146 ad
602 2084 669 2145 hoc
684 2081 917 2145 ministerium
932 2080 1128 2144 commodis
1142 2081 1278 2143 donare
1299 2079 1389 2158 dign

192 2197 261 2266 tur,
279 2189 381 2253 simul
395 2191 549 2269 gratiam
564 2198 720 2271 praestet
735 2191 766 2251 ei
781 2189 826 2251 ad
842 2188 920 2266 hoc,
937 2197 975 2251 ut
990 2188 1025 2251 in
1040 2188 1155 2268 ipsum
1167 2204 1278 2250 unum
1295 2203 1388 2250 cunc

194 2296 334 2373 referat,
353 2306 477 2359 utnon
491 2299 606 2360 minor
619 2297 652 2360 ei
666 2296 803 2361 fructus
817 2296 1005 2376 proueniat
1024 2312 1068 2357 ex
1089 2295 1156 2356 hoc
1179 2310 1299 2373 opere,
1316 2311 1389 2374 qua

195 2403 275 2465 aliis
290 2419 372 2465 eum
386 2403 620 2467 audientibus.
638 2403 764 2467 Patres
783 2419 955 2483 persaepe
980 2410 1154 2466 uocantur
1172 2411 1211 2463 ut
1231 2400 1389 2463 morient

196 2508 374 2589 adiuuent,
392 2511 485 2591 quod
501 2511 619 2573 multis
635 2509 834 2574 nominibus
845 2519 899 2573 est
911 2508 1144 2572 fructuosum.
1159 2506 1266 2569 Pater
1280 2507 1389 2587 quida

196 2618 427 2680 concionatus
453 2628 506 2680 est
531 2619 598 2681 hac
619 2618 892 2698 quadragesima
916 2617 952 2679 in
969 2615 1098 2696 oppido
1113 2613 1268 2696 quodam
1282 2613 1389 2677 Cone,

196 2723 327 2802 uicino,
343 2735 377 2787 et
392 2724 514 2803 frater,
532 2742 635 2804 quem
650 2741 770 2787 secum
784 2723 974 2801 deserebat,
990 2723 1108 2785 docuit
1120 2721 1321 2785 doctrinam
1337 2720 1389 2783 ch

197 2830 361 2907 stianam,
379 2849 450 2894 non
465 2841 602 2893 tantum
617 2850 687 2906 eos,
705 2832 763 2911 qui
783 2831 818 2894 in
843 2848 886 2893 eo
907 2828 1034 2909 oppido
1050 2828 1236 2908 degebant,
1253 2843 1381 2889 uerum

197 2938 297 3013 alioS,
314 2940 373 3017 qui
388 2939 516 3018 oppida
528 2939 644 3001 uicina
659 2939 877 3001 habitabant.

258 3045 301 3107 Et
314 3047 432 3108 utiam
445 3044 487 3108 de
500 3047 703 3108 domesticis
716 3047 894 3109 exercitiis
907 3046 1023 3125 aliqua
1036 3045 1162 3121 dicam,
1175 3044 1302 3106 eodem
1314 3043 1389 3105 feru

200 3170 237 3214 re
253 3152 433 3215 litterariis
449 3154 763 3217 exercitationibus
779 3152 908 3215 fratres
923 3153 1141 3216 incumbunt.
1158 3149 1346 3212 Habentur
1363 3148 1389 3211 fr

198 3267 346 3337 quenter
362 3261 551 3336 orationes,
568 3259 1039 3335 defendunturassertioneS,
1056 3258 1174 3321 multis
1185 3275 1229 3318 ex
1241 3257 1389 3318 scholas

199 3365 252 3427 cis
269 3367 425 3428 externis
440 3368 484 3428 ad
500 3384 562 3428 eas
578 3367 846 3430 confluentibus.
868 3366 988 3446 Nuper
1011 3365 1148 3444 accepti
1170 3374 1251 3425 sunt
1272 3372 1348 3425 tres
1364 3361 1389 3426 fr

200 3480 283 3549 treS,
300 3490 450 3558 quorum
469 3474 615 3553 primus,
638 3492 750 3536 annos
768 3473 804 3534 lo
824 3483 938 3551 natus,
956 3473 991 3534 in
1011 3470 1280 3534 humanioribus
1302 3470 1389 3531 litter

200 3578 424 3641 mediocriter
439 3592 492 3642 est
501 3581 669 3643 eruditus.
684 3579 896 3658 Degustauit
909 3596 1048 3660 quoque
1061 3579 1280 3657 aliquantum
1292 3577 1390 3639 litter

200 3702 364 3763 graecas
381 3696 414 3749 et
431 3688 501 3749 iarn
517 3688 762 3766 philosophiae
779 3687 839 3748 dat
861 3703 1016 3765 operam;
1035 3687 1126 3748 inter
1142 3684 1223 3759 alia,
1244 3684 1389 3762 praedit

201 3801 255 3854 est
269 3792 413 3873 ingenio
429 3794 516 3856 satis
531 3804 647 3857 acuto.
672 3793 744 3856 Alii
759 3810 897 3872 quoque
914 3793 983 3854 duo
1009 3793 1082 3855 suis
1102 3791 1243 3853 dotibus
1258 3791 1389 3853 decora

202 3909 270 3961 tur.
292 3900 429 3963 Feruor
454 3901 489 3963 in
515 3901 757 3979 spiritualibus
782 3900 962 3962 exercitiis
987 3898 1116 3961 crescit
1141 3898 1230 3959 adeo
1256 3906 1295 3958 ut
1321 3902 1389 3960 mu?

202 4008 464 4069 necessariores
479 4007 639 4069 habenae
659 4007 727 4068 sint
743 4023 850 4087 quam
870 4006 1038 4067 calcaria.
1059 4001 1307 4082 Magnificetur
1330 4002 1387 4067 Ch

203 4124 289 4191 stus,
306 4132 326 4175 a
343 4132 411 4192 quo
426 4113 567 4193 profluit
583 4130 685 4175 omne
701 4113 842 4176 bonum.
866 4111 1057 4191 Splendent
1077 4112 1113 4173 in
1132 4111 1175 4172 iis
1190 4111 1389 4173 dilectissin

202 4219 371 4283 fratribus
386 4221 475 4282 meis
491 4219 702 4297 obedientia,
720 4220 846 4296 oratio,
863 4217 1098 4293 mortificatio,
1122 4217 1258 4294 religio
1277 4234 1320 4280 ae
1336 4217 1389 4280 de:

201 4344 271 4405 que
287 4326 511 4405 perfectionis
527 4326 642 4388 omnis
658 4326 943 4389 ardentissimum
963 4325 1198 4404 desyderium.
1216 4322 1390 4386 Declarat

204 4443 326 4510 aperte
342 4450 448 4511 quam
464 4434 607 4495 uberem
621 4433 778 4513 gratiam
794 4432 947 4512 Spiritus
962 4430 1113 4493 Sanctus
1130 4430 1182 4492 eis
1196 4429 1232 4492 in
1247 4445 1314 4491 sua
1327 4447 1389 4493 uo(

204 4537 299 4600 tione
316 4540 500 4618 largiatur,
517 4541 574 4601 cui
591 4539 711 4614 (ueluti
736 4554 959 4617 summopere
975 4537 1088 4613 decet)
1111 4534 1327 4598 conformari
1350 4547 1389 4599 to

204 4643 338 4707 uiribus
366 4646 535 4708 nituntur.
566 4645 673 4723 Deus,
701 4646 800 4708 cuius
831 4645 962 4706 auxilio
995 4643 1040 4704 ad
1067 4645 1153 4705 haec
1180 4658 1389 4722 perueneru:
