3210 5392
703 427 769 486 ΑΝ.
791 426 860 486 155t
1344 427 1392 485 1:31

152 569 425 651 Assumptionis
449 571 489 635 B.
507 572 669 652 Virginis
691 573 782 636 sesto
803 573 1047 653 praedicatum
1073 582 1126 635 cst
1151 572 1186 635 in
1214 571 1280 634 hac
1310 573 1396 634 urbe

156 695 229 740 non
242 677 360 741 minus
380 694 489 759 quam
503 679 558 742 bis
579 680 674 743 mille
693 679 854 743 homines
870 678 1116 742 Eucharistiae
1133 689 1396 741 sacramentum

156 784 363 863 sumpsisse.
380 785 538 866 Sumpsit
557 796 592 850 et
616 785 751 850 Prorex
773 804 815 850 ea
837 785 904 864 die,
928 786 988 865 qui
1003 786 1110 848 etiam
1128 784 1205 848 R.d⁰
1220 784 1257 848 P.
1285 785 1395 848 Anto·
1425 798 1427 802 “

149 893 216 955 ’nio
229 891 338 968 Vink,
354 902 546 973 propterea
560 895 654 974 quod
676 892 717 957 R.
742 893 780 956 P.
797 893 1025 973 Praepositus
1050 894 1185 970 aberat,
1209 892 1393 956 confessus

155 1009 222 1062 est.
237 998 486 1064 Ferdinandus
500 1018 653 1081 quoque,
666 1002 743 1064 eius
756 1001 878 1078 frater,
893 1000 1081 1063 confitendi
1097 1000 1393 1064 communicandi-

155 1121 224 1185 que
238 1123 348 1170 causa
364 1106 409 1169 ad
426 1108 614 1187 collegium
634 1118 796 1172 nostrum
816 1108 940 1170 eadem
960 1123 998 1169 se
1018 1107 1074 1169 die
1097 1109 1254 1170 contulit.
1272 1106 1394 1186 Neque

154 1229 241 1276 uero
255 1230 371 1292 parua
393 1215 430 1277 in
444 1215 622 1295 plerisque
637 1232 770 1292 eorum,
787 1215 846 1294 qui
863 1214 994 1277 nostris
1010 1214 1232 1289 confitentur,
1250 1214 1392 1277 deuotio

152 1321 323 1383 cernitur.
339 1320 443 1385 Hanc
457 1322 551 1385 enim
567 1330 600 1385 et
617 1321 834 1401 lachrymae,
858 1332 891 1383 et
907 1321 1059 1399 habitus,
1076 1329 1111 1383 et
1132 1321 1305 1399 imprimis
1321 1333 1393 1383 mu·

151 1427 219 1489 tati
236 1445 366 1505 mores,
383 1426 584 1491 ostendunt.
599 1426 692 1491 Nam
707 1439 788 1491 sunt
804 1427 930 1507 quibus
951 1446 971 1489 a
987 1428 1144 1506 peccatis
1160 1426 1215 1501 (de
1237 1428 1390 1490 mortali-

153 1535 220 1595 bus
244 1533 382 1614 loquor)
402 1534 610 1598 discessisse
632 1553 702 1598 non
722 1547 775 1597 est
799 1534 899 1609 satis;
924 1533 970 1596 ad
997 1533 1256 1613 assequendum
1282 1534 1392 1614 perle-

152 1641 285 1704 ctionis
306 1641 457 1721 apicem,
479 1659 551 1705 non
569 1641 715 1721 segnius
730 1658 836 1720 quam
852 1642 911 1720 qui
933 1641 968 1704 in
990 1641 1215 1703 monasteriis
1237 1640 1392 1719 perfecte

151 1748 292 1822 uiuunt,
308 1748 481 1828 aspirant,
498 1757 536 1812 ut
550 1766 620 1829 qua
635 1764 674 1811 re
689 1766 727 1811 se
738 1747 816 1810 Deo
828 1748 985 1811 cariores
997 1746 1072 1810 lore
1084 1747 1294 1825 intelligant,
1312 1765 1390 1810 eam

149 1853 352 1933 perficiant,
374 1855 459 1917 uelit
478 1854 565 1917 nolit
585 1854 737 1917 mundus
757 1866 819 1916 aut
844 1870 941 1916 caro.
964 1853 1053 1930 Hoc,
1071 1854 1239 1933 quianon
1261 1854 1304 1917 de
1320 1872 1390 1917 uno

149 1971 215 2025 aut
235 1962 350 2024 altero
369 1978 492 2024 uerum
515 1971 579 2036 est,
602 1978 673 2026 non
688 1970 785 2024 tento
808 1961 991 2039 sigillatim
1007 1960 1136 2023 dicere.
1154 1959 1241 2024 lllud
1256 1961 1385 2025 habeto

151 2067 197 2131 R.
223 2067 263 2131 P.
289 2069 326 2131 in
351 2069 555 2131 uniuersum
574 2085 645 2131 non
666 2086 800 2149 paucos
822 2086 912 2143 esse,
939 2077 974 2130 et
999 2086 1062 2130 eos
1084 2068 1297 2130 conditionis
1319 2087 1390 2131 non

151 2173 308 2253 infimae,
325 2175 463 2255 quibus,
480 2176 510 2238 si
525 2176 608 2255 quid
623 2175 764 2238 aduersi
781 2174 962 2253 acciderit,
981 2175 1011 2237 si
1027 2185 1194 2254 aegrotos
1215 2192 1293 2238 esse
1308 2192 1389 2237 con·

150 2282 286 2361 tigerit,
308 2281 437 2345 maiori
455 2300 493 2345 se
515 2282 624 2344 animi
643 2282 857 2345 liberalitate
879 2294 913 2344 et
938 2282 1117 2344 hilaritate
1140 2281 1217 2344 Deo
1237 2281 1389 2345 offerant

148 2406 259 2469 quam
279 2389 400 2452 dicere
418 2389 562 2468 possim.
581 2388 659 2467 Quo
675 2388 792 2452 minus
809 2388 962 2451 sortasse
983 2388 1069 2451 illud
1085 2388 1272 2467 uidebitur,
1295 2390 1389 2469 quod

149 2507 273 2559 tamen
293 2505 348 2558 est
366 2495 554 2559 Messanae
574 2512 755 2574 magnum,
777 2496 912 2558 nobiles
934 2507 1116 2558 matronas
1136 2496 1206 2558 iam
1222 2496 1389 2559 didicisse

146 2619 300 2666 suorum
323 2611 474 2666 mortem
499 2603 682 2667 moderate
707 2602 810 2679 serre,
838 2619 950 2681 eaque
972 2601 1090 2665 facere
1113 2603 1271 2681 desiisse,
1298 2620 1389 2682 quae

149 2709 252 2771 urbis
273 2709 380 2772 huius
402 2726 511 2784 more,
534 2718 572 2772 ut
594 2710 789 2784 tritissimo,
817 2710 865 2771 ita
887 2719 922 2771 et
945 2710 1159 2788 turpissimo,
1177 2719 1279 2772 antea
1297 2712 1385 2772 sole·

148 2816 248 2893 bant,
264 2833 348 2879 cum
362 2816 442 2896 quis
463 2831 586 2879 eorum
601 2815 825 2879 decessisset.
847 2816 892 2878 Et
908 2832 1122 2895 quamquam
1142 2833 1386 2896 properamus,

148 2924 235 2986 audi
249 2931 382 3001 tamen,
398 2923 430 2986 si
443 2925 570 3003 placet,
583 2925 688 2987 unius
699 2923 927 2987 mulierculae
940 2923 1187 2986 constantiam.
1202 2922 1288 2985 Erat
1301 2924 1388 2986 haec

145 3031 186 3094 in
202 3031 290 3095 urhe
305 3048 378 3094 non
392 3031 527 3111 ignota,
545 3047 648 3112 quae,
665 3040 814 3111 accepta
826 3031 891 3092 sub
907 3048 1095 3110 uesperum
1107 3029 1290 3093 cuiusdam
1312 3031 1389 3093 sab·

145 3139 225 3201 bati
239 3138 308 3201 uiri
322 3138 377 3202 sui
391 3148 516 3215 morte,
533 3155 637 3218 quem
653 3139 688 3201 in
701 3138 843 3202 Christo
859 3139 1027 3217 diligebat
1045 3142 1133 3213 (erat
1150 3138 1243 3200 enim
1264 3150 1298 3200 et
1314 3138 1389 3218 ipse

146 3246 243 3325 pius,
268 3255 346 3308 tum
371 3247 541 3326 temporis
565 3255 685 3308 autem
710 3245 889 3325 profectus
913 3262 1062 3324 peregre
1087 3244 1227 3322 suerat),
1244 3255 1389 3323 repente

147 3351 195 3414 D.
209 3351 394 3415 Francisci
405 3351 565 3415 habitum
575 3353 698 3431 induit,
711 3370 753 3415 ac
766 3352 886 3415 mundi
898 3352 1206 3431 superstitionibus
1219 3352 1305 3414 nihil
1318 3370 1388 3414 mo·

144 3467 248 3535 rata,
268 3476 312 3522 ea
332 3458 525 3535 dominica,
547 3476 638 3539 quae
659 3460 744 3522 illud
764 3459 950 3522 sabbatum
972 3459 1132 3539 proxime
1148 3468 1296 3537 sequuta
1323 3468 1386 3534 cst,

136 3566 249 3631 ’uenit
263 3566 300 3628 in
313 3567 482 3645 templum
497 3577 671 3643 nostrum,
689 3566 782 3646 quod
798 3567 904 3629 etiarn
919 3566 1124 3645 longissime
1136 3566 1180 3627 ab
1193 3567 1268 3628 eius
1284 3567 1389 3628 domo

143 3675 264 3747 abest,
286 3673 477 3752 auditaque
495 3674 680 3751 concione,
703 3691 745 3735 ac
765 3674 911 3753 reliquis
932 3690 994 3752 pro
1020 3690 1117 3735 more
1137 3689 1202 3734 suo
1217 3673 1384 3751 peractis.

137 3781 295 3844 -domum
316 3780 432 3857 rediit;
455 3798 524 3861 quo
540 3798 620 3844 cum
635 3781 738 3856 irent,
765 3781 868 3860 quasi
888 3780 1140 3843 consolationis
1155 3779 1288 3859 aliquid
1303 3781 1386 3842 alla-

144 3900 265 3964 turae,
282 3887 375 3950 aliae
389 3887 566 3965 muliereS,
586 3887 673 3950 nihil
693 3887 776 3950 fletu
792 3897 825 3950 et
851 3887 1045 3966 lachrymis
1060 3904 1149 3966 opus
1164 3903 1254 3964 esse,
1271 3887 1388 3964 magis

144 4004 269 4058 autem
283 3993 362 4058 Deo
376 3995 513 4074 gratias
529 3994 699 4074 agendas,
716 3995 814 4057 uultu
830 3993 971 4074 quidem
984 3993 1155 4070 modest0,
1169 3994 1287 4056 animo
1300 4011 1386 4056 uero

144 4102 257 4166 etiam
272 4101 309 4164 in
324 4099 478 4164 Domino
493 4103 685 4178 exultante,
703 4102 854 4163 dicebat.
872 4099 1011 4164 Coniux
1027 4117 1111 4162 uero
1128 4100 1215 4178 eiuS,
1232 4100 1291 4162 ubi
1307 4118 1387 4163 cum

147 4209 297 4273 morbus
311 4207 453 4285 inuasit,
471 4208 519 4271 ibi
534 4209 686 4286 uirtutis,
705 4225 812 4288 quam
827 4226 872 4270 ex
887 4207 1060 4286 frequenti
1076 4217 1385 4270 sacramentorum

143 4334 215 4379 usu
242 4316 277 4378 in
304 4316 462 4378 animam
486 4332 587 4378 suam
613 4317 805 4393 collegerat
827 4326 861 4377 ct
881 4314 1100 4392 condiderat,
1122 4331 1194 4376 non
1218 4315 1386 4392 exiguam

141 4422 290 4502 reliquit
304 4422 524 4486 memoriam.
541 4421 749 4486 Distributis
765 4422 869 4499 enim,
883 4437 971 4499 quos
984 4437 1104 4483 secum
1115 4421 1274 4500 gerebat,
1288 4438 1385 4482 num·

145 4530 217 4593 mis
242 4528 403 4608 (gerebat
427 4540 547 4593 autem
572 4546 643 4591 non
668 4528 771 4592 ualde
792 4527 949 4607 paucos),
967 4527 1043 4589 eius
1065 4528 1134 4589 loci
1156 4527 1383 4606 pauperibus,
1477 4548 1480 4555 ·

138 4652 239 4715 quos
253 4635 299 4699 ad
313 4653 353 4700 se
368 4636 491 4699 uocari
507 4636 672 4714 iusserat,
695 4645 729 4698 et
754 4634 969 4697 decumbens
991 4644 1025 4697 et
1046 4635 1211 4709 moriens,
1228 4635 1261 4696 in
1280 4634 1386 4696 adrni-
