3210 5392
718 114 778 169 Aa.
802 110 870 169 lau)
1360 112 1411 171 731

247 255 350 334 Quod
365 256 401 318 in
416 256 623 335 particulari
639 257 794 319 scribere
810 274 953 335 possum
968 268 1020 319 est
1041 257 1135 337 quod
1157 257 1343 334 Dominus
1366 259 1415 319 in-

179 373 383 426 strumento
399 363 583 426 cuiusdam
599 363 726 441 Patris,
745 365 939 426 incarcere
956 364 1058 426 huius
1075 364 1193 444 oppidi
1209 366 1318 425 multa
1335 382 1414 444 ope·

184 480 289 533 ratus
305 479 370 532 est.
388 468 560 532 Omnibus
580 470 703 532 diebus
723 469 823 532 festis
840 470 969 532 dicitur
990 471 1057 532 illis
1083 470 1244 533 doctrina
1270 472 1414 550 xpiana.

182 577 295 655 fitque
318 578 386 639 illis
406 577 588 656 spirituale
612 578 841 657 colloquium,
868 577 1024 655 gaudent
1049 578 1152 639 istius
1176 576 1291 640 Patris
1317 595 1415 657 prae-

182 684 320 759 sentia;
338 683 538 763 relinquunt
553 684 638 746 uitia
655 683 945 763 infirmitatesque
961 684 1145 761 humanas,
1163 685 1199 746 in
1215 685 1340 764 quibus
1353 702 1416 764 pro

183 790 383 868 fragilitate
398 789 625 864 labebantur3
646 791 763 851 sciunt
783 790 985 853 memoriter
1006 808 1096 869 quae
1119 791 1295 866 dicuntur,
1316 807 1415 870 prae·

184 897 293 976 cipue
308 908 461 974 quatuor
476 896 668 974 orationes,
688 895 724 957 ll
739 898 910 959 articulos
925 897 1018 974 fidei,
1046 896 1082 958 10
1102 897 1192 976 legis
1211 897 1416 978 praecepta,

183 1005 234 1065 55
255 1000 411 1065 Sanctae
428 1003 551 1064 matris
566 1003 758 1080 Ecclesiae,
775 1001 794 1063 7
810 1013 1046 1078 sacramenta,
1064 1004 1146 1082 quia
1169 1003 1204 1065 in
1225 1003 1292 1065 hac
1315 1013 1419 1081 parte.

185 1109 342 1172 maxime
357 1108 576 1171 deficiebant.
594 1108 648 1171 Ex
663 1109 867 1172 mulieribus
882 1126 1016 1186 omnes,
1042 1128 1087 1172 ex
1106 1110 1194 1172 viris
1214 1109 1313 1173 multi
1336 1128 1416 1172 con·

186 1215 273 1279 fessi
294 1225 391 1294 sunt;
415 1232 480 1277 nec
502 1217 573 1278 iam
593 1215 779 1278 tristantur
799 1216 835 1278 in
851 1215 1025 1297 frequenti
1041 1216 1086 1279 ad
1103 1216 1344 1279 confessiones
1360 1233 1416 1278 ac·

189 1339 305 1385 cessu.
323 1320 514 1401 Speramus
530 1339 680 1402 semper,
698 1323 893 1401 opitulante
908 1321 1074 1398 Domino,
1092 1339 1261 1400 magnum
1282 1332 1315 1384 et
1336 1323 1418 1384 ube·

189 1445 265 1491 rem
280 1428 446 1491 fructum.
464 1429 557 1491 Inter
572 1428 737 1491 mulieres
752 1438 806 1491 est
820 1446 891 1490 vna
906 1429 1011 1491 morti
1026 1429 1278 1506 condemnata;
1300 1429 1419 1506 agitur

190 1553 273 1599 cum
288 1535 416 1597 marito
431 1535 474 1597 de
488 1535 609 1613 venia,
627 1533 803 1597 credimus
818 1535 897 1612 (Dei
912 1535 1041 1613 gratia)
1058 1535 1312 1615 impetrabitur.
1441 1522 1442 1525 '

251 1639 306 1702 De
315 1641 470 1718 moniali,
482 1638 549 1720 [de]
563 1657 632 1719 qua
643 1641 848 1719 scripsimus
857 1641 1155 1704 tuaePaternitati
1167 1641 1417 1719 quadrimestri

190 1747 385 1828 praeterito
401 1747 495 1826 quod
510 1748 605 1810 nullo
620 1747 725 1809 modo
741 1747 786 1810 ad
802 1765 905 1810 suum
920 1749 1174 1811 monasterium
1189 1747 1302 1810 redire
1324 1750 1417 1809 vole-

190 1855 263 1933 bat,
282 1854 348 1917 Dei
362 1854 605 1916 misericordia
622 1854 753 1917 factum
768 1864 822 1917 est
837 1865 874 1916 ut
890 1855 926 1916 in
938 1872 1003 1916 suo
1016 1865 1159 1936 recepta
1172 1856 1217 1917 sit
1229 1864 1418 1930 conuentu,

171 1947 174 1958 ’
192 1962 252 2024 ubi
274 1962 309 2024 in
329 1961 459 2024 diesin
479 1961 669 2023 virtutibus
691 1961 820 2024 crescit
842 1978 921 2024 cum
943 1961 1210 2042 perseuerantia
1232 1971 1266 2024 et
1287 1977 1418 2039 magno

191 2068 303 2149 ipsius
331 2086 488 2148 suaeque
517 2068 718 2131 abbatissae
745 2068 888 2147 gaudio,
922 2069 1004 2148 quia
1030 2069 1185 2148 perierat
1212 2078 1246 2131 et
1275 2069 1419 2131 inuenta

190 2186 254 2239 est.

255 2282 437 2361 Quaedam
452 2284 580 2345 nobilis
595 2301 745 2363 persona
762 2284 861 2345 venit
882 2282 926 2345 ad
946 2300 1011 2344 nos
1032 2283 1138 2344 anxia
1158 2283 1202 2344 de
1223 2298 1285 2343 sua
1306 2281 1420 2343 salute

193 2406 236 2452 ac
252 2389 324 2451 iam
339 2406 460 2452 amore
475 2388 620 2452 Domini
634 2389 813 2468 languida,
827 2400 864 2451 ut
876 2387 1119 2451 manifestaret
1132 2388 1328 2451 confessori
1339 2404 1416 2467 pec·

192 2505 274 2558 cata
290 2505 325 2558 et
340 2496 512 2558 adulteria
528 2497 654 2575 grauia
670 2496 706 2558 in
722 2496 812 2558 duos
834 2497 982 2558 maritos
1004 2495 1199 2573 (defunctos
1220 2495 1301 2572 iam)
1325 2511 1420 2556 com·

191 2603 312 2677 missa,
330 2622 350 2665 a
369 2602 406 2663 14
419 2604 523 2665 annis
537 2604 800 2683 praetermissa;
815 2614 848 2665 et
863 2614 986 2683 postea
1002 2619 1148 2665 manens
1165 2603 1272 2665 vidua
1284 2601 1320 2664 in
1334 2604 1420 2672 mul-

190 2711 237 2772 tis
254 2726 298 2772 ex
315 2710 507 2788 fragilitate
523 2709 636 2773 Deum
652 2710 865 2773 offenderat:
882 2709 976 2772 facta
992 2708 1232 2786 confessione,
1250 2708 1363 2771 feruet
1384 2709 1420 2771 in

190 2815 260 2879 Dei
275 2833 408 2893 amore,
426 2817 520 2878 dolet
535 2818 577 2879 de
593 2818 761 2896 peccatis,
778 2826 812 2879 et
827 2818 862 2878 in
879 2815 945 2878 Dei
960 2816 1106 2878 seruitio
1120 2826 1338 2894 perseuerat.

251 2922 347 2986 Inter
363 2939 435 3000 eos,
453 2924 511 3003 qui
527 2923 757 3003 insequuntur
769 2922 912 2985 domum
925 2922 1072 3002 regiam,
1091 2933 1143 2984 est
1160 2931 1258 2984 tanta
1275 2922 1421 2985 interior

190 3028 266 3092 fere
278 3029 313 3090 in
325 3029 487 3091 omnibus
499 3030 680 3109 perfecti0,
698 3030 791 3109 quod
807 3039 955 3093 ornatus
969 3029 1125 3091 exterior
1137 3028 1283 3091 adiuvat
1295 3030 1423 3092 mentis

190 3135 430 3199 deuotionem.

254 3241 320 3319 Tu,
337 3241 443 3306 Pater
457 3253 576 3305 noster
592 3243 628 3305 in
646 3242 711 3306 X.⁰
733 3242 924 3307 admodum
947 3245 1104 3321 colende,
1127 3243 1244 3306 Deum
1264 3243 1422 3322 magnifi-

191 3366 248 3427 ca,
267 3350 552 3430 quandoquidem
571 3360 644 3413 tam
667 3351 810 3413 minima
838 3352 874 3413 in
898 3351 1042 3431 speciali
1064 3350 1262 3427 scribimus
1285 3368 1355 3413 non
1377 3367 1422 3411 ex

190 3456 333 3519 defectu
349 3454 621 3535 confessionum,
639 3474 719 3519 cum
734 3458 890 3537 quotidie
904 3474 1072 3520 numerus
1086 3466 1237 3534 crescat,
1258 3456 1320 3519 sed
1339 3458 1423 3536 quia

194 3563 269 3625 iam
284 3561 364 3624 X.¹¹⁸
379 3562 496 3625 lumen
511 3564 547 3625 in
563 3581 647 3626 suos
662 3563 752 3626 filios
771 3563 859 3626 fudit
878 3574 917 3627 ut
942 3562 1096 3627 nefanda
1121 3564 1271 3626 crimina
1296 3563 1422 3625 abhor-

193 3679 315 3731 reant:
331 3685 517 3748 speramus
531 3670 625 3749 quod
640 3670 817 3751 deinceps,
835 3671 871 3733 iu
886 3671 1045 3750 generali
1060 3680 1189 3747 tamen,
1207 3668 1249 3732 de
1269 3668 1422 3733 Societa-

194 3776 242 3838 tis
257 3786 448 3854 augmento
464 3775 687 3857 fideliumque
703 3777 902 3840 animarum
918 3779 1073 3841 scribere
1088 3777 1289 3840 debeamus.

255 3880 354 3945 Deus
369 3881 450 3962 Opt.
473 3882 568 3946 Max.
591 3892 726 3946 tantam
749 3884 850 3946 nobis
872 3885 1045 3962 largiatur
1065 3884 1231 3962 gratiam,
1255 3900 1324 3962 qua
1345 3884 1422 3945 eius

195 3990 373 4060 voluntati
388 3989 595 4053 satisfacere
610 3991 803 4070 possimus;
821 3999 856 4053 et
876 3991 1003 4054 horum
1024 3990 1250 4068 indignorum
1270 3989 1422 4053 filiorum

192 4108 336 4158 tuorum
352 4113 397 4158 ne
412 4095 646 4175 obliuiscaris
663 4098 723 4176 qui
735 4098 770 4159 in
781 4098 851 4159 tuis
861 4097 1026 4177 precibus
1038 4105 1072 4159 et
1083 4096 1279 4174 sacrificiis,
1294 4106 1328 4160 et
1341 4097 1422 4159 alio·

191 4219 275 4265 rum
296 4201 441 4265 Patrum
463 4220 505 4265 ac
526 4203 676 4266 fratrum
697 4203 988 4267 charissimorum
1010 4180 1277 4268 commendatos
1298 4205 1423 4268 haberi

193 4309 389 4373 humillime
404 4310 568 4390 petimus,
