3210 5392
177 404 234 464 238
566 405 737 464 Lunares
756 421 1028 474 ounnutussraus

180 551 290 630 plexi,
307 551 445 629 egimus
459 550 537 614 Deo
557 550 710 630 gratias,
727 549 855 630 quode
876 550 1027 613 uinculis
1048 550 1209 630 corporis
1228 551 1351 630 soluti,
1368 551 1413 614 ad

179 657 323 721 domum
351 658 447 720 illam
475 667 657 720 aeternam
686 657 942 737 beatorumque
975 655 1243 720 foelicissimum
1270 666 1414 720 coetum

180 765 420 842 conuolarint,
441 781 586 828 suornm
608 763 769 826 laborum
794 763 991 843 praemium
1015 763 1271 842 sempiternum
1292 780 1413 845 perce·

181 872 287 952 pturi.
303 871 403 934 Multi
427 872 573 951 cupiunt
597 887 639 934 eo
665 870 858 952 proficisci,
879 879 919 932 vt
944 869 1127 933 elaborent
1152 870 1190 932 in
1210 870 1319 933 vinea
1343 868 1416 934 Do·

181 978 279 1041 mini.

240 1083 295 1147 De
309 1085 369 1162 iis
386 1102 476 1165 quae
491 1095 663 1164 geruntur
678 1085 714 1148 in
729 1085 887 1165 Collegio
902 1084 986 1148 Diui
1001 1085 1165 1162 Antonii,
1181 1102 1254 1147 non
1269 1085 1414 1166 scripsi·

181 1199 275 1270 mus,
299 1193 392 1272 quod
411 1190 576 1254 Patribus
598 1192 642 1254 sit
668 1209 793 1255 curae:
820 1192 1063 1273 percipiuntur
1088 1191 1234 1254 maximi
1260 1190 1414 1270 fructus

181 1299 275 1361 vnde
289 1298 448 1361 homines
463 1299 551 1361 mire
566 1300 766 1363 excitantur
781 1298 1095 1378 aedificanturque.
1107 1297 1232 1361 Patres
1246 1298 1342 1361 adeo
1357 1315 1416 1362 cu·

180 1406 281 1486 piunt
296 1406 424 1468 liberos
439 1422 480 1468 eo
496 1406 635 1468 mittere
655 1405 733 1485 (nec
748 1396 843 1468 enim
857 1405 992 1487 passim
1005 1421 1128 1468 omnes
1149 1403 1414 1485 admittuntur),

180 1521 220 1574 vt
236 1531 257 1575 a
271 1512 372 1574 nobis
386 1513 422 1575 id
437 1514 663 1575 contendant.
680 1512 881 1576 Versantur
897 1512 945 1574 ibi
959 1511 1022 1575 filii
1035 1511 1341 1574 nobilissimorum
1356 1511 1415 1575 ho-

181 1619 328 1695 minum,
356 1619 416 1699 qui
442 1619 630 1699 plurimum
655 1619 692 1682 in
716 1619 907 1682 virtutibus
935 1627 1040 1698 atque
1067 1617 1179 1681 literis
1209 1616 1414 1699 proficiunt.

179 1725 346 1790 Calendis
361 1723 526 1789 Octobris
550 1724 772 1788 interfuimus
798 1724 951 1787 orationi
972 1733 1078 1804 atque
1101 1724 1413 1789 conclusionibus:

180 1843 370 1912 vtrumque
391 1833 575 1912 praeclare
594 1842 714 1895 actum
734 1841 799 1895 est.
828 1830 988 1895 Interfuit
1008 1829 1052 1893 D.
1072 1830 1262 1894 Eduardus
1286 1829 1307 1910 ¹,
1323 1831 1415 1896 filius

182 1940 303 2003 fratris
324 1937 453 2018 Regis,
477 1938 643 2018 multique
669 1938 819 2001 nobiles:
842 1937 1004 2001 omnibus
1027 1935 1198 2000 beneficio
1218 1937 1288 2001 Dei
1314 1939 1415 2002 satis·

182 2047 395 2110 factumest.

243 2153 407 2217 Christus
422 2152 501 2232 Opt.
519 2152 615 2214 Max.
628 2169 693 2215 nos
708 2162 851 2231 augeat,
865 2153 1032 2231 viamque
1046 2151 1222 2226 ostendat,
1239 2167 1413 2234 suamquc

182 2260 443 2323 sanctissimam
466 2261 685 2321 voluntatem
710 2259 864 2338 aperiat,
890 2259 1056 2338 viresque
1081 2257 1268 2338 praebeat,
1296 2268 1337 2323 vt
1365 2260 1412 2323 illi

182 2384 321 2447 semper
336 2367 603 2428 adhaereamus.

242 2474 337 2536 Data
353 2473 518 2536 Calendis
532 2473 710 2555 Januarii,
728 2491 773 2536 ex
787 2473 874 2536 aede
890 2472 934 2536 D.
950 2472 1074 2553 Rochi,
1095 2472 1182 2535 1555.

244 2579 479 2661 Olyssiponae
494 2582 515 2638 ¹.

868 2793 1082 2864 †Massrus
1104 2782 1289 2858 Gonzn'no.

241 3115 507 3195 Superscrt‘ptio
519 3115 557 3177 in
570 3121 697 3179 octova
705 3116 861 3195 pagina:
876 3118 897 3189 †
911 3114 1120 3178 Reuerendo
1134 3113 1170 3175 in
1186 3112 1333 3178 Christo
1349 3115 1453 3179 Pa-

180 3223 227 3285 tri
241 3222 390 3301 ignatio.

241 3327 325 3391 Alia
336 3347 460 3392 manu:
475 3329 562 3392 1555.
575 3328 801 3409 Olyssipona.
811 3328 1096 3407 Quadrimestres
1107 3330 1235 3392 domus
1247 3325 1309 3392 8³¹
1322 3329 1400 3393 Roc

181 3434 256 3514 chi,
272 3437 317 3515 pi
337 3436 508 3517 januarii.
526 3436 599 3498 R.tl
612 3435 653 3498 20
667 3436 834 3499 octobris

223 3713 229 3744 ¹
259 3711 326 3755 Vide
337 3712 362 3756 ln
373 3712 485 3756 Poenum
497 3712 599 3764 chron„
609 3718 627 3755 t.
639 3712 801 3767 1v.pag.528,
813 3717 900 3755 annot.
911 3713 930 3755 l.

221 3784 233 3816 ¹
260 3782 315 3827 Hoc
325 3785 433 3827 verbum
443 3791 483 3827 est
493 3785 601 3827 alterius
611 3793 710 3827 manus.
