3240 5386
185 444 239 503 606
575 439 1031 505 Lirrsunuouaoaiussrnas

186 588 372 652 dehabeat.
389 585 434 648 Ut
448 584 555 646 semel
570 583 698 646 dicam:
712 592 814 645 curat
829 583 1013 662 essequod
1028 582 1136 645 audit.
1152 582 1258 645 Pacis
1269 583 1411 662 discipr
1437 587 1483 632 Φ

187 699 258 758 lum
273 691 467 773 profitetur;
484 689 580 753 dedit
595 706 752 769 operam,
769 698 808 751 ut
822 691 942 768 plures
961 689 997 751 in
1012 689 1167 768 gratiam
1188 699 1347 752 mutuam
1362 700 1483 752 ro·

187 801 326 864 dierint.
344 798 596 873 Dispersorum
611 795 767 858 creditur
782 805 1037 874 congregatum
1053 811 1125 857 non
1144 810 1281 875 paucos
1296 813 1319 857 a
1332 810 1390 858 mu
1405 808 1483 858 ω

188 908 233 969 tis
258 906 359 968 annis
380 921 450 966 non
470 902 651 966 confessos
669 901 714 964 ad
734 902 907 965 ecclesiae
922 900 1159 965 obedientiam
1173 901 1329 965 reduxit.
1346 900 1483 968 Sim]

187 1015 272 1093 gula
287 1026 488 1087 recensere,
502 1025 568 1071 nec
583 1008 668 1070 mihi
682 1008 839 1071 scribere
858 1008 1013 1085 iubetur,
1030 1025 1096 1071 nec
1110 1007 1152 1071 T.
1169 1007 1208 1071 P.
1226 1010 1346 1088 legere
1361 1025 1451 1072 nez
1467 1033 1483 1078 ι

190 1128 299 1182 caret.

249 1224 325 1287 Hoc
341 1224 404 1286 tibi
426 1218 689 1300 commendam,
707 1238 811 1300 quem
831 1237 940 1300 opera
960 1222 1211 1285 commendant
1231 1231 1483 1294 tacentenn

190 1331 233 1394 de
248 1329 286 1393 P.
305 1329 408 1392 Petro
431 1329 438 1359 ¹
454 1345 568 1408 pauca
585 1327 719 1410 dicam,
742 1328 817 1390 sinc
836 1328 937 1390 cuius
959 1329 1092 1391 auxilio
1116 1327 1368 1391 confitentibus
1387 1349 1414 1384 u

189 1436 530 1500 communicantibus
546 1435 710 1514 (quorum
723 1452 892 1497 numerus
903 1437 1007 1514 longe
1019 1434 1178 1499 foelicior
1189 1446 1246 1498 est
1257 1442 1397 1514 expect:
1421 1453 1483 1506 :1

189 1543 295 1620 tione)
311 1541 560 1607 satisfierinon
575 1541 764 1620 potuisset,
781 1558 854 1603 non
869 1540 973 1604 modo
994 1541 1137 1605 iubilaei
1156 1553 1337 1620 tempore,
1361 1556 1483 1609 sm:

191 1651 260 1712 alio
276 1664 425 1729 quoque.
441 1647 659 1725 Praecipuus
674 1647 825 1727 quisque
838 1647 883 1710 ad
895 1658 1033 1710 nostros
1046 1648 1170 1711 lubens
1181 1665 1261 1711 sese
1273 1646 1449 1714 conset
1474 1676 1483 1718 ι

189 1758 233 1819 sit
248 1755 394 1829 Doctor,
412 1753 456 1816 sit
472 1751 591 1832 oppidi
607 1752 889 1827 administrator,
905 1754 949 1816 sit
961 1754 1052 1817 alius
1066 1755 1282 1817 nobiliorum
1294 1765 1483 1823 octa-*u

190 1879 327 1943 quoque
349 1859 405 1923 die
424 1860 760 1923 communicantium
781 1860 963 1940 utriusque
982 1865 1099 1924 sexus.
1124 1861 1169 1924 Et
1189 1861 1279 1923 haec
1301 1860 1481 1928 baete

191 1986 267 2041 nus,
293 1985 373 2030 cum
393 1984 458 2029 nec
484 1967 553 2028 loci
579 1966 824 2042 commoditas,
851 1985 916 2028 nec
942 1984 984 2029 ea
1009 1965 1199 2031 Societatis
1225 1968 1483 2039 authoritas

193 2086 299 2151 esset,
321 2091 409 2152 quas
433 2073 660 2135 illustrissimi
680 2072 850 2151 nobisque
874 2073 1078 2136 amicissimi
1093 2075 1130 2136 in
1144 2073 1208 2136 X.⁰
1224 2074 1379 2138 Cardine
1414 2072 1475 2140 Iis

191 2180 432 2244 Ferrariensis
449 2185 460 2216 ¹
475 2179 647 2240 aduentus
663 2179 790 2241 mirum
806 2179 841 2241 in
857 2180 1000 2242 modum
1014 2181 1124 2257 auxit3
1137 2181 1199 2260 qui
1211 2182 1308 2243 nullo
1320 2175 1462 2243 mocio

192 2306 263 2350 non
275 2286 387 2349 voluit
401 2286 441 2348 25
455 2291 519 2347 hta
534 2284 592 2347 ⁵in
606 2286 683 2347 eius
695 2285 841 2364 parietis
861 2287 1118 2349 extructionem
1136 2286 1312 2365 conferre,
1326 2287 1383 2350 cui
1399 2296 1449 2346 us

192 2393 376 2457 extruendi
393 2392 598 2455 facultatem
612 2391 683 2468 uia,
701 2409 771 2472 qua
787 2401 999 2471 peteremus,
1018 2392 1206 2456 videbatur
1222 2393 1269 2456 ad
1284 2393 1433 2457 tertium

192 2517 303 2580 usque
318 2517 449 2561 annum
463 2498 583 2561 futura
596 2500 704 2560 nulla:
718 2509 905 2576 aegrotum
918 2510 1092 2576 nostrum,
1107 2500 1170 2563 sed
1181 2509 1215 2563 et
1228 2517 1295 2563 nos
1306 2500 1421 2580 digna·

191 2622 247 2670 tus
262 2618 315 2669 est
330 2605 579 2668 beneficiorum
595 2604 661 2666 Dei
676 2603 795 2667 facere
818 2606 1028 2685 participes:
1054 2607 1203 2670 consilia
1218 2605 1259 2669 P.
1282 2605 1413 2670 Benedi-

192 2715 241 2777 cti
256 2711 268 2743 ⁸
282 2730 388 2792 quam
404 2711 607 2774 auidissime
622 2729 690 2772 una
707 2728 788 2774 cum
810 2712 910 2775 curia
926 2722 999 2774 tota
1016 2714 1124 2793 (quae
1138 2731 1197 2777 res
1210 2715 1276 2777 toti
1292 2714 1416 2777 ciuitati

192 2821 346 2883 maximo
361 2820 425 2882 fuit
442 2819 609 2880 uirtutum
626 2820 807 2897 exemplo)
831 2819 953 2881 diebus
968 2820 1074 2882 etiam
1090 2820 1287 2899 prophanis
1303 2822 1365 2898 (ut
1379 2821 1419 2883 ita

192 2929 320 2990 dicam
339 2925 461 2987 audire
477 2942 545 2985 non
562 2934 613 2985 est
630 2923 854 3000 dedignatus.
876 2924 912 2986 P.
934 2926 1160 2987 Benedictum
1182 2944 1306 2990 secum
1328 2945 1424 3007 pran-

193 3036 277 3095 dere
295 3033 436 3110 saepius
452 3031 602 3108 cupiuit:
620 3030 769 3108 publicis
793 3031 1011 3110 priuatisque
1031 3034 1197 3095 subsidiis
1219 3035 1348 3111 quanti
1364 3036 1428 3097 iam

193 3140 301 3201 faciat
317 3138 541 3211 Societatem,
559 3153 628 3197 una
645 3153 724 3197 cum
740 3137 833 3198 latus
857 3138 1101 3200 claudentibus
1121 3139 1313 3219 Episcopis
1330 3153 1432 3220 atquc

197 3245 483 3322 Archiepiscopis
499 3244 703 3321 reliquaque
727 3245 826 3320 aula,
846 3243 1042 3323 Tyburtino
1058 3248 1186 3325 populo
1207 3247 1434 3311 demonstra·

196 3355 258 3414 uit.
276 3351 376 3414 Unde
392 3350 427 3411 fit
445 3359 482 3410 ut
504 3351 619 3410 nullus
639 3350 742 3411 nobis
765 3350 1006 3426 contradicat,
1024 3353 1093 3413 imo
1116 3353 1221 3414 foelix
1244 3367 1436 3416 censeatur

195 3460 255 3539 qui
269 3460 409 3536 placere
426 3457 546 3535 possit.
567 3454 687 3531 Vides,
706 3454 822 3532 Pater,
840 3474 930 3535 quae
942 3468 1144 3537 quantaque
1159 3476 1180 3519 a
1193 3459 1362 3540 principe
1375 3463 1437 3524 de-

198 3564 383 3644 pendeant.
398 3562 528 3625 Sensus
542 3574 664 3640 pascat
680 3563 739 3640 qui
752 3562 892 3625 uidetur
908 3565 1028 3643 populi
1041 3567 1234 3644 applausus
1251 3566 1435 3631 fortassis:

197 3672 258 3734 sed
274 3671 385 3732 fidelis
402 3667 510 3744 Deus,
528 3670 604 3748 qui,
622 3679 658 3729 ut
681 3669 745 3729 sibi
767 3686 948 3748 nunquam
968 3673 1096 3748 uoluit,
1119 3672 1210 3751 quod
1236 3685 1441 3751 pateretur.

198 3779 331 3852 deesse,
350 3777 398 3837 ita
414 3793 478 3837 nec
495 3776 605 3836 nostri
622 3776 850 3837 obliuiscetur
866 3777 900 3837 in
918 3776 1032 3839 finem:
1049 3779 1133 3856 quin
1148 3778 1269 3857 potius
1281 3789 1323 3844 ut
1342 3799 1365 3844 a
1380 3782 1444 3845 Pa·

199 3898 253 3948 tre
269 3885 417 3946 dilectus
433 3883 513 3958 fuit,
531 3883 578 3943 ita
600 3892 633 3942 et
653 3900 716 3943 nos
736 3882 834 3961 diligi
857 3885 1004 3946 curabit.
1028 3884 1128 3963 Quod
1150 3895 1266 3949 totum
1289 3890 1325 3950 ei
1348 3906 1445 3953 com-

199 3993 382 4056 mittimus

258 4098 452 4160 Fraternae
468 4096 705 4157 correctiones
720 4096 836 4158 fructu
852 4115 921 4158 non
937 4110 1143 4176 caruerunt,
1168 4109 1204 4162 ut
1225 4117 1296 4164 nec
1323 4105 1448 4183 priua·

200 4218 256 4268 tae
272 4204 541 4284 praecipuorum
557 4201 789 4280 quorumdam
802 4203 1079 4267 adhortationes

243 4444 250 4474 ¹
283 4444 310 4486 P.
323 4443 400 4486 Petro
412 4441 536 4486 Pradene.

244 4516 254 4545 ¹
283 4516 416 4571 Hippolyti
428 4516 458 4557 de
470 4515 532 4556 Este

244 4587 255 4617 ὅ
283 4589 477 4639 Δῃῳειιιειῑη.

241 4659 252 4689 ⁴
281 4657 367 4700 Patris
377 4656 507 4699 Benedicti
521 4655 618 4698 Palmli.
632 4655 764 4696 Potauces
773 4656 798 4695 ln
810 4654 944 4705 Chronico,
956 4667 973 4699 t.
986 4671 1011 4697 r.
