3210 5392
736 434 799 491 ΑΝ.
823 434 891 492 lull
1376 434 1428 491 175

226 587 300 641 extat
313 580 407 643 nobis
422 581 595 660 scriptum
613 582 656 642 ab
673 581 884 656 oratoribus;
902 580 965 642 sed
977 580 1022 641 ob
1037 580 1206 658 temporis
1221 579 1425 658 angustiam

231 685 276 747 hos
286 687 467 767 scriptores
482 687 629 750 alternis
644 688 908 751 enucleabimus
919 686 1053 749 diebus.
1071 685 1185 749 Feriis
1199 685 1424 749 decreuimus

229 791 375 855 declarare
400 794 556 873 aliquam
587 794 770 856 Ciceronis
796 794 1011 869 orationem,
1038 804 1076 855 ut
1108 793 1269 872 exemplo
1300 800 1335 854 et
1360 809 1427 854 usu

232 899 329 963 rectius
341 912 530 980 praecepta
545 901 753 981 percipiant.
771 900 848 963 Hoc
869 917 997 963 munus
1016 900 1183 963 libentius
1205 900 1373 979 suscipio,
1395 899 1426 961 si

232 1005 308 1069 modo
319 1007 445 1086 possim
459 1007 630 1070 iratribus
646 1008 734 1071 meis
750 1008 784 1069 ln
807 1008 875 1069 bac
895 1024 933 1069 re
956 1007 1138 1086 prodesse,
1155 1006 1264 1085 quiet
1283 1006 1426 1085 pictatis

231 1121 259 1172 et
275 1114 449 1192 sapientiae
475 1114 594 1193 cupidi
619 1126 712 1190 sunt,
740 1132 847 1194 quam
878 1115 1029 1177 alterum
1059 1114 1252 1177 iuuentutis
1284 1114 1425 1176 italicae

229 1219 415 1295 crudiendae,
434 1221 550 1300 inqua
568 1221 711 1284 omnino
727 1238 840 1301 neque
856 1219 1038 1295 modestia,
1056 1237 1169 1299 neque
1185 1220 1295 1296 labor,
1313 1236 1426 1298 neque

230 1323 381 1391 tinorvim
403 1328 536 1391 habent
561 1329 680 1401 ullam,
703 1346 767 1390 nec
792 1328 972 1391 humilitas
995 1330 1065 1390 ulla
1081 1338 1145 1405 est,
1164 1344 1276 1407 neque
1299 1328 1424 1407 pietas,

229 1435 413 1498 necomnino
431 1434 660 1498 simulacrum
681 1435 823 1514 aliquod
849 1446 911 1497 aut
935 1435 1125 1513 vestigium
1145 1434 1380 1497 uerecundiae
1403 1433 1423 1495 ¹.

270 1536 472 1606 inomnium
497 1541 710 1606 Sanctorum
736 1543 835 1605 seriis
859 1540 1002 1605 interfui
1031 1542 1197 1605 concioni
1219 1541 1335 1605 Patris
1360 1541 1424 1603 Re·

224 1645 334 1727 ctoris·‚
350 1667 393 1711 ex
405 1665 476 1728 qua
492 1649 533 1727 (si
549 1649 632 1729 quid
647 1649 683 1712 in
698 1649 765 1711 hac
781 1666 819 1712 re
840 1666 984 1729 possum
1005 1649 1174 1725 iudicare)
1195 1649 1349 1727 cognoui
1365 1665 1424 1710 ex·

224 1750 451 1819 cellensPatris
472 1766 547 1819 tum
569 1756 763 1834 ingenium,
785 1764 859 1818 tum
882 1756 1059 1819 actionem
1081 1767 1116 1818 et
1131 1772 1257 1818 vocem
1279 1757 1425 1818 multam

225 1861 250 1913 et
261 1855 382 1938 bonam,
399 1872 486 1938 tum,
505 1863 598 1943 quod
613 1873 667 1926 est
681 1863 932 1943 praestantius,
949 1863 1196 1926 auctoritatem
1212 1872 1246 1924 et
1261 1862 1423 1942 spiritum

223 1954 333 2031 bonum.
348 1968 450 2032 Unde
466 1987 605 2033 mecum
624 1970 763 2048 agitare
784 1970 884 2048 coepi
904 1969 964 2048 qui
990 1969 1089 2033 lieret
1109 1978 1147 2031 ut
1171 1980 1245 2032 tam
1266 1969 1423 2048 praecla-

224 2081 282 2132 rum
294 2074 463 2155 ingenium
479 2080 604 2141 lateret
619 2088 653 2140 ct
670 2078 770 2158 quasi
786 2078 850 2140 sub
871 2078 1000 2154 modio,
1019 2087 1144 2140 contra
1165 2076 1309 2139 Domini
1324 2094 1424 2156 prae·

224 2178 373 2261 scriptum,
398 2186 645 2260 collocaretur,
663 2201 775 2264 neque
791 2201 856 2246 sua
879 2193 912 2246 et
928 2183 1089 2246 doctrina
1107 2194 1141 2248 et
1159 2184 1302 2262 ingenio
1317 2183 1423 2246 latius

225 2279 350 2354 Pluribus
364 2294 598 2372 praeluceret.
615 2291 702 2354 Rem
718 2307 805 2370 ergo
821 2292 866 2353 ad
886 2290 1030 2353 Patrem
1046 2290 1171 2367 refero,
1189 2299 1224 2353 et
1239 2291 1357 2354 animo
1374 2291 1422 2352 in·

223 2400 311 2461 leuno
327 2397 374 2460 illi
394 2397 577 2460 declaraui
600 2415 716 2460 meam
736 2396 948 2460 sententiam
968 2397 1011 2459 de
1030 2397 1203 2459 concione
1228 2398 1361 2475 habita,
1389 2407 1423 2460 et

219 2503 297 2577 coepi
318 2505 499 2567 cohortari
524 2514 562 2565 ut
588 2503 680 2566 idem
700 2504 902 2583 frequentet·
924 2503 1069 2582 laceret;
1093 2521 1177 2566 nam
1196 2504 1265 2566 hac
1285 2505 1423 2566 ratione

220 2610 343 2673 maxime
367 2628 443 2674 rem
469 2611 700 2673 christianam
721 2621 957 2690 promoueret.
988 2610 1084 2673 “Non
1110 2611 1223 2690 inquit
1249 2611 1317 2672 hoc
1342 2629 1423 2674 mea

215 2717 332 2792 negotia
347 2718 540 2797 patiuntur,
552 2718 677 2797 quibus
689 2718 734 2779 ad
749 2734 924 2779 summum
938 2717 1277 2797 caputimmergor.„
1292 2716 1421 2796 “Quae‚

210 2818 342 2902 inquam,
358 2837 440 2888 sunt
457 2826 568 2887 istaec
587 2825 762 2903 negotiai„
782 2823 911 2887 “Multa
933 2824 1086 2904 quidem,
1109 2824 1171 2887 sed
1190 2825 1362 2903 grauiora
1389 2834 1424 2888 et

207 2930 440 3010 principaliora
455 2930 716 2994 confessionum
732 2932 865 3008 turba„
886 2929 995 3010 “Quid
1010 2948 1148 3009 narras,
1165 2931 1320 3011 inquam,
1337 2950 1421 2995 non·

201 3053 239 3099 ne
252 3037 341 3101 domi
357 3039 508 3101 manetis
523 3049 674 3116 quatuor
690 3038 927 3112 sacerdotesl„
947 3035 1069 3114 “Sane
1091 3038 1215 3118 inquit,
1238 3037 1299 3100 sed
1315 3039 1351 3101 in
1366 3057 1422 3101 me

195 3161 312 3207 omnes
325 3145 586 3208 confessionum
602 3143 729 3206 fluctus
751 3143 962 3207 redundant.
988 3143 1167 3224 Siquidem
1182 3142 1287 3207 Pater
1302 3145 1423 3223 Augu-

192 3252 302 3313 stinus
321 3250 344 3329 ⁸,
369 3268 450 3314 cum
471 3252 620 3313 scientia
640 3262 673 3312 et
695 3251 898 3328 cognitione
913 3268 1033 3313 rerum
1049 3251 1288 3314 conscientiae
1304 3262 1339 3313 ct
1353 3252 1422 3330 spi·

189 3360 277 3421 ritus
299 3368 352 3421 est
372 3369 452 3438 tyro
470 3356 496 3436 ¹,
518 3369 591 3420 tum
616 3358 730 3435 magis
752 3357 903 3419 cubiculi
920 3367 953 3419 et
969 3358 1170 3420 solitudinis
1185 3375 1291 3438 quam
1313 3361 1423 3421 ecclc·

184 3466 263 3528 siae
282 3476 432 3539 amator,
456 3475 530 3527 tum
552 3466 646 3527 nulla
667 3464 859 3527 faelicitate
880 3465 915 3526 in
937 3464 1004 3526 hoc
1025 3481 1171 3527 munere
1190 3474 1366 3542 uersatur,
1383 3477 1422 3528 ut

184 3583 353 3650 stupeant
368 3571 484 3635 cuncti
501 3572 559 3650 qui
577 3570 649 3633 fieri
666 3570 776 3650 possit
792 3580 829 3633 ut
845 3572 1031 3650 presbyter
1043 3570 1231 3634 Societatis
1242 3573 1339 3633 nullo
1357 3590 1421 3634 usu

183 3690 220 3743 ct
235 3679 422 3759 prudentia
440 3696 558 3740 rerum
575 3679 682 3740 animi
697 3690 731 3741 et
747 3678 987 3740 conscientiae
1002 3679 1048 3740 sit
1063 3680 1236 3740 excultus.
1255 3678 1290 3741 P.
1309 3678 1338 3740 F
1342 3696 1421 3740 ran·

181 3789 307 3850 ciscus
321 3786 526 3849 Parmensis
541 3797 615 3848 tum
630 3802 756 3862 nouuS,
777 3794 851 3847 tum
872 3786 976 3847 huius
1001 3787 1054 3848 rei
1069 3786 1226 3864 ignarus,
1253 3797 1287 3848 et
1309 3786 1418 3860 rudis·

181 3894 369 3971 confusus,
386 3903 420 3957 et
436 3909 508 3955 non
523 3894 643 3955 clarus
657 3892 693 3954 in
713 3892 767 3953 his
787 3891 909 3954 officiis
930 3891 1166 3971 praestandis,
1189 3890 1243 3953 De
1259 3891 1297 3954 Ρ.
1315 3890 1420 3954 Seba-

192 4035 405 4044 ----——-·

225 4100 233 4130 ¹
264 4098 334 4142 Dure
346 4097 420 4142 nimis
431 4098 495 4142 haec
506 4098 577 4141 dicte
587 4097 707 4140 videntur
717 4097 747 4138 dc
760 4096 849 4139 ltallca
860 4098 965 4140 saeculo
977 4108 1021 4140 xvr
1030 4098 1175 4152 juventute
1188 4109 1278 4140 verum
1292 4099 1422 4142 memlnls.

180 4183 210 4213 se
222 4176 326 4224 oportet
337 4180 401 4223 quae
413 4169 509 4224 passim
520 4169 545 4211 in
558 4166 682 4211 Chronico
692 4175 799 4210 enarrat
809 4167 947 4217 Focaneus,
958 4180 1060 4222 praescr
1068 4171 1113 4212 tim
1124 4170 1165 4211 ubi
1177 4170 1206 4211 de
1223 4168 1347 4223 collegiis
1357 4169 1418 4213 Fer-

179 4241 305 4293 atriensi,
316 4240 461 4292 Mutinensi,
474 4240 605 4289 Perusino,
617 4239 811 4293 Argentinensl,
822 4246 863 4282 etc
877 4272 882 4291 ,
894 4239 958 4293 agit.

223 4314 235 4344 ²
263 4313 351 4355 Patris
361 4311 495 4356 Francisel
507 4310 605 4354 Palmil.

226 4384 239 4411 ⁵
266 4381 555 4436 enumsrrnusaiva.

225 4456 238 4486 ⁴
265 4453 334 4510 Tyro
343 4454 444 4508 quidem
455 4462 514 4497 erut
524 4455 551 4497 P.
565 4456 725 4507 Augustinus
739 4457 769 4499 de
782 4458 806 4498 la
818 4456 893 4505 Riva,
904 4458 926 4499 si
937 4464 1045 4510 tempus,
1057 4458 1124 4511 quod
1134 4459 1160 4502 ln
1176 4458 1308 4502 societate
1328 4472 1420 4512 exege·

182 4532 239 4575 rat,
249 4526 408 4580 tropicarum
417 4527 461 4568 sed
473 4527 540 4579 quod
551 4527 581 4568 ad
594 4534 709 4569 aetatem
719 4530 814 4570 attinet
824 4534 851 4570 et
863 4539 948 4571 rerum
959 4528 1155 4583 experientiam,
1165 4530 1230 4574 haec
1241 4531 1272 4573 de
1281 4542 1311 4574 eo
1323 4532 1360 4575 alt
1370 4532 1418 4576 Po·

182 4607 287 4640 sancus:
297 4598 367 4640 “cum
377 4609 456 4640 senex
467 4606 544 4646 esset,
556 4605 582 4640 et
592 4598 660 4641 doml
670 4598 783 4651 aliquam
801 4607 949 4643 nostrorum
959 4610 1048 4644 curam
1063 4600 1186 4652 habebat,
1202 4610 1228 4644 et
1247 4602 1308 4647 loris
1322 4603 1420 4647 confes·

183 4668 298 4711 lionibus
308 4668 441 4713 audiendis
453 4676 478 4712 et
488 4669 611 4722 operibus
622 4670 729 4722 pietatis
740 4681 846 4723 operam
857 4670 963 4723 dabat.„
975 4670 1008 4714 Τ.
1020 4683 1054 4724 rv,
1067 4671 1278 4728 pag.109‚n.209.
