3210 5392
179 391 233 450 728
573 390 1025 457 Llrrenaaquaoamusuuas

181 539 363 618 praelatus
374 553 455 600 cum
470 536 643 615 aliquibus
659 537 764 600 etiam
777 537 964 616 religiosis
977 546 1012 600 et
1021 535 1118 600 docti
1129 534 1361 618 praetereaviri,

181 644 241 725 qui
256 644 332 707 eius
346 643 587 707 reductionem
603 651 707 706 antea
722 652 959 722 tentauerant,
975 660 1083 725 supra
1099 642 1309 707 modumsunt
1320 640 1364 703 mi·

184 751 264 830 rati,
282 751 435 830 idipsum
448 749 697 830 approbantes

245 857 313 937 Qui
341 857 490 937 singulis
514 856 794 921 hebdomadibus
819 858 865 921 ad
891 857 1153 922 confessionem
1181 863 1367 921 concurrunt

181 964 494 1046 quadragesimum
522 963 697 1027 excedunt
720 982 916 1029 numerum.
942 963 1037 1030 Ante
1062 965 1191 1029 festum
1215 959 1368 1026 natiuitatis

182 1070 380 1135 dominicae
393 1072 657 1152 promulgatum
672 1080 726 1134 est
745 1054 925 1152 quoddam
945 1071 1053 1154 (quod
1072 1070 1183 1150 aiunt)
1205 1069 1368 1151 jubilaeum.

184 1177 279 1258 quod
292 1175 551 1241 consessionem
568 1178 661 1241 intra
676 1188 749 1241 tres
767 1178 843 1241 dies
857 1179 1108 1258 constituebat,
1128 1175 1371 1242 communionem

182 1293 301 1347 autem
315 1283 492 1348 dominica
507 1285 678 1365 sequenti;
695 1293 730 1348 et
744 1302 836 1365 quae
848 1285 990 1350 auditae
1001 1284 1144 1352 fuerunt
1156 1282 1370 1348 consessiones.

186 1400 311 1470 quater
326 1391 556 1454 centesimum
580 1408 670 1471 pene
689 1394 922 1472 expleuerunt
947 1408 1145 1466 numerum,
1173 1382 1374 1455 communioni

184 1485 303 1560 autem
321 1497 529 1578 designatus
543 1497 619 1561 dies
643 1501 930 1562 tercentesimum
954 1497 1029 1562 sere
1052 1499 1215 1562 obtinuit.
1241 1492 1375 1562 confiteo·

183 1604 272 1666 tium
287 1613 404 1666 autem
431 1604 664 1684 collegiorum
689 1605 831 1685 plurimi
858 1607 1016 1687 collegae
1038 1605 1239 1686 digniorum
1258 1601 1376 1671 fueram,

183 1709 418 1790 permultique
433 1708 493 1773 alii
511 1711 659 1775 literarii
673 1711 742 1774 viri
758 1721 864 1792 atque
882 1711 988 1776 huius
1009 1710 1220 1775 academiae
1242 1709 1377 1787 insignes,

185 1833 324 1880 necnon
335 1825 370 1879 et
385 1817 519 1897 aliquot
535 1827 721 1896 magnates
737 1819 869 1898 populi,
885 1827 991 1898 atque
1006 1818 1113 1881 etiam
1132 1817 1302 1895 heroides,
1315 1825 1380 1894 quae

185 1925 222 1987 in
244 1922 466 1987 confessione
480 1921 683 2003 frequentes
698 1933 780 1987 sunt
801 1923 917 2002 nimis,
938 1934 973 1988 et
996 1941 1119 1988 earum
1140 1925 1251 1988 etiam
1273 1922 1382 2000 aliquae

184 2032 221 2094 in
233 2031 404 2094 oratione.
420 2029 544 2094 Totius
554 2030 651 2093 vitae
664 2029 906 2095 confessiones
918 2033 1108 2095 nonnullae
1119 2048 1259 2112 quoque
1269 2027 1381 2093 habitae

184 2145 277 2202 sunt.
294 2137 334 2201 In
352 2136 514 2200 oratione
534 2138 639 2217 plane
664 2137 835 2201 moniales
860 2138 1043 2218 plurimae,
1070 2139 1205 2218 insigni
1226 2137 1272 2202 D.
1288 2127 1383 2219 Jacobi

185 2244 375 2323 insignitae
391 2241 412 2318 ¹,
428 2243 600 2324 plurimos
613 2242 747 2307 faciunt
763 2260 986 2325 progressus
1003 2261 1094 2325 quas
1108 2243 1147 2308 P.
1169 2243 1308 2308 Rectori
1324 2253 1385 2304 non·

184 2368 366 2431 nunquam
380 2349 519 2414 visendi
534 2367 620 2413 cura
645 2359 708 2413 est.
737 2350 809 2414 Alii
822 2360 1009 2431 praeterea
1034 2351 1125 2415 alius
1147 2351 1308 2415 coenobii
1329 2342 1385 2410 reli·

185 2459 308 2538 giosae
322 2457 492 2521 exercitia
506 2456 798 2534 subministrauit,
816 2458 962 2536 quaein
983 2457 1108 2538 spiritu
1134 2475 1207 2521 non
1228 2465 1387 2538 parumex

183 2565 253 2629 hoc
267 2572 431 2645 promota
445 2574 510 2627 est.

246 2670 455 2749 Conciones‚
471 2687 563 2750 quae
577 2687 623 2733 ex
634 2670 797 2734 doctrina
809 2672 1005 2736 christiana
1017 2672 1182 2753 proximo
1196 2670 1387 2734 habebantur

187 2796 292 2858 anno,
309 2777 488 2857 praesenti
502 2794 573 2839 non
589 2787 853 2857 promouentur.
880 2776 999 2859 Atque
1025 2779 1060 2842 id
1084 2778 1228 2858 quidem
1251 2784 1387 2853 tumpro·

186 2898 265 2967 pter
275 2885 458 2948 literarum
471 2884 751 2963 occupationem,
766 2885 920 2948 maxime
929 2886 1208 2962 conclusionum,
1225 2893 1297 2947 tum
1308 2879 1389 2944 etiam

188 2993 283 3073 quod
298 2992 404 3072 patri,
422 2991 523 3054 cuius
538 2991 573 3052 id
588 2991 707 3054 facere
723 3001 842 3071 partes
857 3001 959 3055 erant
973 2989 994 3069 ¹,
1012 3011 1083 3055 non
1104 2993 1154 3054 ita
1176 2991 1277 3054 firma
1291 2989 1330 3052 sit
1346 2996 1389 3044 va·

186 3099 316 3175 letudo,
334 3109 371 3160 vt
387 3097 441 3159 his
456 3107 561 3176 atque
576 3097 643 3160 illis
664 3098 768 3159 rebus
794 3110 977 3177 praestare
998 3117 1036 3161 se
1061 3101 1192 3161 valeat.
1223 3098 1288 3161 Hic
1311 3085 1389 3157 simul

188 3223 269 3269 cum
280 3204 317 3268 P.
335 3204 491 3268 Antonio
507 3203 550 3266 de
567 3203 731 3267 Corduba
745 3216 825 3266 sunt
841 3207 898 3284 qui
922 3223 964 3268 ex
981 3206 1119 3268 delectu
1148 3201 1351 3268 valetudinis
1365 3194 1390 3254 in

190 3313 320 3393 oppido
335 3312 488 3392 quodam
504 3310 651 3374 Comitis
666 3312 716 3390 (vt
732 3312 842 3389 aiunt)
859 3313 902 3375 de
922 3312 1081 3392 Oropesa
1097 3313 1261 3393 proxima
1286 3310 1392 3372 aestate

190 3421 341 3495 fuerunt,
355 3419 414 3480 vbi
427 3435 497 3480 non
509 3435 636 3497 parum
655 3416 789 3481 fructus
802 3419 991 3481 conciones
1003 3419 1312 3497 confessionesque
1323 3400 1392 3491 apud

189 3527 282 3589 illius
297 3525 415 3605 oppidi
431 3525 565 3587 incolas
581 3524 780 3587 effecerunt.
798 3525 868 3588 Alii
884 3526 990 3588 etiam
1009 3537 1129 3604 patres
1142 3526 1290 3587 verbum
1310 3509 1393 3583 doni·

189 3634 309 3697 nicum
325 3633 571 3695 doctrinamve
587 3632 726 3695 insituri
746 3631 790 3694 ad
805 3634 942 3713 aliquos
961 3649 1074 3712 pagos
1097 3630 1294 3701 discedunt;
1315 3617 1394 3688 hodie

187 3740 402 3823 ¹praesertim
423 3740 541 3802 vicum
563 3739 751 3818 quemdam
768 3751 1033 3812 concesserunt,
1061 3740 1120 3801 vbi
1146 3739 1323 3801 studiosus
1340 3723 1394 3810 qul·

184 3849 274 3912 dam
289 3847 401 3910 nostri
412 3845 658 3909 beneficiarius
668 3857 732 3923 est,
747 3847 806 3926 qui
819 3847 900 3909 huic
912 3849 1062 3925 collegio
1077 3846 1237 3909 redditus
1251 3839 1396 3924 quosdassl

184 3971 414 4019 annexurum
428 3953 584 4016 innuisse
600 3953 749 4016 videtur.
772 3952 922 4031 Quidam
939 3954 1029 4016 alius
1044 3953 1144 4015 nobis
1166 3952 1294 4015 insistit
1314 3936 1397 4028 pluri·

192 4081 289 4126 mum
301 4071 338 4125 ut
352 4060 558 4124 beneficium
571 4061 770 4140 quodpiam,
792 4078 914 4123 curam
936 4061 1134 4122 animarum
1159 4059 1304 4131 habens,
1328 4057 1399 4116 nunc

192 4170 433 4244 admittamus,
448 4183 620 4229 concesso
646 4176 763 4229 tamen
779 4167 829 4229 illi
843 4184 910 4229 vsu
932 4167 1007 4229 eius
1019 4164 1136 4245 quoad
1162 4165 1304 4228 vixerit:
1328 4146 1398 4239 qu⁰d

193 4277 335 4356 quidem
350 4274 558 4338 beneficium
573 4292 617 4336 ex
632 4274 699 4336 hac
714 4274 801 4336 vrbe
817 4274 1033 4353 parasangis
1061 4282 1215 4352 quatuor
1240 4271 1340 4334 distat
1356 4269 1401 4324 aut

239 4554 247 4585 ¹
277 4553 415 4608 Hispanlce
427 4550 642 4596 comendadoras
651 4549 684 4592 de
695 4548 832 4602 Sanliago.

241 4626 253 4656 ¹
281 4624 345 4669 Erat
357 4627 378 4668 ls
389 4625 418 4668 P.
429 4623 555 4666 Martinus
565 4621 701 4665 Gulierrez
