3210 5392
246 1440 457 1501 Fructuosus
472 1443 589 1502 Andre

285 1538 379 1598 Patri
393 1542 520 1613 ignatio
533 1542 574 1599 de
590 1542 728 1616 Loyola.

321 1638 442 1709 Ebora,
457 1639 489 1697 31
507 1640 702 1698 Decembris
714 1639 785 1699 1555
798 1641 817 1695 ¹.

798 1851 820 1922 Τ

254 2059 380 2124 Gratia
396 2072 431 2125 et
446 2062 604 2126 charitas
618 2061 674 2126 Χ.ί
694 2062 792 2144 Jesu,
808 2062 901 2126 adsit
916 2079 1057 2143 semper
1071 2062 1184 2125 nobis.
1200 2061 1328 2125 Amen.

255 2167 347 2231 Cum
355 2185 397 2231 ea
409 2187 500 2249 quae
512 2170 754 2250 superioribus
765 2171 828 2234 4⁰¹
845 2170 1024 2232 mensibus
1032 2169 1152 2232 diuina
1164 2168 1320 2231 bonitate
1330 2168 1424 2247 apud

190 2291 263 2338 nos
281 2285 384 2354 gesta
406 2286 499 2354 sunt,
522 2277 568 2339 ad
588 2286 633 2355 te,
656 2276 761 2339 Pater
783 2276 1040 2354 colendissime,
1064 2286 1102 2338 vt
1121 2275 1352 2338 constitutum
1371 2283 1424 2337 est

195 2382 467 2460 perscriberem,
485 2382 553 2445 hoc
568 2384 654 2446 mihi
668 2383 841 2464 imprimis
857 2399 935 2446 sese
956 2382 1182 2445 scribendum
1201 2381 1337 2459 obtulit,
1360 2379 1423 2443 Pa·

193 2497 270 2550 tres
285 2487 483 2569 fratresque
499 2506 633 2565 omnes
650 2500 725 2553 tum
739 2506 892 2569 magnos
911 2489 947 2552 in
969 2489 1099 2553 uirtute
1120 2489 1239 2552 facere
1261 2502 1424 2567 progres-

196 2611 271 2673 sus,
288 2603 364 2658 turn
379 2596 485 2658 etiam
501 2595 536 2658 in
552 2597 685 2675 regulis
698 2596 885 2660 seruandis
899 2597 935 2658 in
956 2596 1031 2659 dies
1050 2596 1221 2675 singulos,
1242 2593 1320 2657 Deo
1338 2609 1425 2672 gra-

195 2701 259 2780 tia,
276 2719 346 2765 non
362 2703 589 2766 mediocriter
602 2703 789 2784 proficere;
805 2703 943 2766 accedit
958 2719 1000 2765 eo
1016 2702 1207 2782 singularis
1218 2701 1254 2764 in
1264 2700 1423 2780 parendo

191 2808 365 2872 alacritas
380 2818 415 2872 et
429 2810 559 2872 ardens
573 2809 609 2873 in
623 2808 840 2890 proficiendo
855 2809 1020 2873 studium.
1037 2808 1116 2872 Hoc
1132 2816 1251 2871 autem
1272 2805 1329 2870 X.¹
1349 2816 1421 2886 opt.

198 2930 295 2978 max.
323 2915 479 2978 aduentu
504 2915 598 2979 misit
622 2916 660 2979 P.
687 2915 818 2979 Rector
842 2915 853 2946 ¹
876 2916 939 2977 41)Γ
957 2916 993 2978 in
1018 2915 1121 2977 huius
1145 2913 1245 2977 vrbis
1268 2911 1423 2976 xenodo-

189 3021 314 3085 chium
334 3031 372 3084 vt
401 3022 558 3100 aegrotis
585 3022 814 3101 inseruirent;
835 3023 881 3085 ibi
903 3039 984 3085 cum
1003 3021 1063 3084 alii
1083 3020 1173 3083 febri
1191 3020 1421 3098 metarentur,

196 3127 259 3192 alii
272 3128 405 3192 morbis
419 3129 499 3192 aliis
519 3130 679 3210 grauiter
701 3128 966 3208 afflictarentur,
993 3130 1122 3192 fratres
1142 3126 1255 3191 nostri
1276 3127 1423 3190 lectulos

192 3234 362 3298 omnibus
378 3239 595 3314 sternebant,
612 3236 711 3299 cibos
729 3238 904 3317 parabant
923 3246 956 3298 et
978 3235 1214 3316 apponebant,
1235 3234 1423 3313 omniaque

189 3341 301 3405 etiam
320 3340 464 3405 sordida
485 3342 680 3406 ministeria
702 3343 888 3423 diligenter
910 3344 1069 3419 obibant,
1094 3341 1256 3404 omnibus
1277 3350 1421 3421 praesto

190 3457 305 3526 erant,
323 3465 452 3527 aquam
468 3450 750 3529 comportabant,
767 3467 873 3530 saepe
888 3451 995 3513 etiam
1010 3450 1170 3512 detracto
1183 3448 1290 3528 pallio
1301 3464 1422 3513 rerum

191 3556 477 3618 necessariarum
491 3557 611 3635 gratia
625 3556 724 3619 foras
739 3557 893 3635 exibant,
911 3560 1053 3619 caetera
1069 3556 1220 3635 denique
1234 3570 1421 3634 quaecum·

192 3679 262 3742 que
277 3678 368 3742 opus
381 3671 494 3736 erant,
511 3663 591 3743 pari
606 3663 791 3743 diligentia
806 3680 848 3725 ac
864 3680 985 3726 amore
997 3662 1270 3742 exequebantur.
1284 3661 1339 3724 Ex
1349 3677 1420 3740 quo

189 3785 324 3849 magna
340 3766 417 3832 Deo
433 3779 506 3848 opt.
524 3786 618 3832 max.
636 3771 714 3833 laus
729 3770 861 3833 tributa
876 3779 940 3832 est.

227 4009 236 4042 ¹
267 4009 454 4064 autographae
464 4009 490 4053 in
501 4010 562 4053 folio
573 4009 676 4064 duplici,
687 4021 728 4053 nn.
738 4010 779 4052 669
789 4017 816 4054 et
825 4009 872 4053 570.
884 4009 924 4053 Ex
935 4010 1031 4053 volum.
1042 4009 1101 4053 anni
1115 4008 1174 4053 t556.

228 4082 240 4114 ¹
269 4080 345 4125 Haud
356 4082 432 4125 facile
443 4081 581 4125 decernere
592 4088 632 4125 est
642 4082 760 4136 quisnam
771 4090 841 4125 esset
852 4081 901 4125 hoc
912 4087 1027 4135 tempore
1039 4081 1148 4134 Colleoeil
1160 4079 1300 4124 Eborensis
1314 4079 1421 4123 Rector.

186 4154 234 4197 Alt
246 4153 316 4197 enlm
325 4152 435 4196 Taum:
446 4152 480 4196 ⁸0
490 4152 576 4196 Padre
586 4151 712 4196 Melchior
723 4152 858 4205 Carnelro,
869 4152 1000 4197 conforme
1011 4151 1113 4196 mlobas
1123 4158 1226 4203 contus,
1237 4156 1360 4204 comecou
1374 4161 1421 4195 seu

185 4222 338 4281 Reytorado
347 4235 380 4267 no
390 4235 458 4268 anno
468 4224 499 4267 de
511 4226 570 4276 1551,
581 4232 605 4268 et
616 4226 738 4270 continuo
749 4228 793 4270 ate
803 4237 818 4269 o
829 4226 860 4269 de
872 4225 925 4269 1666
935 4226 1079 4276 exclusivo,
1094 4235 1192 4280 porque
1209 4236 1237 4268 se
1254 4224 1340 4278 partio
1355 4234 1421 4278 pera

184 4294 284 4340 Limon
293 4295 371 4339 aloda
381 4307 414 4339 no
424 4307 491 4340 enno
502 4296 533 4340 de
544 4296 597 4339 1561
606 4308 622 4340 a
633 4307 789 4350 prepararse
800 4308 863 4351 pera
874 4308 890 4340 a
900 4297 1015 4349 missam
1026 4304 1052 4341 et
1063 4308 1095 4339 no
1105 4297 1136 4340 de
1149 4295 1201 4339 1656
1211 4294 1254 4352 foy
1271 4295 1371 4350 Reytor
1388 4293 1420 4336 de

179 4365 276 4410 Erote
284 4377 299 4410 o
308 4366 335 4411 P.
344 4365 426 4411 Leam
435 4366 570 4422 antiques,
579 4379 653 4411 como
661 4368 824 4421 lergamenre
833 4379 961 4420 veremos;
971 4374 996 4412 et
1005 4379 1061 4411 com
1070 4367 1153 4410 havet
1159 4371 1275 4410 someote
1285 4366 1349 4409 dous
1356 4375 1420 4419 pere

183 4444 241 4482 tre·
252 4448 334 4482 annos
344 4449 427 4492 vagos
437 4442 511 4483 entre
522 4450 537 4483 o
548 4439 575 4482 P.
585 4439 710 4483 Melchior
721 4439 865 4496 Carueyro,
876 4447 901 4483 er
912 4451 927 4482 o
940 4439 1023 4483 Padre
1031 4439 1112 4484 Leanr
1122 4438 1276 4493 Hebriquer,
1287 4437 1353 4481 acho
1362 4446 1418 4480 com

183 4509 248 4555 tudo
258 4519 308 4565 que
318 4516 391 4554 uerte
401 4521 482 4566 pauco
493 4519 579 4566 tempo
589 4511 674 4556 houve
684 4523 724 4555 em
735 4511 825 4556 Evora
836 4521 929 4566 quatro
940 4511 1076 4566 Reytores.
1087 4523 1135 4566 que
1148 4511 1233 4555 foram
1248 4521 1263 4554 ο
1280 4510 1308 4553 P.
1322 4508 1420 4563 urguet

179 4583 217 4626 de
227 4581 336 4635 Barros,
346 4593 361 4626 o
372 4582 400 4625 P.
411 4583 520 4628 alfonso
531 4583 676 4634 Barreto,o
692 4583 720 4628 Ρ.
736 4583 838 4628 Marcos
847 4584 935 4638 Jorge,
952 4593 978 4628 et
993 4597 1009 4629 o
1028 4586 1054 4628 P.
1072 4584 1191 4629 Cornelio
1208 4583 1324 4636 Gomon„
1342 4580 1420 4625 Chro-

156 4668 164 4682 ’
184 4655 250 4698 nr'ca
260 4653 294 4696 de
307 4652 472 4708 Comparate
483 4655 517 4698 de
526 4655 594 4709 Iesu
606 4651 647 4699 ern
659 4655 796 4709 Porrugat.
808 4655 882 4700 Part.
892 4666 919 4702 rr.
931 4657 974 4700 lib.
985 4669 1011 4706 v,
1022 4668 1077 4710 cap.
1092 4656 1123 4709 16,
1136 4667 1163 4700 n.
1176 4655 1197 4698 1.
