3210 5392
726 424 791 483 Au.
811 422 882 483 1555
1370 422 1425 482 3ᾶ3

202 567 281 627 sata
295 567 370 632 ausi
389 576 472 631 sunt
493 569 665 632 reuelare.
682 567 791 632 Nobis
814 579 931 632 autem
951 586 1022 632 non
1044 570 1159 633 solum
1173 568 1283 632 libere
1303 568 1421 631 omnia

214 670 422 752 confitentur,
445 673 509 738 sed
528 676 715 754 generales
734 675 978 739 confessiones
999 673 1118 738 lacere
1134 677 1268 754 uolunt,
1291 683 1329 737 ut
1349 670 1423 738 tan·

130 814 135 881 3
215 763 287 840 <lem
298 781 483 862 aliquando
497 782 651 862 puritate
665 781 904 845 conscientiae
919 781 1158 861 perfruantur.
1170 780 1352 845 Iniunctas
1371 798 1423 843 sa-

226 873 419 952 listactiones
434 887 588 964 (etiarnsi
603 889 674 952 sint
688 888 861 968 publicae,
884 905 966 951 cum
987 905 1045 951 res
1065 888 1187 968 exigit,
1204 887 1425 969 disciplinae)

130 998 132 1037 :
230 976 433 1058 libentissimo
449 995 568 1058 animo
584 994 792 1075 suscipiunt.
808 994 945 1059 Tantus
965 996 1001 1058 in
1021 995 1089 1057 illis
1109 995 1207 1075 uiget
1227 993 1426 1059 deuotionis

231 1081 334 1163 feruor!
735 1161 736 1164 ,

273 1200 351 1270 Sunt
364 1208 475 1273 etiam
487 1209 601 1288 multi,
623 1209 684 1290 qui
706 1209 784 1272 aliis
803 1211 926 1273 nolunt
943 1209 1114 1289 confiteri,
1136 1208 1300 1290 quamuis
1314 1209 1351 1272 in
1372 1225 1427 1271 eo·

222 1295 286 1373 dem
299 1315 375 1378 loco
390 1315 576 1379 nobiscum
590 1315 737 1379 audiant
751 1315 1004 1394 confessiones
1020 1318 1225 1396 maluntque
1246 1315 1307 1379 diu
1325 1332 1428 1395 expe·

220 1415 320 1499 liure,
339 1421 409 1485 imo
429 1423 538 1486 etiam
562 1422 754 1502 aliquando
775 1423 851 1486 sine
874 1422 1097 1487 consessione
1116 1422 1260 1486 domum
1285 1423 1427 1500 reuerti,

211 1526 317 1590 llam
328 1538 530 1593 nostrorum
544 1547 668 1593 carere
680 1530 921 1593 consolatione
933 1538 968 1593 et
979 1529 1109 1611 gratia,
1122 1546 1230 1610 quam
1240 1529 1277 1593 in
1288 1529 1429 1592 audien·

202 1615 245 1685 *fis
264 1633 554 1700 confessionibus
567 1635 666 1700 Deus
680 1634 850 1701 Societati
864 1645 917 1700 est
933 1637 1115 1716 elargitus.
1131 1635 1211 1699 Hoc
1221 1635 1432 1716 praesertim

203 1729 305 1802 solet
319 1742 525 1821 contingere
546 1742 600 1822 iis,
623 1743 743 1823 quiex
768 1742 894 1807 uicinis
914 1742 1116 1807 ciuitatibus
1135 1752 1170 1806 et
1190 1740 1329 1823 oppidis
1348 1740 1432 1805 data

191 1844 318 1911 opera
332 1847 376 1910 ad
390 1866 456 1912 nos
470 1850 586 1912 solent
602 1850 733 1929 uenire,
748 1858 868 1930 utpote
882 1867 927 1913 ex
938 1849 1100 1929 Ancona,
1114 1848 1309 1929 Macerata,
1322 1848 1434 1913 Reca-

191 1949 307 2031 nato,
321 1954 571 2036 Montephano,
589 1954 863 2032 Castroficardo,
881 1964 915 2019 et
930 1957 1009 2020 aliis
1024 1956 1151 2020 uicinis
1167 1955 1318 2037 oppidiS,
1334 1956 1430 2037 quip-

190 2057 222 2119 pe
240 2060 328 2136 qui
342 2061 398 2124 uel
413 2079 459 2126 ex
480 2063 584 2125 suaui
599 2063 829 2143 experientia,
846 2066 903 2127 uel
923 2082 967 2126 ex
986 2064 1137 2128 aliorum
1150 2066 1265 2128 relatu
1283 2064 1352 2127 mel
1367 2063 1434 2143 spi·

188 2147 348 2246 ritUale,
368 2166 465 2249 quod
484 2166 583 2232 Deus
602 2169 676 2232 suis
697 2167 856 2233 fidelibus
878 2187 941 2250 per
960 2180 1103 2234 nostros
1124 2171 1306 2251 elargitur,
1330 2179 1436 2234 antea

183 2267 292 2333 sunt
308 2274 455 2355 experti.

240 2369 384 2446 Huius
397 2382 506 2446 etiam
517 2382 637 2464 oppidi
651 2384 820 2464 hospites,
836 2385 971 2464 siquos
991 2385 1165 2466 recipiunt
1187 2385 1361 2466 dignitate
1382 2385 1438 2448 uel

184 2468 373 2554 d⁰0trina
394 2491 513 2554 claros
531 2491 642 2569 uiroS,
665 2492 779 2554 solent
799 2492 878 2555 illos
904 2491 949 2554 ad
971 2509 1036 2555 nos
1062 2493 1211 2556 mittere.
1238 2492 1310 2573 Ipsi
1333 2493 1439 2555 etiam

182 2591 294 2658 citu
308 2597 518 2678 coniugibus
532 2605 568 2661 et
582 2597 702 2661 liberis
717 2599 945 2662 libentissime
959 2598 1062 2663 nobis
1076 2598 1299 2678 confitentur,
1315 2593 1440 2680 estque

181 2681 400 2768 soCietatis
414 2722 545 2768 nomen
560 2720 718 2769 summae
733 2707 956 2769 auctoritatis
971 2705 1065 2786 apud
1076 2706 1184 2786 ipsos.
1201 2704 1322 2769 Animi
1332 2706 1440 2771 etiam

182 2806 404 2875 multorum
419 2811 685 2890 canonicorum,
703 2821 737 2875 et
753 2813 901 2875 aliorum
911 2813 1020 2876 ‘huius
1032 2812 1163 2892 templi,
1177 2812 1248 2893 qui,
1263 2812 1308 2875 ob
1319 2813 1440 2875 nescio

179 2911 307 2980 tuas
329 2918 563 2998 suspiciones,
587 2918 622 2981 in
638 2918 738 2983 initio
759 2919 861 2981 nobis
881 2935 952 2981 non
976 2918 1186 2982 uidebantur
1200 2919 1290 2982 bene
1309 2917 1440 2998 affecti,

181 3018 470 3089 mansuescunt
485 3025 624 3105 indies,
641 3035 676 3089 et
689 3025 858 3105 dignatur
873 3031 1018 3088 aeterna
1039 3024 1179 3088 bonitas
1200 3025 1372 3106 paulatim
1386 3043 1443 3089 eo·

170 3126 300 3194 'mun
312 3132 421 3197 corda
437 3148 503 3195 suo
512 3132 644 3195 lumine
659 3132 849 3195 illustrare.

194 3257 196 3261 ⁴
265 3233 485 3304 Brutiorum
500 3237 646 3316 Prorex,
663 3255 795 3318 magno
810 3239 967 3320 equitum
987 3249 1020 3302 et
1044 3238 1286 3303 ministrorum
1301 3239 1444 3303 comita·

179 3333 208 3389 ‘⁰
218 3379 237 3408 s
278 3347 376 3412 hanc
391 3345 656 3410 sanctissimam
671 3344 813 3410 domum
828 3346 960 3424 inuisit,
977 3353 1100 3426 estque
1116 3345 1299 3410 consessus
1321 3356 1444 3410 nostro

180 3428 216 3495 Ρ·
256 3444 415 3518 Rectori
434 3460 535 3516 tanta
555 3451 664 3516 animi
685 3453 937 3530 consolatione,
960 3461 998 3515 ut
1020 3451 1162 3515 iusserit
1179 3448 1258 3516 'suis
1283 3453 1446 3517 omnibus

180 3536 293 3620 hae
305 3561 427 3625 eadem
440 3558 512 3624 frui
526 3559 782 3623 benedictione.
800 3558 962 3623 Confessi
982 3559 1100 3639 itaque
1120 3567 1202 3622 sunt
1220 3559 1322 3623 nobis
1341 3560 1447 3624 aulici

181 3659 346 3733 ⁰111nes
370 3683 483 3748 usque
509 3665 554 3729 ad
581 3665 739 3729 infimum
763 3682 934 3746 equorum
960 3664 1159 3729 ministrum
1185 3684 1266 3729 cum
1290 3666 1447 3729 maxima

180 3769 468 3838 consolatione
483 3781 517 3836 et
531 3772 660 3850 fructu,
678 3772 727 3835 ita
742 3780 780 3835 ut
794 3787 925 3833 nouam
940 3771 1082 3834 uiuendi
1094 3789 1258 3835 normam
1272 3773 1380 3852 aliqui
1391 3789 1449 3852 pe·

183 3867 340 3944 te¹·ent
362 3888 397 3944 et
418 3858 662 3960 impetrarent.
685 3876 764 3958 Ipse
784 3894 870 3940 uero
892 3877 1062 3957 Princeps
1077 3895 1115 3941 se
1142 3886 1254 3941 totum
1278 3896 1449 3959 suamque

184 3981 477 4053 alletoritatem
498 3984 703 4068 plenissime
727 3983 853 4049 obtulit
878 3983 1058 4048 Societati.
1086 3984 1185 4048 Patri
1204 4002 1289 4048 uero
1308 3984 1452 4049 Rectori

189 4081 365 4159 lantum
384 4093 520 4173 detulit,
542 4100 713 4174 quantum
732 4108 798 4154 nec
820 4092 895 4172 ipse
915 4091 1134 4171 admittebat,
1154 4111 1220 4156 nec
1240 4092 1377 4155 aulicae
1396 4108 1451 4155 ur·

190 4179 396 4267 hamatis
411 4199 504 4265 ra'tio
519 4199 700 4279 edocebat,
716 4198 765 4262 ita
781 4208 819 4263 ut
842 4216 953 4279 usque
969 4200 1005 4263 in
1019 4198 1164 4263 domum
1178 4208 1334 4263 nostram
1363 4199 1452 4263 reni·

195 4296 362 4373 lentem
374 4307 519 4373 Patrem
533 4305 685 4370 uoluerit
700 4305 875 4369 comitari.

296 4412 392 4479 Rau·
406 4415 513 4480 etiam
528 4410 729 4477 Cardinalis
747 4410 901 4476 Sanctae
914 4411 954 4494 ᾖ
969 4413 1014 4476 ab
1029 4413 1192 4477 omnibus
1205 4414 1308 4478 nobis
1321 4414 1386 4478 luit
1400 4431 1453 4477 sa·

210 4502 375 4603 lutatus,
392 4520 571 4600 noluitque
585 4527 708 4583 nostro
723 4517 822 4583 Patri
833 4517 1004 4599 confiteri,
1021 4530 1055 4584 et
1067 4522 1198 4585 nostris
1208 4522 1378 4585 fratribus
1389 4537 1457 4585 sua

221 4624 342 4694 ¹nanu
361 4631 397 4695 in
416 4626 615 4691 dominicae
635 4625 897 4690 iucarnationis
922 4628 1053 4691 sacello
1075 4626 1323 4692 Eucharistiae
1338 4620 1456 4690 sacra-
