3210 5392
235 410 255 468 6
622 410 794 472 Limnaia
809 426 1080 482 ouanatuasraas

237 557 503 637 consolationis,
516 557 640 639 largiri
651 558 774 637 voluit,
787 566 827 620 vt
838 558 963 622 eodem
974 574 1160 640 regressus
1169 567 1204 622 et
1217 558 1389 640 reliquam
1401 558 1469 621 sibi

240 673 394 728 aetatem
409 664 455 728 ad
468 664 723 729 monasterium
738 665 937 729 habendam
951 682 1097 729 suorum
1115 666 1152 729 in
1167 666 1323 730 maximo
1338 665 1468 730 facino·

241 788 321 836 rum
334 771 617 853 flagitiorumque
632 787 794 836 moerore
809 789 852 834 ac
866 771 1111 836 satisfactione
1125 773 1300 837 statuerit.
1316 771 1471 836 Videtur

241 877 412 958 profecto,
429 878 570 942 tametsi
583 893 657 942 non
671 878 741 941 alia
756 878 799 942 de
815 895 924 942 causa
940 888 1085 943 sanctus
1097 880 1154 942 hic
1170 879 1371 943 aduenisset
1383 878 1470 942 iubi-

241 987 352 1066 laeus,
363 985 459 1049 haud
466 986 635 1065 exiguum
643 984 734 1049 foret
742 985 952 1050 beneficium
959 987 1017 1050 vel
1025 987 1107 1051 huic
1116 988 1177 1050 uni
1187 987 1385 1050 collatuma
1401 984 1470 1049 Do-

243 1093 350 1156 mino.
367 1092 560 1172 Hactenus,
574 1093 716 1157 Christo
727 1094 816 1171 lauS,
832 1094 1063 1157 concionibus
1078 1093 1262 1157 audiendis
1277 1110 1472 1157 concursus

242 1216 329 1263 sane
348 1200 464 1262 extitit
488 1200 630 1263 multus.
651 1199 841 1264 Praeterea
864 1210 898 1263 et
918 1199 1017 1264 festis
1037 1209 1071 1263 et
1090 1200 1278 1265 dominicis
1299 1201 1422 1264 diebus
1451 1216 1473 1262 a

243 1305 331 1369 viris
345 1307 539 1386 permultis,
556 1315 591 1369 et
613 1306 753 1387 quidem
776 1307 854 1387 piiS,
871 1306 977 1370 aedes
992 1316 1136 1370 nostrae
1150 1308 1292 1387 vesperi
1310 1315 1391 1370 sunt
1405 1305 1472 1369 fre·

243 1423 446 1494 quentatae,
462 1413 672 1476 adeuntibus
686 1412 884 1493 spiritualia
900 1415 944 1477 ob
960 1414 1167 1495 accipienda
1186 1415 1336 1495 eloquia,
1353 1414 1473 1477 iidem·

245 1537 313 1601 que
328 1520 407 1584 hice
423 1519 506 1599 (sic)
520 1528 649 1582 octauo
663 1536 803 1601 quoque
819 1519 874 1583 die
890 1529 1049 1584 nostrum
1065 1521 1101 1584 in
1115 1522 1296 1601 sacellum,
1316 1521 1475 1601 peccatis

246 1626 468 1691 confessione
484 1627 622 1705 ablutiS,
650 1626 696 1690 ad
716 1643 848 1706 corpus
869 1624 1095 1691 Dominicum
1110 1628 1256 1691 veniunt
1280 1628 1474 1691 accessuri.

249 1732 428 1796 Adhiheat
442 1731 616 1797 Dominus
632 1733 879 1797 constantiam.

308 1838 363 1904 De
383 1840 508 1903 studiis
530 1850 649 1904 autem
671 1840 833 1920 fratrum,
857 1842 1029 1921 pergitur,
1049 1843 1340 1923 potissimumque
1359 1857 1476 1921 gram·

248 1948 378 2009 matica
396 1946 416 2026 ¹,
434 1949 492 2010 cui
517 1965 562 2010 ex
580 1947 752 2011 fratribus
772 1947 978 2011 incumbunt
993 1960 1139 2029 septem;
1165 1950 1217 2013 rei
1242 1948 1476 2012 solicitudinis

247 2054 522 2135 diligentiaeque
538 2052 725 2117 adhibetur
740 2056 838 2117 satis.
855 2054 947 2118 Nam
962 2056 1056 2135 quod
1070 2057 1195 2120 attinet
1210 2056 1255 2119 ad
1278 2054 1476 2119 aedificium

251 2161 412 2241 Collegii,
429 2160 601 2224 foeliciter
617 2161 706 2224 adeo
721 2178 799 2224 sese
813 2160 930 2239 habet,
948 2173 986 2224 vt
998 2163 1155 2243 plerique
1171 2163 1206 2225 id
1217 2162 1478 2242 conspicientes

253 2269 437 2332 mirentur:
453 2268 529 2331 eius
541 2278 670 2346 autem,
688 2284 778 2348 quae
793 2285 887 2330 nunc
902 2269 1121 2331 construitur
1136 2285 1232 2348 pars,
1249 2269 1342 2331 hanc
1356 2283 1477 2348 quam·

249 2376 402 2455 primum
412 2375 584 2451 (divinum
591 2374 695 2437 modo
709 2374 801 2437 adsit
810 2375 991 2453 auxilium)
1001 2375 1184 2438 absoluere
1196 2374 1476 2454 properabimus

311 2481 403 2562 Quid
422 2480 465 2545 de
491 2481 627 2561 ingenti
642 2480 895 2560 consolatione,
913 2497 983 2561 qua
1004 2481 1102 2544 Deus
1127 2481 1281 2560 optimus
1302 2480 1480 2543 maximus

252 2599 412 2652 nostrum
426 2588 719 2652 charissimorum
740 2585 885 2650 Patrum
900 2587 968 2649 huc
983 2587 1042 2667 qui
1062 2588 1238 2666 coierunt,
1256 2587 1478 2667 optatissimo

254 2694 408 2758 aduentu
424 2712 489 2759 nos
504 2693 640 2758 affecit?
655 2691 757 2772 Quod
772 2694 803 2755 si
818 2710 940 2756 omnes
959 2702 1130 2774 quotquot
1145 2694 1203 2757 hic
1217 2694 1359 2774 agimus
1382 2701 1480 2758 recte

254 2802 371 2864 animo
393 2800 695 2882 perpenderimus
722 2809 864 2862 nostros
887 2800 1042 2862 omnium
1068 2801 1207 2863 animos
1231 2809 1401 2881 paternus
1423 2800 1482 2862 ille

254 2917 450 2971 conuentus
475 2924 547 2970 non
572 2915 762 2985 Vtcumque
782 2906 940 2968 excitare
960 2915 994 2968 et
1014 2908 1126 2985 potuit
1146 2916 1180 2970 et
1195 2908 1326 2986 debuit,
1346 2917 1382 2970 vt
1398 2906 1482 2987 quia

255 3014 313 3078 hic
328 3013 491 3093 primitus
506 3022 720 3077 conuentum
734 3025 799 3091 est,
817 3022 851 3075 et
865 3029 931 3075 nos
946 3012 1053 3075 etiam
1067 3013 1172 3093 primi
1185 3024 1223 3078 vt
1239 3013 1391 3078 Domino
1403 3031 1483 3093 pro·

254 3123 430 3202 ximisque
445 3121 610 3184 vniamur
622 3120 781 3184 vicissim
792 3120 1038 3199 properemus?
1050 3119 1141 3200 Quid
1153 3121 1306 3185 referam
1321 3120 1483 3202 equidem

254 3230 334 3294 illos
348 3227 481 3293 Christi
495 3227 686 3304 ministros
704 3225 916 3306 Magistrum
929 3225 1059 3306 Nadal,
1081 3226 1312 3292 Franciscum
1331 3228 1375 3291 de
1400 3227 1487 3291 Bor·

255 3337 329 3417 gia,
346 3334 538 3398 Doctorem
552 3332 683 3412 Araoz,
700 3331 893 3396 Ductorem
909 3332 1052 3413 TorreS,
1069 3333 1281 3414 Magistrum
1294 3334 1444 3398 Strada?
1461 3332 1484 3412 ²,

257 3460 346 3521 quos
361 3440 490 3505 intueri
504 3440 634 3503 mirum
649 3440 793 3502 omnino
810 3457 852 3522 ac
867 3439 1009 3503 diuinae
1029 3441 1144 3504 laudis
1163 3440 1393 3504 seminarium
1407 3440 1484 3504 fuit.

256 3548 350 3629 Quid
365 3547 492 3610 horum
506 3562 689 3609 sermones
704 3555 738 3608 et
753 3546 939 3625 colloquia,
953 3547 1037 3626 quid
1053 3547 1255 3611 conuictum
1266 3556 1301 3610 et
1312 3547 1488 3611 sermonis

257 3654 476 3720 comitatem?
492 3652 585 3733 Quot
606 3652 817 3733 quantisque
832 3653 947 3716 dubiis
963 3654 1072 3717 corda
1091 3664 1214 3717 nostra
1229 3654 1362 3733 passim
1383 3653 1488 3716 extri·

259 3764 400 3826 cabant!
417 3770 587 3842 quantam
602 3758 743 3823 demum
758 3759 1027 3823 admirationem
1041 3759 1264 3824 adducebant
1286 3760 1435 3824 cunctis!
1457 3758 1488 3823 Ο

259 3869 345 3953 Jesu
361 3868 502 3948 optime!
518 3876 558 3929 vt
572 3875 695 3929 nostra
715 3866 871 3929 omnium
891 3876 1036 3946 pectora
1053 3866 1251 3930 exhilarata
1272 3877 1306 3930 et
1322 3867 1489 3932 roborata

260 3986 341 4042 sunt
356 3992 442 4056 prae
457 3983 556 4038 tanta
570 3973 803 4051 fraternitate,
825 3973 1068 4037 aedificatione
1084 3983 1118 4037 et
1133 3975 1318 4053 charitate,
1340 3992 1431 4054 quae
1453 3974 1491 4038 in

260 4083 481 4148 charissimis
496 4081 628 4145 nostris
642 4080 901 4161 perspeximus!

322 4188 466 4253 PaterN
470 4188 550 4251 adal
559 4188 630 4251 huc
640 4187 846 4250 adventauit
858 4187 973 4267 pridie
984 4187 1105 4252 Nonas
1113 4187 1279 4269 Aprileis:
1293 4205 1493 4252 commora-

261 4309 320 4362 tus
335 4307 388 4361 est
402 4314 465 4377 per
480 4297 569 4360 duos
584 4305 619 4358 et
634 4295 762 4374 viginti
776 4294 862 4374 dieS,
886 4311 956 4375 quo
978 4295 1148 4375 temporis
1162 4296 1277 4375 spatio
1292 4295 1417 4359 Patres
1437 4314 1494 4360 su·

306 4503 315 4537 ¹
343 4502 393 4557 Sic;
403 4504 495 4547 melius
505 4504 534 4545 in
543 4502 644 4546 studiis
652 4503 744 4545 autem
747 4499 874 4556 fratrum
883 4502 1019 4555 pergitur,
1025 4502 1254 4556 potissimumque
1264 4502 1293 4545 in
1302 4503 1496 4557 grainmaiica.

304 4576 316 4607 ¹
343 4574 437 4619 Patres
447 4585 537 4628 nempe
548 4573 733 4629 Hieronymum
744 4572 837 4625 Nadal,
850 4572 990 4616 Antonium
1000 4572 1031 4615 de
1043 4572 1139 4627 Araoz,
1150 4572 1302 4619 Michaelem
1318 4575 1349 4619 de
1359 4573 1456 4619 Turres
1468 4579 1496 4617 et

263 4645 334 4701 Mag.
345 4645 513 4690 Franciscum
523 4646 553 4688 de
565 4644 689 4688 Estrada.
