3210 5392
721 431 783 488 Au.
807 431 876 488 1554
1362 425 1421 487 aba

216 578 301 654 possit
320 577 385 639 hos
407 577 559 656 populos
573 577 669 639 nulla
684 594 723 639 re
743 577 858 655 magis
876 593 983 656 quam
1006 575 1280 639 instructoribus
1294 591 1413 654 egere,

215 685 261 761 qui
271 685 332 747 vita
353 693 388 746 et
402 685 522 747 verbis
541 685 750 763 euangelica
765 684 834 747 illis
849 684 1027 763 aperirent
1043 683 1266 761 documenta,
1283 692 1318 746 et
1333 683 1415 746 sim·

219 790 375 866 plicissima
400 790 479 854 fidei
500 791 716 854 christianae
737 790 937 853 rudimenta
956 789 1148 853 traderent.
1173 788 1338 853 Orandus
1354 790 1414 852 rni-

219 896 399 959 sericordiae
424 896 529 960 Pater
545 908 585 960 vt
604 897 746 959 viscera
768 913 853 959 suae
876 896 1042 959 bonitatis
1065 896 1216 977 aperiat,
1236 897 1415 976 dignetur·

219 1016 268 1078 que
278 1004 408 1066 vineam
423 1020 526 1065 suam
540 1003 698 1066 visitare.
725 1000 794 1066 Sed
819 1003 908 1065 haec
929 1003 971 1065 de
990 1012 1125 1081 nostra,
1145 1020 1252 1083 quam
1267 1006 1416 1066 alteram

220 1105 280 1171 libet
292 1111 464 1190 appellare
479 1110 627 1186 Indiam,
648 1108 834 1172 sufficiant.

260 1214 396 1280 Nostros
410 1216 645 1280 scholasticos
655 1217 691 1278 in
703 1216 777 1279 dies
792 1218 997 1297 experimur
1007 1216 1207 1297 paratiores
1222 1217 1269 1280 ad
1282 1216 1416 1280 confes·

217 1317 299 1387 sionis
320 1333 355 1386 et
378 1341 506 1387 sacrae
527 1323 773 1387 Eucharistiae
792 1334 1034 1403 sacramenta;
1058 1325 1212 1387 maxime
1232 1323 1301 1387 hoc
1320 1323 1417 1404 pium

213 1429 374 1494 confitendi
385 1430 542 1494 studium
555 1431 711 1494 iuniores
725 1431 867 1509 habent,
885 1431 944 1512 qui
960 1441 994 1493 et
1009 1431 1055 1494 ad
1070 1448 1211 1494 sacram
1225 1431 1416 1511 suscipien-

211 1526 274 1599 dam
291 1536 575 1601 communionem
597 1537 741 1600 iuuenili
762 1536 917 1617 quadam
935 1536 1096 1600 feruntur
1118 1537 1268 1617 pietate,
1289 1539 1417 1618 quibus

208 1631 308 1706 habita
318 1644 490 1725 temporis
501 1653 536 1706 et
548 1643 676 1707 aetatis
687 1644 824 1707 ratione
836 1642 1042 1707 satisfacere
1055 1643 1247 1707 studemus.
1261 1642 1418 1724 Pergunt

201 1738 293 1814 iidem
303 1752 445 1814 siucero
457 1732 610 1830 quodam
622 1751 697 1813 zelo
710 1751 818 1813 etiam
829 1768 901 1814 non
911 1750 1029 1829 rogati
1041 1750 1143 1814 nobis
1154 1751 1263 1813 libros
1279 1752 1322 1814 de
1337 1752 1418 1813 hae·

198 1855 260 1919 rai
268 1866 464 1938 suspectos
477 1866 517 1920 ut
528 1857 771 1920 examinemus
786 1867 821 1920 et
837 1857 911 1936 igni
925 1857 1120 1930 tradamus
1135 1856 1273 1933 oflerre,
1286 1857 1322 1920 in
1334 1875 1417 1937 quo·

194 1968 267 2027 sum
284 1965 400 2027 locum
426 1963 549 2026 sedula
570 1974 775 2027 nostrorum
795 1963 941 2026 Patrum
966 1981 1075 2043 opera
1100 1962 1266 2027 effectum
1291 1973 1355 2042 est,
1380 1973 1419 2026 vt

189 2056 326 2133 hortuli
336 2067 514 2148 continua*
530 2087 707 2149 gersones
718 2074 742 2148 ¹,
753 2080 788 2134 et
800 2071 877 2133 eius
887 2071 1029 2149 generis
1040 2071 1089 2150 pii
1100 2070 1206 2133 libelli
1221 2068 1416 2133 sufficeren-

187 2175 257 2255 tur,
277 2178 407 2259 quibus
427 2180 499 2239 iam
520 2178 726 2240 euoluendis
740 2179 846 2255 longe
868 2178 982 2256 magis
997 2194 1103 2257 quam
1119 2177 1216 2257 prius
1232 2177 1421 2240 haereticis

184 2272 422 2348 delectantur.
439 2283 611 2362 Breuiter,
630 2284 665 2346 in
681 2284 735 2347 his
750 2284 837 2346 nihil
855 2283 957 2362 fellis,
980 2284 1065 2346 nihil
1088 2284 1335 2346 contumaciae
1360 2293 1421 2346 aut

179 2382 348 2455 elationis
370 2406 509 2468 cernaS,
532 2390 595 2453 sed
616 2407 746 2470 pueros
764 2391 954 2470 simplices
971 2389 1152 2469 candidos
1181 2400 1215 2453 et
1238 2389 1282 2453 ad
1297 2408 1421 2481 reram

180 2494 398 2578 religionem
419 2498 575 2576 ingenua
591 2498 745 2577 quadarn
768 2515 810 2561 ac
830 2499 952 2561 innata
967 2498 1097 2578 pietate
1112 2499 1418 2578 propensissimos,

179 2606 221 2660 vt
236 2604 391 2684 proinde
405 2604 507 2667 istius
518 2605 746 2683 germanicae
758 2605 950 2668 iuuentutis
963 2604 1098 2668 candor
1109 2606 1155 2668 ad
1168 2606 1221 2668 sui
1237 2605 1419 2667 commise-

178 2713 364 2776 rationem
378 2721 414 2774 et
432 2711 522 2774 bene
541 2711 585 2774 de
599 2711 685 2791 ipsis
701 2711 857 2774 merendi
878 2711 1034 2774 studium
1047 2727 1113 2773 nos
1129 2712 1327 2790 compellat,
1344 2720 1383 2773 vt
1399 2728 1419 2772 a

181 2818 298 2882 tantis
320 2819 513 2881 haeresum
527 2818 750 2897 labyrinthis,
773 2816 833 2897 qui
855 2817 989 2897 passim
1010 2818 1054 2880 ob
1074 2819 1197 2879 oculos
1217 2828 1419 2896 versantur,

180 2912 257 2988 Dei
269 2925 388 3005 gratia
409 2934 445 2988 et
463 2934 585 2987 nostra
601 2924 828 3002 indignorum
843 2940 1028 2986 seruorum
1047 2923 1122 2986 eius
1138 2940 1246 3003 opera
1261 2940 1420 3003 praeser-

180 3031 275 3111 uati,
289 3032 486 3112 persistant
496 3031 532 3094 in
544 3031 722 3093 communi
736 3030 917 3093 Ecclesiae
932 3030 1129 3093 catholicae
1141 3030 1278 3094 semita:
1295 3030 1420 3108 aderit,

184 3141 229 3197 rt
245 3154 447 3219 speramuS,
464 3138 624 3218 utrisque
643 3136 761 3200 Patris
782 3136 918 3199 aeterni
932 3136 1138 3214 subsidium,
1162 3136 1261 3199 cuius
1282 3153 1355 3199 non
1368 3148 1422 3199 est

186 3245 357 3309 voluntas
376 3257 417 3308 vt
436 3253 558 3324 pereat
574 3261 667 3307 vnus
680 3262 726 3306 ex
745 3243 800 3307 his
821 3243 969 3324 pusillis,
993 3243 1056 3306 sed
1075 3253 1115 3306 vt
1135 3251 1362 3307 conuertatur
1377 3242 1422 3306 ad

185 3359 233 3409 se
250 3360 283 3413 et
294 3353 405 3415 viuat.

203 3485 206 3488 ·
257 3456 344 3522 Huic
359 3467 481 3522 tantae
505 3457 720 3520 multitudini
744 3473 825 3519 cum
846 3459 925 3520 loca
944 3457 1040 3520 domi
1058 3468 1203 3522 nostrae
1225 3468 1424 3538 opportuna

195 3558 365 3644 deessent,
389 3565 556 3644 expensis
581 3582 625 3628 ac
645 3566 742 3628 iussu
764 3563 898 3644 Regiae
919 3565 1002 3627 ΜΨ
1018 3563 1029 3595 ³
1044 3567 1211 3629 nonnulla
1227 3567 1424 3628 instaurata

134 3756 136 3761 Ι
200 3678 290 3748 sunt,
303 3681 337 3735 et
355 3672 439 3749 alia,
462 3680 536 3734 tam
554 3671 591 3734 in
609 3672 743 3734 classes
757 3688 863 3750 quam
879 3671 915 3732 in
931 3672 1207 3736 commodiorem
1223 3681 1425 3735 nostrorum

203 3768 461 3853 habitationem,
479 3777 659 3858 adaptata.
675 3777 782 3855 Idem,
800 3795 868 3858 quo
884 3787 937 3840 est
952 3794 1038 3857 erga
1054 3795 1119 3840 nos
1139 3778 1238 3856 regio
1254 3787 1289 3841 et
1302 3779 1426 3841 libera·

208 3874 232 3937 li
252 3881 378 3964 affectu,
404 3885 593 3964 collegium
618 3893 779 3948 nostrum
805 3886 912 3948 certis
938 3901 978 3946 ac
999 3884 1176 3964 perpetuis
1197 3885 1268 3947 iarn
1291 3885 1428 3948 dotauit

210 3993 438 4069 mouentibus
464 3991 592 4072 quibus
610 3992 711 4054 breui
729 4008 914 4071 speramus
935 3991 1093 4072 pluribus
1107 3989 1277 4054 fratribus
1292 3993 1429 4056 alendis

134 4109 143 4166 ζ.
214 4100 403 4163 accessuros
419 4098 621 4177 ampliores,
637 4106 868 4178 posteaquam
893 4114 1077 4160 numerum
1096 4098 1193 4160 illum
1207 4097 1248 4160 30
1262 4115 1427 4177 persona·

134 4239 137 4244 -
221 4220 409 4252 'N—

222 4305 224 4309 ‘
254 4286 263 4319 ¹
283 4296 409 4346 Hortalus
425 4304 545 4353 animae,
559 4304 617 4357 pius
632 4304 811 4357 precationum
831 4304 946 4357 libellus,
968 4301 1085 4346 leonibus
1104 4303 1259 4355 illustratus,
1276 4304 1320 4360 qui
1335 4314 1430 4359 magno

134 4362 152 4385 ''
220 4357 271 4402 ¹¹¹0
287 4372 404 4429 temporis
421 4382 479 4419 erut
497 4376 566 4429 apud
576 4376 698 4429 populum
708 4376 803 4430 pretlo,
813 4376 886 4429 cujus
901 4375 939 4418 rel
953 4382 1134 4428 argumentum
1144 4381 1204 4419 sunt
1217 4375 1365 4421 innumerae
1375 4380 1430 4421 lerc

134 4443 155 4491 3¹
219 4422 328 4487 silum,
336 4451 392 4489 toto
403 4447 448 4490 illo
456 4447 566 4490 ‘noculo
577 4445 639 4489 XVl
650 4446 747 4489 factae.

251 4496 262 4531 ⁸
283 4507 382 4560 lorum
397 4517 526 4561 Gsusours
536 4517 676 4572 opuscula·
691 4517 811 4560 fortassis
827 4518 893 4560 liber
908 4516 948 4560 De
965 4517 1119 4561 titillatione
1131 4517 1232 4563 Christi
1242 4523 1266 4564 et
1276 4524 1431 4575 contempta

134 4590 158 4639 :³²
220 4570 356 4641 ''usq-r
365 4598 427 4633 tunc
437 4590 587 4644 plerumque
599 4588 708 4632 Gersonl
719 4588 925 4632 adscrlbebatur.

252 4639 262 4671 ⁸
285 4650 442 4714 Ferdlnandh
455 4659 628 4705 Romanorum
638 4660 725 4715 Regis.

314 4745 347 4804 Τ.
367 4767 411 4806 ιιι.
1242 4771 1273 4823 14
