3210 5392
690 429 754 487 Aa.
777 429 846 486 lant
1367 434 1390 485 q

150 591 299 638 uxorem
324 575 576 655 alloqueretur,
604 575 706 655 eique
732 575 933 638 consuleret
956 585 994 638 ut
1016 575 1157 638 reiectis
1181 576 1387 655 deprauatis

152 681 389 762 opinionibus
418 683 545 762 quibus
567 683 637 745 iam
657 682 717 745 diu
736 690 791 744 est
810 682 955 760 imbuta,
977 698 1054 745 sese
1074 681 1119 745 ad
1140 682 1320 746 Christum
1334 684 1385 747 in·

153 789 299 853 clinaret
316 787 337 851 ¹.
355 789 491 868 Quibus
507 790 610 852 rebus
625 788 797 853 foeliciter
811 799 845 852 et
860 789 1026 868 religiose
1040 791 1162 869 gestis,
1177 791 1386 869 aggreditur

154 898 278 960 ducem
304 898 421 976 ipsam
446 896 468 974 ¹,
491 913 532 959 ac
549 896 767 977 depromptis
791 905 866 959 tum
885 896 1095 960 testimoniis
1114 898 1383 977 scripturarum,

154 1013 227 1067 tum
247 1004 341 1084 aptis
361 1003 569 1080 rationibus
589 1003 816 1067 uehementer
835 1004 973 1067 intorsit
992 1004 1067 1067 eins
1083 1005 1293 1084 magistrum
1312 1006 1383 1069 dia·

155 1112 282 1189 bolum,
306 1110 365 1191 qui
387 1127 452 1174 suo
472 1127 570 1173 more
595 1111 632 1172 in
655 1109 808 1172 foemina
831 1111 941 1172 multa
959 1111 1176 1174 tumultuans
1195 1122 1230 1175 et
1249 1113 1383 1192 passim

154 1226 291 1298 patrem
306 1218 546 1298 interpellans,
563 1235 634 1281 non
649 1234 736 1281 uera
751 1216 884 1294 audire,
902 1217 964 1280 sed
978 1234 1042 1280 sua
1057 1217 1146 1281 falsa
1160 1219 1385 1298 impudenter

153 1326 315 1404 ingerere
328 1325 536 1388 conabatur.
547 1325 608 1388 Bis
619 1333 742 1404 postea
754 1324 982 1403 eamadiit,et
993 1325 1196 1406 disceptans
1211 1326 1254 1389 de
1269 1329 1385 1391 sacris

152 1433 289 1511 litteris,
314 1433 441 1513 quibus
466 1432 639 1512 apprime,
660 1441 698 1495 ut
721 1431 787 1494 sibi
802 1431 953 1509 uidetur,
969 1440 1023 1496 est
1039 1432 1180 1511 inlecta,
1197 1435 1385 1513 opiniones

152 1540 265 1617 diluit,
283 1550 488 1620 mutamque
508 1538 651 1602 tandem
670 1537 833 1616 reddidit,
845 1548 894 1615 ut,
907 1537 1088 1619 patefacta
1101 1540 1262 1615 ueritate,
1278 1549 1313 1604 et
1329 1560 1379 1605 re-

150 1647 261 1709 clusis
279 1646 382 1721 dolis,
402 1646 600 1727 pertinacia
619 1655 654 1709 et
674 1645 911 1709 obstinatione
930 1646 1037 1709 animi
1057 1646 1210 1726 quadam
1232 1650 1384 1728 opprimi

149 1754 325 1817 uideatur.

208 1867 247 1932 In
272 1869 478 1932 celebritate
498 1885 632 1931 coenae
654 1868 870 1943 dominicae,
897 1867 1020 1931 habuit
1046 1866 1149 1933 Pater
1174 1871 1383 1935 concionem

147 1976 297 2054 imperio
312 1976 425 2040 Ducis
440 1977 476 2039 in
490 1975 642 2056 quodam
660 1975 830 2038 coenobio
846 1974 1037 2054 Virginum
1051 1975 1184 2039 Christi
1200 1974 1210 2006 ³
1225 1977 1269 2040 ad
1291 1977 1383 2042 filias

146 2083 251 2146 ducis
266 2092 300 2146 et
315 2100 468 2160 sororeS,
487 2083 543 2145 cui
565 2091 599 2145 et
614 2083 785 2145 interesse
800 2082 1008 2145 decreuerat
1031 2080 1124 2159 Dux,
1149 2084 1217 2146 nisi
1231 2096 1383 2162 urgente

148 2189 305 2271 quodam
321 2190 464 2269 negotio
479 2190 603 2252 luisset
619 2189 819 2268 impeditus:
839 2189 934 2251 misit
953 2199 1071 2252 tamen
1093 2206 1134 2253 eo
1150 2191 1322 2270 quosdam
1336 2209 1381 2255 ex

145 2298 222 2360 suis
239 2297 363 2359 aulicis
378 2307 412 2358 et
428 2296 570 2359 intimis.

208 2403 314 2467 Pater
330 2421 416 2483 ergo
431 2421 562 2483 magno
576 2403 729 2482 sortique
746 2403 863 2465 animo
876 2402 1085 2481 aggreditur
1096 2418 1266 2479 magnum
1276 2413 1312 2467 et
1326 2423 1380 2468 ar-

145 2512 259 2574 duum
284 2527 373 2590 opus
387 2512 422 2573 in
438 2512 505 2573 hac
528 2523 627 2572 tanta
650 2527 768 2573 rerum
788 2509 987 2572 diuinarum
1007 2509 1208 2587 ignorantia
1230 2520 1263 2573 et
1286 2529 1380 2574 erro-

144 2635 227 2682 rum
243 2619 430 2698 prauitate.
447 2618 501 2681 De
521 2617 753 2681 Sacramento
774 2617 1018 2679 Eucharistiae
1039 2617 1068 2678 is
1090 2617 1239 2680 instituit
1265 2618 1379 2698 dispu-

143 2726 331 2801 tationem,
352 2725 456 2805 idque
482 2725 633 2787 duarum
658 2726 825 2787 horarum
856 2723 1032 2786 curriculo
1058 2723 1281 2787 confirmauit
1305 2737 1378 2788 tum

145 2831 273 2908 figuris
287 2839 323 2893 et
337 2831 529 2893 inuolucris
548 2831 679 2893 ueteris
701 2828 913 2905 testamenti,
931 2839 1003 2891 tum
1019 2828 1276 2909 Prophetarum
1292 2834 1377 2895 uati·

143 2936 251 3001 ciniis
273 2950 308 3000 et
333 2938 498 3013 oraculis
526 2949 599 2999 tum
621 2937 836 3000 authoritate
856 2937 1063 3015 euangelica
1082 2949 1117 2999 et
1136 2939 1254 3000 uerbis
1270 2940 1379 3018 ipsius

142 3046 304 3119 Domini,
322 3053 394 3107 tum
415 3044 635 3121 testimoniis,
653 3043 751 3105 libris
772 3052 806 3105 et
824 3043 1007 3105 sententiis
1029 3054 1102 3105 tum
1123 3043 1378 3124 Apostolorum

141 3165 181 3218 et
197 3155 387 3216 multorum
403 3152 675 3232 apostolicorum
692 3162 726 3213 et
741 3149 938 3231 Martyrum
953 3160 987 3213 et
1009 3151 1195 3214 illustrium
1212 3164 1284 3214 tam
1300 3170 1377 3216 san-

146 3262 275 3326 ctitate
299 3277 404 3339 quam
433 3258 631 3338 eloquentia
659 3258 827 3332 uirorum,
852 3267 925 3320 tum
952 3259 1113 3338 exemplo
1140 3261 1319 3321 nascentis
1344 3269 1378 3322 et

147 3367 312 3433 florentis
333 3367 516 3443 ecclesiae,
537 3381 628 3445 quae
647 3365 802 3445 quotidie
823 3382 969 3428 coenam
989 3365 1121 3428 domini
1141 3366 1277 3428 edebat:
1299 3383 1377 3445 pos·

138 3486 260 3542 tremo
274 3473 554 3555 frequentatione
569 3483 604 3535 et
619 3488 683 3535 usu
699 3481 851 3552 patrum,
868 3472 927 3552 qui
950 3483 1078 3535 octauo
1094 3488 1233 3552 quoque
1248 3472 1304 3535 die
1319 3488 1379 3550 ge·

137 3583 299 3648 neratim
314 3581 358 3644 ad
374 3597 532 3644 mensam
548 3578 691 3642 Domini
706 3578 935 3642 accedebant.

206 3689 286 3752 Hac
297 3690 469 3752 concione
483 3688 587 3751 ualde
604 3687 721 3766 angeli
743 3686 1022 3765 delectabantur;
1039 3694 1175 3762 contra,
1192 3696 1380 3766 tantopere

141 3797 262 3862 hostis
275 3796 391 3876 gentis
406 3795 582 3859 humanae
598 3794 806 3871 uexabatur,
822 3801 860 3856 ut
875 3810 953 3856 sese
968 3810 1039 3856 non
1052 3794 1206 3873 potuerit
1221 3793 1376 3857 refrena·

138 3923 182 3969 re
198 3905 284 3984 quin
299 3903 486 3966 ecclesiam
500 3902 656 3965 eluderet
672 3902 707 3964 in
723 3901 791 3964 illis
806 3901 880 3963 suis
899 3900 1066 3979 cogitatis
1080 3900 1269 3964 furoribus.
1286 3900 1377 3964 Nam

139 4028 231 4076 ecce
247 4012 282 4074 in
303 4011 380 4091 ipso
402 4010 518 4073 medio
538 4009 709 4072 orationis
729 4024 835 4070 cursu
856 4007 1166 4070 sceleratissimam
1187 4007 1377 4087 quamdam

139 4120 327 4183 mulierem
347 4118 582 4180 inueteratam
601 4115 637 4177 in
657 4113 767 4177 uariis
782 4114 1004 4194 opinionibus
1024 4115 1060 4177 in
1075 4114 1231 4177 furorem
1246 4125 1280 4177 et
1295 4131 1379 4177 exa-

137 4226 376 4292 nimationem
392 4223 578 4301 conuertit,
594 4238 686 4302 quae
701 4222 776 4285 suis
790 4221 1003 4285 clamoribus
1016 4233 1050 4284 et
1065 4221 1244 4285 furoribus
1260 4222 1374 4301 coepit

180 4470 190 4500 ¹
221 4467 290 4511 Vide
302 4465 398 4510 Carras
408 4467 440 4509 de
452 4465 477 4508 S.
492 4464 607 4518 Ignacio,
617 4471 636 4507 t.
647 4475 683 4516 rr,
694 4473 754 4518 pag.
764 4462 805 4506 5ae
815 4469 840 4505 et
850 4474 916 4517 seq..
927 4468 953 4505 et
965 4461 1077 4506 Pounnct
1088 4461 1241 4513 chronicon,
1253 4467 1271 4505 t.
1283 4472 1318 4513 rr,
1332 4463 1376 4506 ubi

134 4544 200 4587 ria-e
212 4540 243 4583 de
255 4539 305 4583 hac
315 4539 440 4583 Duclssae
452 4536 590 4581 Ferrariae
603 4537 775 4580 conversione
786 4535 930 4579 disseritur.

177 4617 191 4644 ‘¹
222 4611 352 4654 Renatam
363 4610 395 4653 de
405 4608 518 4653 Francia
530 4608 631 4661 (Ranae
641 4608 674 4650 de
685 4607 808 4650 Francer.

178 4685 192 4713 ³
221 4684 250 4726 ln
262 4681 421 4726 monasterio
432 4679 554 4736 Corporis
564 4679 726 4732 christiam
737 4678 818 4735 corpo
827 4680 861 4723 de
872 4679 967 4732 cristo)
976 4678 1054 4723 dicto.
