3210 5392
739 441 801 498 Ax.
825 441 894 498 tuot
1387 443 1441 500 173

283 583 318 646 In
339 591 468 664 quarta
477 585 635 665 pagina,
660 585 737 648 loco
755 585 1087 665 superscriptionis.
1108 586 1150 666 Q.
1171 585 1366 667 Saragoza,
1383 587 1436 666 54,

245 685 383 755 iioctou.
400 702 434 755 et
446 690 516 755 An.
600 690 642 771 Q.
659 688 695 755 S.

697 1227 954 1311 COOXXXI

306 1565 494 1629 Franciscus
508 1568 620 1646 Scipio

334 1666 421 1727 Patri
433 1668 554 1742 Joanni
566 1669 607 1728 de
621 1670 779 1731 Polanco.

366 1764 526 1838 Bononia,
542 1768 577 1826 15
590 1768 789 1828 Novembris
805 1769 874 1827 lid-i
887 1768 907 1826 ¹.

787 2000 862 2120 nis

527 2297 741 2361 Franciscus
755 2295 875 2377 Scipio
891 2297 927 2360 Ρ.
946 2295 1114 2360 Polanc0.

785 2402 831 2468 .S.
849 2403 860 2435 ⁸

265 2607 381 2680 Pridie
395 2634 510 2681 nonas
525 2616 748 2696 Nouembris,
776 2620 873 2682 horis
898 2619 1152 2697 pomeridianis
1177 2619 1211 2697 (a
1231 2629 1439 2684 nostrorum

205 2709 301 2784 “lim
313 2722 509 2788 studiorum
529 2726 760 2789 renouatione
775 2725 944 2802 exordiri,
960 2726 1008 2789 mi
1029 2725 1146 2804 Pater,
1164 2726 1283 2805 volui),
1305 2743 1437 2805 magna

205 2818 372 2910 cuiusque
394 2831 530 2895 ordinis
549 2831 749 2913 frequentia
773 2833 915 2896 habitae
937 2844 1019 2895 sunt
1043 2832 1223 2896 orationes
1243 2844 1397 2913 quatuor
1412 2831 1436 2892 ³.

205 2909 322 2999 Prima
336 2937 402 3001 fuit
416 2938 452 3000 in
468 2939 665 3016 sapientiae
679 2939 822 3003 laudem
837 2958 858 3003 a
874 2939 999 3002 Fratre
1015 2949 1138 3002 nostro
1155 2939 1316 3019 Baptista
1331 2937 1343 2969 ⁴
1357 2957 1438 3021 pro·

202 3037 374 3138 lundata:
401 3046 513 3108 altera
540 3024 591 3109 de'
607 3044 835 3110 uerecundia:
863 3046 967 3110 tertia
988 3055 1113 3109 contra
1135 3046 1314 3124 publicam
1340 3047 1433 3109 hanc

201 3145 395 3214 ¹¹¹¹1entutis
419 3151 686 3216 institutionem:
709 3163 837 3232 quarta
858 3161 983 3215 contra
1009 3152 1186 3232 priuatam
1208 3163 1242 3215 et
1267 3135 1436 3216 domesti-

199 3250 285 3319 cam
296 3257 565 3322 institutionem:
581 3269 761 3337 postrema
777 3258 821 3321 de
836 3259 1090 3323 taciturnitate:
1114 3275 1205 3339 quae
1225 3274 1349 3321 omnes
1362 3257 1438 3321 fere

197 3339 373 3427 f⁰eliciter
402 3364 544 3428 suerunt
574 3376 778 3444 peroratae;
801 3366 964 3446 quamuis
986 3367 1187 3429 oratoribus
1211 3375 1246 3430 et
1272 3367 1438 3446 angustia

194 3447 273 3532 ¹00i
286 3479 320 3534 et
333 3471 506 3552 temporis
520 3472 708 3553 plurimum
723 3474 925 3536 detrimenti
941 3474 1108 3536 attulerit.
1126 3472 1216 3536 Nam
1231 3474 1310 3552 etsi,
1324 3473 1437 3552 parie-

191 3561 221 3618 ῑθ
245 3576 404 3656 quodam
419 3577 568 3656 deiecto,
584 3596 631 3642 ex
644 3578 782 3642 duobus
798 3581 954 3659 amplum
965 3579 1194 3659 gymnasium
1206 3580 1436 3656 confecimus,

188 3676 277 3745 n0¹1
289 3685 400 3764 potuit
414 3695 535 3748 tamen
556 3703 684 3766 capere
708 3686 968 3750 multitudinem
994 3686 1206 3751 auditorum.
1228 3687 1440 3751 Oratoribus

184 3782 370 3855 permixti
384 3801 467 3854 sunt
482 3799 618 3872 poetae,
635 3792 695 3873 qui
715 3811 780 3857 sua
802 3807 835 3856 et
851 3794 1137 3874 pronuntiatione
1159 3803 1194 3856 et
1209 3803 1316 3856 cantu
1333 3794 1437 3873 pluri·

182 3889 299 3961 mum
312 3898 578 3962 delectauerunt
589 3907 625 3962 et
640 3909 921 3964 commouerunt.
939 3900 995 3964 Ad
1011 3901 1100 3963 haec
1116 3910 1197 3963 acta
1223 3900 1288 3963 suit
1302 3900 1438 3978 Ecloga

183 4012 416 4049 N..-

181 4074 209 4122 P·
231 4087 381 4147 Francisco
391 4101 490 4146 strada
501 4101 603 4157 nutris,
613 4110 641 4147 ut
652 4104 751 4148 itineris
771 4104 876 4153 socium.
893 4103 1131 4158 Caesaraugustam
1146 4104 1256 4148 ventsse.
1267 4104 1365 4149 Verum
1380 4116 1439 4149 cum

181 4170 273 4264 defle
281 4175 426 4229 conjecturs
434 4175 504 4217 nullo
515 4180 587 4218 certo
597 4174 667 4219 illius
678 4176 802 4229 temporis
814 4177 959 4219 testimonio
971 4177 1106 4229 innitetur,
1117 4176 1246 4220 stllrmare
1256 4184 1328 4220 certo
1336 4187 1386 4220 non
1396 4187 1440 4220 su·

218 4239 302 4289 mus.

237 4307 252 4336 “
286 4317 469 4372 Astompnse
479 4317 506 4361 in
516 4317 612 4372 duplici
624 4319 693 4370 lolio,
705 4331 747 4364 nn.
758 4321 786 4364 86
795 4329 821 4363 et
832 4320 867 4363 ⁸7.

234 4376 258 4408 ²
287 4384 404 4433 Salutem

237 4446 260 4478 ⁸
288 4455 402 4509 cuatuor
411 4459 507 4504 dicitur
516 4460 541 4504 in
553 4467 635 4514 textu:
646 4462 692 4506 sed
706 4461 775 4506 inira
792 4462 840 4506 hoc
853 4463 961 4506 verbum
972 4462 1084 4505 obducta
1095 4468 1135 4506 est
1145 4462 1221 4517 lines,
1232 4467 1258 4505 et
1276 4462 1301 4506 ln
1321 4462 1438 4516 margine

190 4508 313 4572 tium
321 4530 416 4574 dicitur
426 4532 552 4584 quinque,
562 4538 589 4576 et
606 4531 748 4589 significari
759 4533 864 4577 videtur
881 4534 1045 4577 scribendum
1061 4535 1177 4586 quinque
1196 4544 1243 4589 pro
1253 4537 1378 4587 quatuor.
1388 4533 1438 4577 Po·

196 4587 336 4644 “trusis
348 4601 483 4655 Chronico,
493 4601 553 4646 dum
564 4602 629 4647 haec
639 4605 812 4658 transcripsit,
822 4605 909 4658 posuit
922 4604 1035 4648 inuitae.
1046 4602 1075 4646 T.
1086 4615 1122 4658 tv,
1133 4615 1193 4659 paz.
1205 4604 1251 4657 113,
1262 4614 1288 4648 u.
1302 4603 1350 4649 217.

252 4663 270 4696 ⁴
292 4667 366 4727 Huius
375 4672 441 4717 nihil
450 4680 556 4727 praeter
566 4684 658 4719 nomen
669 4676 799 4719 norimus.
