3210 5392
593 442 596 447 '
670 437 733 496 Aa.
754 437 842 496 libi·
1307 435 1361 496 tut

123 590 254 645 sancto
275 575 529 646 Eucharistiae
547 580 791 660 Sacramenta,
815 581 967 646 Domino
990 581 1068 646 Deo
1092 600 1156 645 suo
1176 583 1215 646 in
1236 584 1360 646 viuum

124 686 378 753 holocaustum
390 697 558 753 setonam
572 689 809 754 consecrauit.
828 688 930 753 Nunc
944 700 999 753 est
1019 689 1186 753 ostiarius
1200 707 1266 753 nec
1288 706 1360 752 me-

120 794 287 859 ‹iiocrem
300 795 405 860 nobis
419 795 582 861 omnibus
598 796 883 876 expectationem
898 797 1019 860 mouit.

132 919 137 932 ·
185 900 383 966 Doctrinae
398 903 614 967 christianae
625 903 875 984 praelectionis
891 904 1171 986 concionumque
1184 905 1272 970 ordo
1288 905 1360 969 Do·

125 1007 417 1091 minicissemper
429 1026 474 1075 ac
483 1008 621 1075 festinis
632 1010 755 1074 diebus
766 1010 940 1076 hactenus
951 1021 1118 1075 seruatus
1127 1021 1192 1076 est.
1209 1011 1355 1077 Necnon

126 1116 164 1179 in
177 1116 259 1180 aliis
272 1127 309 1181 et
324 1116 361 1181 in
375 1117 463 1182 vrbe
481 1127 517 1182 et
537 1127 640 1183 extra
658 1120 780 1182 vrbem
804 1118 891 1181 locis
905 1119 1065 1182 nonnulli
1085 1137 1130 1182 ex
1148 1119 1281 1183 nostris
1298 1121 1361 1182 ali·

124 1216 277 1302 quoties
288 1217 493 1288 concionati
510 1234 608 1305 sunt;
628 1240 700 1289 non
718 1234 836 1289 tamen
861 1225 966 1288 toties
980 1226 1119 1305 quoties
1133 1227 1358 1306 petebantur,

124 1329 224 1410 qnod
235 1330 404 1394 omnibus
415 1347 489 1395 non
504 1331 626 1395 liceret
641 1348 705 1412 per
719 1332 935 1412 paucitatem
951 1331 1169 1396 satisfacere.

191 1435 232 1500 In
245 1435 482 1501 confessionis
504 1437 788 1518 frequentatione
814 1455 966 1518 magnus
985 1439 1142 1503 cernitur
1163 1456 1206 1502 ac
1224 1441 1360 1519 perspi·

126 1560 220 1608 cuns
232 1543 425 1625 profectus.
443 1543 518 1609 Nec
534 1562 689 1627 vnquam
709 1546 883 1609 hactenus
901 1554 1020 1609 tantus
1040 1545 1104 1609 fuit
1118 1545 1361 1610 confitentium

125 1667 310 1715 ntnnerus.
334 1650 403 1731 Qui
427 1660 548 1716 tantus
571 1660 643 1730 est,
670 1661 709 1716 ut
735 1668 924 1732 cogamur,
947 1661 1097 1732 vrgente
1115 1652 1361 1716 confitentium

126 1756 366 1836 muutnuine,
389 1775 467 1835 eos,
483 1759 544 1839 qui
565 1757 701 1838 jamdiu
715 1768 864 1840 peccata
883 1759 1040 1822 fatentur
1058 1771 1094 1823 et
1115 1777 1265 1840 quorum
1279 1777 1365 1823 con-

127 1865 285 1929 stantiae
299 1864 451 1945 fidimus,
468 1865 537 1929 alio
552 1876 702 1944 peccata
714 1864 874 1929 fassuros
888 1867 1140 1946 transmittere,
1157 1884 1202 1929 ne
1213 1884 1287 1944 eos,
1304 1867 1365 1947 qui

126 1988 226 2036 nunc
240 1972 395 2052 primum
409 1982 574 2037 sanctum
585 1973 653 2037 boc
665 1973 899 2038 confessionis
913 1983 1176 2038 sacramentum
1191 1973 1365 2054 incipiunt

124 2077 368 2159 frequentare,
385 2079 528 2144 tristitia
542 2098 587 2144 ac
602 2097 763 2144 moerore
788 2079 993 2144 afficiamus.
1010 2080 1147 2145 Tantus
1173 2089 1293 2144 tamen
1308 2092 1363 2144 est

125 2186 177 2248 ad
192 2186 452 2250 confessionem
463 2186 717 2251 confluentium
728 2203 933 2266 concursus,
951 2197 988 2251 ut
1002 2187 1076 2251 fere
1087 2205 1280 2269 nunquam,
1294 2188 1366 2251 die-

126 2293 201 2357 bus
210 2293 435 2373 potissimum
446 2293 594 2373 festiniS,
611 2295 772 2358 omnibus
784 2293 992 2358 satisfacere
1007 2296 1194 2375 possimus.
1211 2295 1363 2359 Nonnul«

126 2402 189 2463 lae
199 2401 308 2464 etiam
316 2401 752 2481 confessionesgenerales
763 2401 820 2470 fex
828 2402 955 2482 quibus
966 2419 1096 2482 magna
1106 2402 1174 2465 Dei
1185 2404 1366 2466 emanauit

125 2506 224 2585 laus)
236 2506 355 2571 factae
368 2517 467 2572 sunt:
483 2525 528 2572 ex
543 2507 679 2572 duobus
695 2508 734 2570 in
748 2507 816 2571 hac
827 2509 915 2571 vrbe
930 2508 1008 2571 sitis
1021 2509 1225 2572 monialium
1237 2527 1365 2573 coeno—

125 2614 199 2677 biis
214 2614 261 2691 (in
276 2613 402 2696 quibus
417 2615 658 2696 superioribus
683 2615 805 2679 diebus
831 2616 876 2678 ob
898 2626 1102 2680 nostrorum
1122 2617 1267 2680 Patrum
1287 2629 1366 2680 tum

124 2721 338 2799 conciones,
361 2732 437 2786 tum
461 2723 625 2800 consilia,
652 2732 728 2786 tum
748 2723 855 2786 etiam
875 2723 919 2786 de
938 2723 1043 2786 rebus
1061 2723 1279 2804 spiritalibus
1297 2725 1367 2787 col-

123 2829 344 2906 locutiones
374 2846 506 2909 magna
532 2846 673 2893 morum
705 2829 742 2893 in
774 2831 899 2893 melius
934 2831 1180 2904 commutatio,
1211 2848 1367 2910 magnus

120 2935 366 3016 quarumdam
380 2935 602 3016 potissimum
613 2934 678 2999 fuit
694 2935 947 3000 adorationem
960 2936 1282 3018 perfectionemque
1298 2936 1367 3001 fer-

124 3042 215 3121 uor)
241 3060 263 3106 a
285 3059 408 3106 mense
428 3041 513 3122 Maji
536 3042 766 3109 vehementer
789 3042 963 3107 hactenus
988 3061 1031 3107 ac
1054 3044 1196 3125 saepius
1220 3044 1363 3107 anobis

120 3150 389 3214 contenderunt
411 3160 450 3214 ut
467 3150 520 3213 eis
534 3167 556 3212 a
571 3148 855 3213 confessionibus
879 3167 1048 3214 essemus.
1075 3151 1259 3233 Tantoque
1280 3163 1365 3215 sunt

119 3254 236 3336 hujus
248 3258 302 3320 rei
319 3256 497 3322 desiderio
516 3273 706 3334 accensae,
733 3272 771 3324 ut
795 3259 986 3321 nonnullae
1006 3275 1051 3321 ex
1069 3258 1172 3338 ipsiS,
1193 3259 1298 3339 copia
1319 3259 1367 3322 ad

122 3362 167 3428 id
180 3363 385 3445 impetrata,
400 3364 589 3445 ipsaemet,
605 3365 811 3430 exorandae
826 3364 929 3446 hujus
945 3364 997 3428 rei
1011 3365 1145 3444 gratia,
1162 3365 1209 3429 ad
1223 3383 1290 3429 nos
1301 3382 1360 3428 ve·

122 3470 258 3534 nerim:
275 3471 362 3535 illud
372 3479 472 3535 tanta
481 3472 739 3536 lachrimarum
749 3472 929 3536 affluentia
937 3489 980 3535 ac
993 3470 1181 3535 deuotione
1197 3472 1362 3535 obiicien-

122 3589 185 3641 tes
199 3580 261 3653 (ne
290 3577 428 3642 scilicet
455 3579 639 3659 religionis
661 3589 793 3657 statue,
816 3578 1146 3642 indumentorumue
1173 3579 1365 3643 monacho·

124 3700 212 3749 rum
224 3700 351 3763 cansa,
372 3694 473 3749 tanto
487 3686 715 3766 priuarentur
734 3686 845 3760 bono,
866 3693 989 3749 nostra
1009 3685 1174 3749 videlicet
1188 3684 1364 3764 doctrina,

121 3788 306 3873 hujusque
321 3789 543 3857 Sacramenti
554 3792 856 3874 frequentatione,
874 3810 943 3872 quo
960 3792 1019 3854 vei
1037 3792 1148 3872 ipsius
1159 3792 1366 3872 plebeculae

122 3898 257 3962 uetulis
270 3898 380 3963 libere
392 3899 489 3981 apud
502 3916 570 3963 nos
583 3899 653 3963 frui
666 3899 807 3977 liceret)
823 3908 861 3963 ut
874 3899 1001 3962 mirum
1014 3899 1049 3962 in
1062 3900 1205 3963 modum
1218 3897 1366 3963 Patrem

124 4015 312 4085 urgerent3
328 4005 426 4086 quod
439 4007 493 4070 eis
506 4005 612 4071 Pater
633 4006 834 4086 denegauit.
851 4005 1023 4084 Nuncque
1043 4005 1150 4069 etiam
1172 4022 1252 4070 cum
1271 4006 1368 4070 idem

125 4114 212 4177 illae
221 4111 441 4177 contendere
453 4130 528 4177 non
542 4123 701 4191 cessent,
718 4113 794 4193 ipse
809 4123 929 4176 tamen
944 4113 980 4175 in
1002 4112 1126 4176 eadem
1149 4123 1267 4176 manet
1285 4130 1366 4176 sen-

123 4220 257 4296 tentia,
273 4228 309 4284 et
333 4220 499 4301 quamuis
523 4218 794 4301 consequendae
816 4217 920 4298 huius
934 4219 986 4281 rei
1017 4236 1116 4300 spem
1136 4236 1206 4282 non
1222 4220 1367 4283 omnino

124 4326 318 4406 ademerit,
335 4326 511 4408 protrahit
526 4335 645 4391 tamen
664 4342 761 4404 eam,
788 4336 894 4407 atque
914 4326 950 4389 in
975 4325 1050 4389 dies
1072 4326 1187 4405 magis
1207 4326 1364 4390 distinet.

189 4434 331 4499 Morum
349 4450 484 4513 magna
509 4434 741 4498 communiter
762 4433 796 4497 in
815 4433 941 4497 melius
961 4434 1139 4497 restitutio
1161 4433 1211 4514 tit,
1234 4435 1367 4514 aliique

128 4543 220 4606 alios
234 4542 400 4614 inuicem,
416 4551 492 4606 tum
505 4540 857 4622 reprehensionibus
875 4551 949 4603 tum
969 4541 1286 4620 cohortationibus,
1303 4542 1366 4603 mi-

125 4665 210 4713 rum
223 4650 260 4713 in
274 4649 421 4714 modum
432 4646 569 4728 iuuant.
586 4647 642 4711 Ac
658 4647 751 4710 inter
766 4648 856 4710 alios
872 4647 1016 4727 quidam
1032 4649 1254 4728 potissimum
1269 4659 1365 4726 sunt,
