3240 5386
664 455 728 512 Ars.
755 455 825 513 mm
1307 454 1361 512 729

126 613 228 663 certe
244 602 408 681 quinque;
426 600 539 664 reddit
555 612 673 663 autem
688 617 898 680 vnoquoquc
914 617 1006 662 anno
1021 617 1129 679 supra
1150 610 1358 679 quatercen-

127 720 188 770 tos
202 725 330 771 aureos
344 707 499 770 ducales,
512 707 599 771 Eius
611 708 770 787 petitioni
780 707 868 770 nihil
880 707 967 770 certi
980 705 1228 786 respondimus
1240 706 1357 768 hacte-

129 830 216 893 nus;
245 814 307 877 sed
328 815 436 877 instat
461 827 565 894 atque
590 813 758 893 efflagitat
785 815 873 876 adeo
899 825 955 891 vt,
984 813 1064 876 licet
1089 812 1359 875 constitutiones

129 921 298 983 reluctari
313 918 511 996 videantur,
529 921 753 983 nihilominus
769 930 885 983 tamen
901 920 969 982 hoc
985 920 1029 982 ad
1041 918 1080 983 P.
1096 918 1328 982 Franciscum
1349 917 1357 948 ¹

128 1027 269 1090 deferre
283 1037 446 1107 putamus
461 1038 500 1090 vt
516 1029 591 1090 eius
610 1038 793 1090 teneamus
818 1029 1048 1104 voluntatem,
1070 1036 1104 1089 et
1126 1023 1293 1105 quidquid
1313 1041 1358 1086 ex

131 1134 343 1213 paternitate
358 1145 419 1198 tua
434 1152 521 1215 erga
534 1135 601 1197 hoc
613 1136 800 1215 acceperit.
819 1133 979 1214 Apparet
995 1150 1146 1213 namque
1162 1133 1252 1195 citra
1265 1148 1358 1194 com-

129 1239 287 1315 modum,
304 1242 397 1320 quod
423 1241 490 1304 hoc
517 1242 703 1321 collegium
728 1250 1016 1321 consequeretur,
1043 1256 1168 1302 ansam
1192 1255 1258 1301 nos
1273 1256 1357 1301 nan·

127 1347 218 1410 cisci
231 1364 337 1427 posse
353 1358 392 1410 vt
407 1347 572 1411 donantis
593 1349 749 1410 animum
768 1348 814 1410 ad
838 1364 903 1409 nos
929 1347 1157 1426 appellamus
1175 1345 1239 1408 Est
1265 1345 1358 1407 enim

130 1453 188 1516 vir
203 1454 345 1532 ingenio
365 1466 400 1516 et
424 1455 580 1517 moribus
606 1455 800 1534 praeditus,
827 1454 956 1534 quique
981 1463 1093 1516 totum
1120 1453 1191 1515 iam
1216 1468 1357 1515 cursum

132 1560 336 1638 theologiae
352 1563 576 1625 transcurrit.

193 1665 424 1730 Morientibus
439 1669 620 1748 suppetias
642 1668 808 1745 feramus,
834 1682 1005 1747 persaepe
1031 1665 1257 1740 accersimur;
1286 1665 1358 1744 qui·

128 1774 198 1836 bus
211 1773 429 1852 satisfacere,
445 1776 562 1855 quoad
578 1776 654 1839 fieri
675 1783 802 1856 potest,
820 1791 1002 1837 conamur.
1019 1772 1063 1836 Et
1078 1773 1197 1852 populi
1212 1782 1246 1835 et
1266 1771 1356 1834 Aca·

131 1878 270 1942 demiae
286 1879 432 1944 affectus
448 1899 490 1944 ac
509 1882 663 1945 studium
682 1898 767 1961 erga
789 1899 865 1958 nos,
892 1880 1102 1960 praesertim
1127 1879 1355 1957 collegarum,

128 1986 247 2065 magis
262 1988 447 2073 magisque
463 1989 633 2068 augescit.

189 2091 290 2172 Quod
306 2095 351 2157 ad
363 2095 419 2157 hic
435 2105 617 2158 manentes
629 2105 776 2176 spectet,
789 2095 874 2158 illud
887 2095 972 2157 mihi
983 2094 1170 2157 dicendum
1182 2103 1355 2173 superest;

127 2199 240 2262 hocce
251 2201 385 2280 pascha
396 2213 480 2265 vota
495 2204 645 2281 repetita
659 2201 767 2265 fuisse
780 2219 909 2281 magna
924 2219 1004 2265 cum
1016 2201 1124 2264 animi
1134 2200 1281 2264 laetitia:
1294 2200 1357 2262 sed

128 2317 375 2385 praecesserat
402 2309 576 2388 quaedam
602 2308 639 2371 P.
667 2308 828 2372 Rectoris
855 2309 1106 2386 conciuncula,
1137 2307 1196 2388 qui
1227 2306 1271 2369 ad
1297 2307 1356 2369 illa

130 2414 345 2492 praestanda
378 2416 621 2495 explendaque
646 2415 835 2479 admodum
866 2415 1055 2478 excitabat.
1088 2413 1187 2494 Quae
1216 2425 1256 2476 vt
1277 2430 1356 2476 exe·

126 2534 281 2598 quamur
304 2521 531 2602 diuinamque
552 2523 588 2585 in
611 2524 747 2585 cunctis
763 2526 993 2600 voluntatem,
1018 2520 1247 2584 Paternitatis
1274 2532 1356 2583 tuae

130 2627 361 2705 imploramus
376 2628 557 2705 auxilium,
572 2631 608 2691 in
619 2629 803 2692 sacrificiis
816 2629 1104 2708 orationibusque
1116 2627 1356 2691 commendari

125 2733 321 2812 cupientes
334 2752 473 2798 necnon
485 2745 520 2798 et
532 2736 974 2816 charissimorumpatrum
984 2753 1026 2798 ac
1035 2735 1196 2812 fratrum,
1207 2735 1267 2815 qui
1276 2734 1354 2797 istic

127 2849 252 2919 agunt;
262 2856 410 2919 quorum
419 2843 562 2917 nuntiis,
576 2843 660 2907 dum
672 2842 717 2906 ad
729 2853 870 2907 nostras
881 2844 1091 2923 perueniunt
1105 2859 1222 2917 aures,
1236 2840 1354 2904 admo·

125 2945 213 3009 dum
229 2946 363 3009 laetitia
378 2947 633 3027 perfundimur.

186 3050 438 3133 Salmanticae,
455 3065 583 3134 quarto
605 3055 684 3119 Kal.
705 3056 876 3139 Januarii,
899 3074 992 3119 anno
1010 3075 1030 3118 a
1047 3055 1233 3118 natiuitate
1247 3054 1355 3117 domi-

126 3159 208 3222 nica
224 3159 408 3223 millesimo
423 3163 705 3241 quingentesimo
721 3163 1012 3242 quinquagesimo
1026 3173 1138 3225 sexto.

184 3264 354 3344 Indignus
369 3265 460 3329 filius
476 3285 518 3330 ac
533 3285 658 3331 seruus
673 3268 902 3332 Paternitatis
918 3269 1014 3332 ‘luae
1030 3271 1065 3331 in
1081 3269 1236 3346 Christ0,

726 3484 911 3564 †Jacoaus
937 3503 983 3545 oa
1006 3483 1195 3557 ΑεοετΜι

186 3801 454 3881 Superscriptio
469 3802 507 3864 in
522 3809 655 3880 quarta
665 3801 820 3881 pagina:
838 3801 906 3864 lus.
921 3807 943 3874 †
957 3801 1159 3865 Admodum
1179 3801 1356 3866 Reueren-

123 3907 170 3970 do
181 3907 215 3969 in
229 3906 368 3970 Christo
381 3906 479 3971 Patri
491 3908 582 3988 patri
595 3909 743 3986 ignatio,
760 3907 968 3988 Praeposito
981 3908 1148 3971 Generali
1164 3907 1354 3973 Societatis

144 4029 208 4077 esu
235 4014 381 4079 Romae.
398 4014 423 4049 ὦ

120 4013 141 4094 J
182 4062 268 4174 A’lia
283 4051 414 4176 manu:¹
429 4113 506 4176 1556
520 4113 614 4192 (sic).
632 4112 882 4177 Salmanticae.
898 4114 1182 4192 Quadrimestres
1196 4113 1216 4175 4
1228 4113 1353 4178 Kalen.

122 4217 297 4298 Januarii,

195 4323 394 4401 Vestigium
410 4343 511 4389 cerae
526 4327 655 4404 sigilli.

166 4562 175 4595 ¹
204 4559 233 4604 Ρ.
243 4562 411 4611 Franclscum
422 4569 453 4611 de
465 4568 551 4622 Borja.
563 4568 782 4613 Commissarlum.
