3240 5386
185 108 240 167 248
573 109 1030 175 errannnouanurnusrnus

187 271 260 316 non
279 255 427 333 lassare,
445 273 508 336 per
530 257 588 336 piu
603 256 718 335 gloria
733 257 855 321 diuina
874 268 908 321 et
928 256 1089 321 conforto
1104 257 1137 320 d'
1155 257 1166 320 i
1187 257 1256 319 mei
1272 255 1424 331 fratelli,

188 362 224 424 di
240 373 339 424 tocar
353 380 402 424 vn
417 363 586 442 pochitin’
604 365 640 426 in
661 365 776 444 questi
792 365 912 427 insulti
927 374 961 427 et
980 364 1127 440 uilanie,
1144 364 1211 426 che
1225 380 1290 443 per
1306 367 1418 426 amor’

189 469 232 531 de
254 468 396 532 Christo
419 470 608 534 habbiamo
631 472 810 549 recebut0,
832 471 1041 535 essortando
1064 471 1124 535 noi
1149 470 1312 533 anchora
1332 473 1424 544 loro.,

189 578 255 638 che
270 577 478 657 supportino
500 577 536 639 in
551 579 729 657 pacientia
744 588 779 640 et
800 579 997 658 allegrezza
1013 579 1056 642 de
1075 578 1199 658 spirito
1213 578 1238 640 li
1253 577 1349 656 suoi,
1366 576 1423 640 de·

189 683 378 746 siderando
400 684 546 747 insieme
566 702 633 747 con
655 686 680 748 il
701 703 765 748 suo
790 685 987 749 Monarcha
1009 684 1150 749 Christo
1169 683 1254 766 Jesu
1275 694 1431 765 portare·

190 792 325 870 allegra
340 801 375 853 et
391 791 671 854 animosamente
685 793 720 855 la
739 809 804 855 sua
819 793 1007 855 benedetta
1022 803 1057 855 et
1076 802 1286 855 sacrosanta
1303 808 1423 854 croce.

216 932 219 937 ·
250 897 448 961 Habbiamo
473 898 623 961 adouch'
648 899 782 962 hauuto
811 901 917 962 molte
941 899 1178 979 persecutioni
1203 897 1246 961 de
1271 899 1365 978 putti
1390 907 1426 960 et

190 1004 334 1079 uioueni
350 1004 465 1068 insino
479 1023 501 1068 a
517 1006 694 1085 romperci
712 1007 746 1069 la
768 1017 872 1086 porta
887 1014 922 1069 et
943 1007 1095 1069 fenestre
1115 1006 1172 1069 del
1190 1005 1358 1085 collegi0,
1375 1016 1427 1068 ta·

190 1112 283 1187 ,aliar
296 1113 329 1174 le
344 1113 428 1175 t'une
443 1121 478 1175 et
499 1112 672 1176 straciare
686 1114 719 1176 le
734 1123 859 1176 catene
874 1113 966 1176 della
981 1113 1202 1191 campanella
1217 1123 1301 1190 etc.,
1320 1109 1427 1174 radu-

191 1219 265 1282 nati
280 1236 301 1281 a
316 1220 533 1283 vintinarao
553 1228 760 1283 trentanara
775 1221 896 1283 auanti
918 1222 952 1283 la
973 1231 1078 1301 porta
1100 1221 1156 1284 del
1168 1229 1298 1283 nostro
1320 1220 1429 1282 colle·

190 1327 261 1405 gio,
280 1343 365 1389 cosa
381 1336 479 1390 certo
493 1326 537 1389 de
551 1343 642 1406 gran
655 1327 878 1406 marauiglia,
894 1326 1058 1391 faciendo
1073 1327 1167 1407 gridi
1183 1327 1430 1407 incomporta·

191 1435 251 1497 bili
274 1434 462 1513 (maggiori
483 1432 580 1496 forsa
599 1434 666 1496 che
687 1451 758 1496 non
779 1432 888 1497 fanno
911 1434 1002 1498 Mori
1026 1435 1062 1497 in
1084 1451 1149 1497 suo
1163 1432 1374 1511 Alcorano),
1393 1442 1430 1496 et

192 1552 268 1605 tuto
291 1543 346 1603 cio
361 1558 424 1620 per
445 1540 607 1603 sbeflarsi
623 1541 658 1603 di
673 1542 733 1604 noi
747 1549 781 1604 et
803 1541 839 1605 di
861 1543 974 1606 nostri
993 1541 1160 1605 scholari.
1176 1540 1204 1604 Il
1219 1541 1286 1604 che
1302 1541 1429 1603 hanno

191 1649 313 1711 uoluto
336 1655 546 1727 sopportare
567 1648 616 1728 gli
637 1648 750 1711 nostri
766 1647 887 1727 Padri,
910 1649 1085 1726 dicenteS,
1102 1646 1282 1711 Dominus
1297 1646 1429 1726 proui-

190 1754 296 1832 debr't,
312 1772 412 1817 come
433 1754 480 1817 ha
495 1754 585 1818 fatto
611 1756 646 1817 in
668 1755 797 1832 eliett03
825 1755 953 1836 perche
972 1754 1133 1818 durando
1158 1756 1193 1817 la
1214 1770 1298 1817 cosa
1322 1771 1389 1832 per
1408 1753 1440 1814 5-

191 1880 211 1923 0
234 1862 254 1924 6
275 1863 378 1940 mesi,
401 1870 525 1942 questo
546 1861 748 1925 finalmente
771 1868 1004 1941 eperuenuto
1023 1879 1045 1924 a
1067 1863 1119 1941 gli
1140 1860 1274 1925 orechii
1291 1858 1338 1922 de
1360 1876 1429 1921 sua

191 1970 343 2032 Excell.⁸
355 1967 364 1999 ¹
376 1985 443 2032 con
463 1971 497 2032 la
512 1969 570 2032 cui
591 1969 709 2047 gratia
724 1969 749 2032 il
763 1966 866 2031 Rmo.
882 1967 1030 2032 Mons.or
1046 1969 1090 2032 D.
1107 1966 1281 2044 Alonisi0‚
1299 1965 1429 2045 figiolo

191 2094 267 2155 suo,
284 2077 414 2139 scrisse
428 2093 452 2138 a
466 2094 537 2139 vno
552 2077 674 2155 gentil’
691 2076 822 2139 huomo
838 2076 873 2138 di
892 2086 1018 2155 questa
1032 2084 1146 2151 terra,
1164 2073 1385 2137 demandato
1401 2073 1427 2136 il

191 2182 304 2246 Conte
319 2183 470 2247 Hercole
485 2183 659 2261 Rangoue
674 2183 751 2263 (gia
764 2183 1016 2247 Imbasciatore
1031 2183 1075 2246 de
1096 2199 1161 2245 sua
1176 2180 1333 2244 Excell.²
1354 2182 1428 2244 alla

190 2289 345 2354 Cesarea
366 2289 533 2368 Maiesta)
557 2290 725 2354 accioche
749 2290 919 2370 pigliasse
940 2291 975 2353 la
995 2290 1208 2370 protettione
1230 2287 1274 2351 de
1298 2299 1438 2368 questo·

189 2408 312 2461 nostro
332 2398 494 2478 collegio,
511 2407 545 2460 et
561 2398 593 2460 ci
608 2397 826 2461 deffendesse
842 2398 888 2460 da
903 2398 1018 2477 questi
1037 2397 1173 2473 insulti,
1191 2396 1292 2459 accio
1309 2396 1334 2458 il
1354 2413 1430 2458 ser·

190 2505 277 2568 uitio
292 2504 412 2568 diuino
426 2523 499 2567 non
512 2504 610 2567 fusse
629 2522 692 2584 per
707 2505 777 2567 essi
797 2505 976 2584 impedito.
994 2504 1126 2583 Questo
1148 2508 1287 2566 accetto
1303 2503 1431 2565 uolon-

191 2613 272 2675 tieri
290 2629 370 2676 esso
386 2610 515 2690 Conte,
532 2611 747 2674 offerendoci
769 2612 854 2691 ogni
877 2612 1025 2692 aggiuto
1040 2622 1074 2675 et
1097 2611 1231 2674 fauore.
1248 2609 1293 2673 Et
1309 2608 1440 2672 subito-

190 2719 256 2782 che
271 2737 315 2782 ne
330 2719 441 2781 hebbe
456 2719 579 2781 intessi
590 2720 641 2797 gli
652 2719 840 2798 vltraggii,
856 2718 933 2782 fece
948 2719 1210 2799 impregionare
1225 2719 1344 2797 quello
1361 2718 1439 2781 che·

191 2827 305 2889 hauca
323 2836 402 2889 roto
417 2827 451 2887 la
467 2835 588 2905 porta,
602 2824 753 2888 iacendo
769 2827 824 2888 col
839 2824 969 2903 Signor
984 2824 1231 2890 Gouernatore
1246 2824 1313 2886 che
1330 2824 1430 2888 fusse

191 2934 378 3012 castigato.
395 2932 452 2994 Ma
477 2949 539 3012 per
555 2949 672 2994 essere
692 2933 741 3011 gli
763 2932 870 2995 Padri
890 2940 1154 2995 estrettamente
1171 2931 1311 3011 pregati
1327 2932 1361 2994 d’
1380 2935 1427 2993 al·

192 3040 273 3101 cuni
289 3038 465 3117 cittadini,
480 3039 580 3101 accio
597 3056 667 3101 non
683 3039 949 3119 permetessimo
965 3040 1030 3102 che
1045 3038 1141 3102 fusse
1156 3038 1245 3101 fatto
1259 3038 1428 3101 dishono-

192 3163 231 3207 re
251 3163 272 3207 a
297 3145 321 3207 li
345 3146 484 3224 parenti
506 3145 562 3207 del
581 3154 691 3225 putto:
720 3146 898 3225 risposero
921 3164 993 3209 non
1014 3146 1147 3208 hauere
1167 3164 1188 3207 a
1219 3145 1332 3207 charo
1361 3148 1430 3206 che

193 3253 288 3315 l'usse
302 3252 390 3315 fatto
406 3251 596 3315 dishonore
612 3271 633 3314 a
654 3254 762 3332 nullo;
780 3271 838 3315 ma
858 3254 924 3316 che
945 3254 1095 3315 bastaua
1117 3252 1181 3314 che
1201 3269 1264 3331 per
1280 3254 1301 3313 l'
1321 3251 1428 3314 adue·

193 3361 269 3424 nire
293 3361 498 3422 restassimo
524 3359 558 3420 in
581 3377 669 3439 pace
691 3377 753 3439 per
773 3361 924 3422 seruicio
940 3359 1071 3438 diuino;
1088 3368 1122 3421 et
1144 3359 1210 3420 che
1231 3357 1440 3421 andassero

194 3486 258 3548 pur
275 3467 368 3530 dallo
383 3477 594 3546 protettore,
609 3466 675 3528 che
689 3468 751 3529 noi
766 3484 935 3529 erauamo
951 3466 1106 3529 contenti
1122 3464 1167 3528 da
1183 3474 1273 3528 tutto
1289 3466 1345 3528 cio
1360 3465 1430 3528 che

194 3593 259 3636 sua
274 3572 440 3653 Signoria
456 3573 611 3636 iarebbe.
630 3573 729 3636 Onde
746 3591 813 3636 con
827 3591 898 3635 vna
920 3572 1047 3651 gridda
1068 3573 1135 3634 che
1155 3582 1248 3634 sotto
1264 3573 1314 3634 tal
1333 3589 1429 3652 pena

195 3683 290 3744 nullo
311 3682 461 3743 hauesse
483 3679 601 3742 ardire
621 3680 664 3742 de
685 3680 785 3742 darci
807 3680 973 3759 impaci0‚
989 3679 1027 3742 fu
1047 3679 1195 3742 liberato
1218 3695 1297 3741 esso
1313 3689 1433 3758 putto,

199 3798 234 3850 ct
250 3787 308 3849 noi
322 3805 385 3867 per
400 3788 434 3849 la
449 3787 569 3866 gratia
584 3787 627 3849 ue
641 3786 711 3849 Dio
727 3796 918 3848 restammo
934 3787 970 3847 in
985 3803 1084 3865 pace.

259 3893 317 3958 Gli
344 3895 451 3957 studii
480 3911 588 3957 erano
614 3895 709 3956 assai
737 3893 1014 3956 accommodati:
1044 3910 1102 3955 rna
1132 3895 1158 3954 1’
1189 3892 1355 3956 infirmita
1388 3895 1433 3956 de

199 4001 246 4063 M.
263 4001 409 4064 Valerio
424 4001 466 4063 ha
486 4010 632 4063 causato
649 4003 816 4081 alquanto
832 4000 875 4063 de
889 3999 1059 4078 disturbo;
1076 4010 1110 4063 et
1126 4005 1145 4062 e
1160 4008 1252 4063 stato
1267 4017 1436 4064 neccssa-

201 4109 253 4170 rio
270 4108 336 4170 che
350 4108 374 4170 il
396 4118 519 4171 nostro
535 4107 649 4171 Padre
671 4107 859 4170 reducesse
878 4109 910 4170 le
926 4108 994 4170 due
1010 4107 1115 4170 classi
1138 4108 1174 4169 in
1189 4125 1259 4169 vna
1276 4109 1367 4183 sola,
1386 4108 1439 4170 le—

269 4269 401 4277 ——-.

241 4349 248 4379 ¹
279 4348 404 4393 Hercules
415 4350 511 4403 d'Este‚
524 4349 672 4401 Ferrariae,
684 4349 797 4392 Mutinae
809 4356 833 4391 ct
846 4347 918 4400 Regii
932 4349 996 4392 Dux.
