3240 5386
185 413 239 473 694
571 412 1027 481 Lmnnnnoaanmaasrnns

188 558 279 621 bono
294 559 455 640 exemplo
474 558 597 622 fuisset
616 558 829 637 domesticis,
845 558 1027 638 ingressus
1048 566 1102 622 est
1116 566 1292 621 nostram
1309 553 1431 619 Socie-

188 675 307 729 tatem.

246 771 425 836 Visitante
439 790 505 837 nos
518 770 623 836 Patre
637 771 767 852 Natali,
782 773 1035 836 renouauimus
1047 781 1135 836 vota
1154 788 1287 835 omnes
1307 770 1426 833 simul.

246 879 329 942 Dux
343 879 530 944 Ferrariae
545 879 687 960 scripsit
701 879 748 943 ad
766 877 1049 943 Gubernatorem
1067 888 1101 942 et
1116 877 1346 959 Episcopum
1361 895 1425 957 pro

186 986 349 1050 habendo
363 988 456 1065 loca,
472 995 507 1048 et
521 1003 603 1049 eum
626 986 713 1050 nihil
739 987 872 1050 sactum
896 984 1020 1050 suisset
1044 1003 1106 1066 per
1122 1002 1197 1063 eos,
1222 986 1303 1065 ipse
1318 985 1423 1048 nobis

186 1094 383 1174 assignauit
397 1094 514 1156 locum
528 1094 589 1157 vbi
610 1092 804 1173 poterimus
831 1094 969 1173 erigere
994 1092 1237 1172 collegiolum,
1264 1093 1313 1155 ad
1330 1091 1424 1171 quod

186 1199 443 1266 aedificandum
457 1201 562 1265 amici
587 1200 815 1280 adiuuabant,
838 1217 877 1263 se
892 1202 986 1264 enim
1000 1200 1046 1264 ad
1060 1199 1128 1264 hoc
1148 1199 1375 1277 obtulerunt,
1391 1210 1425 1261 et

186 1326 228 1372 eo
243 1317 448 1373 constructo
472 1326 657 1389 speramus
681 1325 850 1389 magnum
875 1308 1028 1372 fructum
1052 1307 1127 1371 sore
1149 1307 1187 1370 in
1215 1308 1424 1384 animabus,

186 1415 247 1495 qui
270 1415 443 1479 hactenus
470 1415 575 1479 valde
596 1416 747 1496 exiguus
772 1415 836 1479 fuit
860 1425 1007 1495 propter
1028 1430 1158 1478 causas
1180 1412 1232 1476 ad
1259 1423 1296 1478 te
1317 1432 1425 1495 saepe

187 1522 351 1602 scriptas,

246 1628 414 1708 Mutinae,
433 1629 467 1691 11
485 1628 656 1695 Octobris
670 1629 758 1694 1555.

426 1736 482 1801 Ex
496 1746 687 1817 praecepto
702 1746 849 1801 sanatae
864 1735 1082 1809 obedientae.

766 1949 974 2015 Sanan-nnus
995 1949 1223 2014 Ennomus.

245 2163 315 2226 Hic
335 2165 475 2228 addidit
489 2182 599 2228 manu
619 2166 775 2246 propria
794 2166 841 2230 P.
856 2164 1021 2246 loannes
1040 2163 1092 2228 Le
1115 2162 1311 2235 Pedetar.
1338 2164 1426 2228 Fer·

187 2270 366 2334 adriensis
385 2271 539 2350 collega·
546 2272 693 2350 Rector,
708 2271 767 2334 cui
778 2277 812 2335 et
827 2271 1032 2334 Muttaense
1045 2269 1276 2350 suajueaat:
1290 2270 1425 2350 Queste

186 2393 273 2440 sono
287 2378 319 2440 le
334 2377 583 2457 quadrimestri
596 2378 631 2440 di
643 2378 793 2442 Modena
808 2378 900 2442 done
914 2379 946 2442 si
959 2395 1005 2458 po
1030 2377 1165 2441 vedere
1185 2377 1257 2441 che
1272 2395 1365 2442 cosa
1378 2395 1423 2459 po

186 2481 233 2546 M.
251 2480 431 2564 Stephano
451 2486 508 2548 nel
531 2485 653 2564 latina,
680 2502 753 2548 non
775 2502 816 2548 so
841 2485 907 2548 che
931 2501 1015 2548 sara
1030 2486 1085 2548 col
1111 2500 1177 2548 suo
1192 2484 1349 2565 hebreo,
1366 2484 1423 2547 dai

186 2589 360 2670 principio
372 2591 406 2653 io
421 2593 526 2654 volea
541 2592 619 2654 chel
633 2592 809 2655 studiasse
824 2592 994 2671 alquanto
1008 2591 1046 2655 in
1056 2589 1257 2670 humanita,
1273 2608 1337 2655 ma
1349 2607 1420 2655 non

187 2695 238 2775 gli
251 2694 289 2758 su
300 2696 436 2775 ordine;
446 2714 513 2777 pur
525 2698 668 2761 tandem
679 2715 765 2779 pare
777 2697 871 2761 seria
881 2697 943 2777 pia
953 2697 1131 2762 necessita
1144 2696 1211 2761 che
1231 2695 1324 2761 dare
1339 2713 1418 2777 ope·

187 2820 228 2865 ra
245 2803 279 2864 al
293 2803 424 2866 hebreo
438 2812 473 2866 et
487 2821 558 2867 non
572 2822 697 2884 sapere
713 2805 820 2867 niuno
836 2805 917 2867 delli
932 2803 1013 2867 dua.

828 3016 986 3099 Joanaas
1006 3016 1269 3080 Pannnranms

247 3231 573 3310 Superscrzptiom's
593 3231 669 3295 loco
690 3232 728 3294 r'n
750 3230 903 3294 allartus
928 3230 1159 3311 autographi
1179 3230 1340 3310 exmplr'
1358 3247 1391 3291 se

185 3338 303 3400 cunda
313 3338 469 3416 pagina:
484 3337 640 3402 Litterae
655 3339 931 3417 quadrimestres
947 3337 1101 3417 Collegii
1116 3336 1335 3401 Mutinensis,
