3210 5392
616 423 680 480 ΑΝ.
702 422 771 482 1555
1258 419 1313 478 003

90 582 253 644 magnum
272 567 318 628 sit
342 568 530 645 negocium
556 568 689 630 nostris
716 567 879 630 Patribus
905 568 1067 630 omnibus
1092 565 1310 628 satisfacere.

90 670 268 750 Aliquibus
285 674 320 734 in
336 685 494 752 egestate
509 674 711 736 constitutis
727 674 937 736 subuentum
953 685 1017 736 est:
1034 673 1173 736 mulieri
1187 688 1310 751 pecca-

90 779 162 840 :rici
179 779 225 841 ad
240 778 431 842 Dominum
447 797 662 857 conuersae,
684 797 794 860 seque
814 781 1041 843 matrimonio
1062 779 1232 856 colligare
1252 797 1310 840 uo·

92 885 178 962 enti,
206 885 271 948 dos
298 897 351 947 est
373 897 593 965 comparata.
621 886 685 949 His
707 886 882 965 proximis
901 886 1025 949 diebus
1047 885 1152 949 Pater
1166 884 1311 965 quidam

90 1008 159 1053 :um
176 989 288 1054 fratre
303 992 349 1054 ad
364 995 511 1072 populos
527 993 665 1055 uicinos
680 993 812 1056 missus
826 1004 891 1071 est,
909 993 1061 1072 quicum
1079 992 1123 1054 ad
1144 992 1311 1072 oppidum

90 1098 316 1176 ›eruenisset,
334 1098 383 1160 ita
402 1100 578 1177 persuasit
599 1099 762 1162 omnibus
784 1099 1054 1176 confessionem,
1078 1108 1114 1159 ut
1137 1099 1212 1160 sola
1232 1114 1312 1160 con-

90 1204 315 1266 'essariorum
331 1205 451 1282 inopia
465 1203 599 1267 sactum
614 1205 731 1282 luerit,
748 1222 792 1266 ne
808 1222 930 1267 omnes
945 1215 1095 1284 peccata
1107 1204 1311 1266 confiteren-

93 1327 148 1372 ur:
168 1309 369 1373 doctrinam
385 1311 616 1373 christianam
637 1311 740 1373 ambo
765 1312 975 1387 docuerunt,
998 1320 1118 1390 atque,
1142 1310 1201 1390 qui
1223 1327 1312 1389 opus

90 1415 173 1478 stud
190 1417 224 1477 in
242 1416 346 1478 finem
363 1434 472 1496 usque
488 1417 689 1494 deduceret,
707 1426 917 1479 statuerunt:
939 1433 1046 1496 quam
1066 1425 1184 1479 autem
1204 1433 1312 1495 aegre

90 1522 229 1584 :ulerint
245 1523 412 1602 oppidani
429 1540 551 1585 eorum
566 1524 772 1599 discessum,
794 1524 856 1585 vix
878 1522 975 1585 credi
996 1532 1122 1602 potest,
1144 1538 1311 1600 magnam

90 1629 185 1706 prius
196 1627 404 1691 adhibentes
416 1629 647 1708 diligentiam,
662 1640 698 1691 ut
711 1646 833 1691 eorum
844 1628 1016 1708 profectio
1029 1629 1064 1690 in
1076 1628 1214 1708 aliquos
1223 1630 1312 1691 alios

90 1735 155 1796 lies
168 1734 323 1814 (quando
339 1752 478 1798 menses
493 1753 563 1798 non
579 1736 741 1812 dabatur)
757 1735 1034 1816 protraheretur;
1047 1752 1126 1797 curn
1140 1752 1225 1797 vero
1241 1735 1311 1796 iam

90 1840 211 1903 liutius
227 1859 296 1903 non
313 1853 457 1921 possent
485 1859 546 1905 eos
571 1859 690 1904 secum
713 1842 881 1920 detinere,
905 1858 1035 1920 magna
1057 1843 1311 1921 praeclaraque

90 1947 173 2010 lona
186 1948 254 2009 illis
267 1947 472 2021 offerebant,
487 1965 636 2027 cumque
648 1949 734 2011 nihil
746 1950 876 2010 uellent
889 1948 1062 2027 accipere,
1076 1949 1312 2025 multomagis

90 2063 160 2116 tunt
176 2071 238 2117 eos
253 2054 426 2117 admirati.

140 2160 354 2223 Persuasum
371 2171 423 2222 est
439 2180 459 2222 a
475 2162 629 2241 quodam
644 2160 753 2224 fratre
770 2173 890 2223 nostro
907 2161 1086 2238 omnibuS,
1103 2160 1164 2240 qui
1185 2160 1219 2222 in
1241 2160 1309 2222 hoc

90 2267 212 2348 >ppido
228 2278 322 2342 sunt,
340 2280 377 2329 ut
393 2269 472 2330 libri
489 2285 623 2346 omneS,
640 2269 700 2348 qui
722 2271 778 2331 uel
798 2268 984 2330 inhonesta
1006 2268 1062 2330 uel
1081 2267 1230 2346 prolana
1251 2267 1308 2328 do·

90 2385 223 2451 serent,
240 2375 549 2452 comburerentur,
567 2384 739 2437 eteorum
760 2377 838 2437 loco
857 2375 937 2437 libri
956 2373 1111 2450 honesti,
1138 2375 1197 2453 qui
1218 2373 1308 2435 chri·

90 2481 239 2543 stianam
254 2480 421 2558 pietatem
441 2481 657 2557 redolerent,
681 2481 939 2543 euoluerentur.
964 2479 1085 2559 Itaque
1107 2481 1207 2542 multi
1229 2493 1312 2542 sunt

90 2588 120 2649 id
133 2603 249 2667 genus
264 2586 344 2649 libri
360 2588 394 2649 in
410 2597 568 2649 nostram
581 2587 724 2649 domum
736 2588 845 2650 allati:
859 2588 910 2649 eis
921 2596 1051 2664 autern,
1065 2587 1124 2667 qui
1136 2587 1237 2648 nobis
1249 2604 1311 2649 eos

90 2692 290 2770 afferebant,
312 2694 361 2772 pii
384 2693 577 2770 dabantur,
598 2711 667 2773 quo
690 2693 827 2756 iactura
846 2710 991 2755 suorum
1009 2693 1179 2755 librorum
1200 2692 1243 2770 (si
1262 2695 1310 2754 lu-

90 2817 184 2863 :rum
199 2801 317 2880 potius
337 2817 408 2862 non
431 2811 484 2862 est
504 2800 769 2878 nominandum)
789 2809 1094 2879 compensaretur:
1116 2799 1310 2862 constituta

90 2907 236 2986 lenique
251 2906 318 2984 die,
343 2925 465 2969 omnes
487 2907 559 2987 (qui
579 2907 802 2988 complurimi
823 2907 935 2984 erant)
959 2918 1041 2969 sunt
1060 2907 1198 2987 publice
1217 2922 1311 2968 com·

90 3013 184 3077 rusti.

141 3119 265 3199 Aliqui
280 3119 418 3182 externi
432 3120 601 3182 exercitia
618 3119 815 3198 spiritualia
827 3118 997 3193 lecerunt;
1011 3137 1056 3181 ex
1068 3119 1198 3182 nostris
1209 3137 1308 3194 uer0,

90 3242 209 3289 >mnes
224 3226 260 3288 in
276 3227 456 3289 literarum
469 3226 594 3289 studiis
606 3226 754 3306 aliisque
766 3226 879 3288 solitis
891 3225 1203 3288 exercitationibus
1215 3228 1311 3289 uelut

90 3343 257 3395 ractenus
272 3344 515 3412 perseuerant:
533 3333 619 3395 mira
637 3333 673 3394 in
688 3332 740 3394 eis
755 3334 913 3412 prolecto
929 3332 1129 3411 resplendet
1150 3332 1311 3396 obedien·

90 3440 141 3516 ia,
158 3438 397 3516 mortificatio,
418 3438 716 3518 perfectionisque
738 3438 968 3528 desiderium
991 3439 1106 3516 magis
1128 3448 1247 3502 tamen
1268 3457 1310 3501 ac

90 3546 197 3624 nagis
211 3562 335 3608 eorum
350 3547 459 3607 animi
474 3545 615 3608 luerunt
630 3546 787 3608 aduentu
803 3545 840 3607 P.
857 3544 994 3608 Natalis
1006 3545 1159 3623 accensi,
1173 3561 1310 3609 summa

90 3669 163 3715 cum
191 3652 376 3730 diligentia
402 3655 544 3730 regulas
570 3663 604 3714 et
628 3653 898 3715 constitutiones
921 3669 1044 3715 omnes
1068 3653 1310 3716 obseruantes.

90 3757 187 3822 Faxit
201 3757 301 3821 Deus
317 3768 354 3821 ut
369 3759 446 3822 eius
461 3759 721 3821 sanctissimam
737 3760 955 3822 uoluntatem
970 3775 1081 3839 usque
1096 3759 1142 3821 ad
1161 3753 1311 3822 mortem

90 3882 312 3946 exequamur,
330 3866 423 3946 quod
438 3877 487 3943 tu,
504 3864 544 3928 R.
562 3865 678 3942 Pater,
696 3865 740 3928 ab
756 3865 879 3928 eodem
895 3866 1101 3944 postulabis

139 3970 316 4050 Gandiae,
332 3970 498 4035 Calendis
513 3971 731 4052 Septembris
750 3973 827 4034 1555
845 3971 865 4030 ³.

137 4079 179 4141 R.
199 4077 236 4140 P.
254 4077 351 4142 Tuae
366 4095 494 4141 seruus
510 4079 545 4140 in
560 4078 727 4157 Domin0,

730 4291 912 4356 Auromus
934 4293 1136 4356 Conpressas

90 4497 292 4514 *—

124 4642 132 4670 ¹
164 4641 235 4684 llaec
247 4640 329 4684 verba
337 4651 353 4684 a
364 4651 428 4684 voce
440 4639 562 4684 Gandiae
573 4641 653 4683 tertia
663 4641 791 4694 quaedam
800 4653 892 4686 manus
903 4642 1007 4696 adjecit.
