3210 5392
208 436 259 494 tau
591 435 1043 503 erranaeouaomnasrncs

205 581 299 660 quod
310 583 453 660 cognati
473 582 505 644 ei
520 582 813 645 assentiebantur:
830 592 960 645 etcum
975 599 1040 644 nec
1055 600 1160 646 orare
1176 600 1242 647 nec
1253 582 1389 648 Missae
1400 594 1438 648 et

205 689 336 752 divinis
356 688 480 752 officiis
495 690 665 752 interesse
686 706 788 769 posse
812 688 998 767 fateretur,
1021 690 1092 752 iam
1108 689 1179 753 lere
1200 690 1361 770 quotidie
1387 692 1435 756 ad

204 797 371 875 templum
386 795 533 873 accedit,
551 806 585 858 et
599 804 719 875 patres
733 805 874 858 nostros
889 813 953 859 sua
969 807 1086 859 errata
1102 795 1311 860 consessura
1324 814 1433 879 saepe

205 903 303 966 adire
317 905 417 966 solet.
435 901 524 977 Non,
546 903 702 982 inquam,
719 903 868 966 mireris:
897 920 978 966 cum
993 903 1048 966 his
1068 901 1191 966 diebus
1206 914 1347 984 septem
1360 923 1434 969 me·

200 1010 348 1073 retrices
363 1026 470 1089 opera
485 1018 520 1071 et
535 1010 655 1072 labore
666 1008 708 1072 R.
722 1008 758 1072 P.
773 1008 934 1072 Rectoris
945 1020 1088 1089 ereptae
1099 1017 1134 1072 ci
1144 1010 1318 1074 liberatae
1329 1010 1432 1076 suere

203 1135 221 1179 a
249 1118 376 1196 laqueo
395 1116 469 1179 sere
489 1116 735 1189 inextricabili,
759 1134 829 1195 quo
849 1115 943 1192 (licet
968 1116 1097 1193 dicere)
1119 1117 1352 1181 adamantino
1378 1119 1434 1181 sic·

201 1224 350 1286 daemon
366 1241 426 1285 eas
442 1223 653 1294 irretiuerat,
675 1234 713 1285 ut
737 1222 876 1285 nonnisi
893 1222 1011 1285 diuina
1029 1238 1095 1302 ope
1109 1224 1282 1302 explicari
1299 1225 1430 1302 potuis·

200 1342 289 1393 sent:
306 1347 454 1410 quarum
471 1330 610 1409 quidem
630 1330 720 1393 aliae
739 1331 773 1392 in
794 1347 872 1392 sese
894 1328 1163 1408 descendenteS,
1186 1332 1375 1395 conuersis
1389 1349 1428 1395 se

199 1438 316 1500 socias
329 1436 508 1514 addidere,
531 1437 566 1499 in
588 1452 738 1516 quarum
761 1436 929 1515 religione
949 1437 1142 1500 maximum
1158 1447 1240 1500 sunt
1260 1439 1429 1502 omnibus

197 1545 408 1624 exemplum,
425 1562 490 1606 nec
507 1543 622 1606 minus
637 1560 776 1606 summa
790 1541 857 1605 Dei
871 1543 987 1621 gloria
1002 1555 1036 1606 et
1054 1560 1199 1607 suarum
1221 1544 1428 1609 animarum

198 1651 310 1714 salute
325 1650 531 1731 procedunt:
549 1650 591 1712 de
608 1649 687 1713 aliis
702 1658 821 1712 autem
835 1649 870 1712 in
883 1666 981 1730 spem
994 1650 1149 1728 quotidie
1162 1651 1279 1730 magis
1295 1653 1428 1731 magis·

197 1775 265 1838 que
279 1758 451 1832 uenimuS,
474 1774 649 1819 summum
671 1755 798 1831 Deum,
820 1757 880 1836 qui
903 1755 981 1836 pius
999 1766 1034 1819 et
1051 1756 1255 1821 misericors
1276 1767 1347 1837 est,
1369 1776 1428 1822 ea·

197 1869 275 1928 rdm
290 1865 399 1926 menti
419 1865 551 1926 lumina
570 1865 821 1943 praelaturam,
843 1872 881 1925 ut
900 1863 1163 1943 praedictarum
1184 1863 1430 1942 ingredientes

195 1971 366 2049 uestigiiS,
383 1971 532 2032 salutem
547 1970 731 2032 animabus
745 1970 818 2032 suis
833 1968 1029 2032 inueniant:
1046 1969 1081 2032 id
1093 1987 1245 2050 namque
1260 1982 1337 2034 tum
1349 1972 1425 2036 illa·

195 2095 274 2140 rum
289 2077 512 2139 conuersatio
527 2077 603 2138 sore
614 2076 757 2152 indicat,
771 2075 1054 2155 quandoquidem
1066 2075 1229 2156 inprobis
1243 2076 1319 2141 lere
1334 2095 1423 2141 sem·

194 2200 257 2264 per
273 2184 411 2246 uersari
425 2183 599 2260 uidentur,
622 2194 695 2246 tum
715 2183 808 2262 quod
829 2184 934 2245 rebus
953 2183 1066 2246 sacris
1080 2184 1168 2246 satis
1187 2184 1352 2248 addictae
1373 2186 1423 2249 iu·

193 2291 367 2354 dicantur:
384 2289 513 2353 diuinis
526 2291 618 2352 enirn
634 2290 758 2353 officiis
773 2290 959 2366 intersunt,
976 2291 1148 2354 intersunt
1167 2300 1202 2354 et
1224 2291 1293 2370 piis
1308 2293 1425 2373 operi·

193 2398 269 2476 bus,
286 2414 424 2459 necnon
439 2397 484 2460 ad
499 2396 737 2460 confessarios
749 2414 786 2459 se
801 2395 998 2459 conserunt.
1011 2396 1186 2460 Dominus
1196 2397 1301 2480 Jesus
1316 2417 1425 2464 suum

192 2503 362 2569 Sanctum
377 2502 602 2567 Paracletum
618 2504 757 2567 mittere
771 2521 842 2566 non
857 2504 1079 2582 dedignetur,
1097 2514 1134 2566 ut
1148 2521 1239 2583 quae
1253 2504 1418 2570 huiusce·

192 2612 288 2675 modi
310 2611 470 2686 uinculis,
492 2611 702 2674 execrandis
722 2611 886 2673 nimirum
901 2610 1056 2689 flagitiis,
1069 2610 1241 2689 detentas,
1264 2628 1309 2674 ac
1328 2629 1422 2693 pene

191 2718 343 2798 caligine
358 2736 504 2792 mersas
524 2718 568 2780 ab
592 2718 737 2780 immani
758 2718 858 2780 hoste
873 2718 1058 2796 receperit,
1083 2717 1226 2779 easdem
1241 2718 1287 2781 ad
1308 2721 1423 2783 maio-

191 2843 265 2889 rem
281 2827 334 2888 sui
350 2825 502 2888 nominis
517 2826 680 2903 gloriam,
697 2825 797 2887 cuius
813 2841 922 2887 causa
940 2833 990 2886 tot
1005 2824 1245 2904 suscipiuntur
1260 2825 1420 2905 labores,

192 2944 332 2997 tueatur
346 2945 452 3011 atque
467 2944 664 2995 conseruet.

249 3039 286 3103 Si
301 3041 379 3113 hoc,
397 3039 437 3101 R.
455 3038 506 3115 P.,
520 3056 688 3118 magnum
700 3039 837 3101 lacinus
849 3057 926 3101 esse
942 3039 1094 3114 testaris,
1112 3056 1182 3102 non
1194 3056 1282 3102 sane
1298 3041 1420 3105 minus

189 3148 416 3211 memorabile
431 3157 495 3222 est,
513 3145 605 3226 quod
622 3146 713 3209 idem
729 3145 845 3223 Pater,
868 3147 987 3208 diuino
1004 3147 1146 3209 numine
1161 3147 1228 3209 sibi
1243 3150 1418 3227 secund0,

189 3255 285 3317 obiit.
298 3254 422 3317 Mulier
435 3255 540 3329 enim,
555 3252 702 3332 indigna
713 3253 915 3315 calamitate
930 3269 1065 3332 pressa,
1078 3253 1206 3316 timens
1217 3271 1261 3316 ne
1273 3255 1418 3333 penitus

188 3360 415 3440 affligeretur,
433 3360 573 3422 cuidam
590 3361 724 3439 potenti
739 3360 865 3422 iudaeo
881 3370 914 3421 et
929 3377 968 3422 se
984 3369 1018 3422 et
1039 3359 1145 3423 liliam
1164 3378 1266 3423 suam
1288 3365 1418 3442 prosti-

188 3477 286 3531 tuere
301 3466 520 3530 decreuerat:
537 3484 659 3529 uerum
675 3467 713 3528 P.
729 3465 867 3543 Rector,
881 3466 939 3528 ubi
952 3476 1089 3529 tantum
1100 3467 1216 3529 scelus
1229 3467 1419 3533 admitten-

187 3576 272 3639 dum
286 3575 434 3653 accepit,
452 3585 485 3636 et
500 3574 575 3636 eius
588 3583 782 3651 egestatem
798 3590 875 3636 esse
894 3573 1090 3648 materiam,
1113 3573 1194 3635 huic
1214 3573 1268 3637 rei
1287 3592 1415 3641 consu·

144 3723 147 3727 -
187 3680 328 3744 lendum
344 3681 504 3756 credidit,
531 3691 566 3742 et
586 3679 736 3759 denique
752 3680 807 3757 (ne
823 3678 859 3741 P.
880 3679 993 3742 Tuam
1015 3679 1143 3758 morer)
1159 3691 1329 3744 reuocata
1346 3695 1417 3763 est,

186 3797 221 3851 et
235 3788 391 3852 eiusdem
407 3805 514 3868 opera
537 3788 581 3849 ab
601 3797 809 3867 paupertate
829 3787 1025 3850 subleuata.
1047 3787 1135 3851 Illud
1156 3797 1343 3868 praeterea
1364 3802 1417 3854 ta·

185 3896 334 3960 cendum
349 3913 419 3959 non
435 3895 599 3974 arbitror,
616 3895 710 3974 quod
725 3893 796 3957 filia
808 3893 992 3957 cuiusdam
1005 3912 1075 3957 non
1086 3912 1172 3958 sane
1189 3896 1328 3960 minimi
1339 3916 1417 3963 mo-

184 4003 304 4081 menti,
321 4003 379 4067 cui
393 4003 516 4065 uitium
531 4003 689 4066 oblatum
703 4003 830 4080 luerat,
847 4011 881 4064 et
896 4019 917 4063 a
933 4003 1087 4081 quodam
1101 4011 1243 4083 potente
1259 4003 1341 4068 uiro
1352 4006 1412 4071 de-

184 4119 291 4188 tenta,
309 4109 405 4173 Patri
426 4118 548 4173 nostro
569 4108 745 4187 confessa,
767 4108 810 4171 de
830 4125 900 4187 qua
921 4109 1067 4171 multum
1088 4107 1411 4191 digladiatumest,

184 4216 228 4279 ad
244 4233 437 4280 conuersas
452 4217 617 4279 euolauit.

243 4322 456 4402 Progrediar
478 4325 549 4385 iam
564 4323 609 4385 ad
624 4340 677 4398 ea,
696 4339 785 4402 quae
808 4323 963 4385 secundo
978 4323 1056 4386 loco
1076 4323 1162 4386 mihi
1182 4323 1336 4387 dicenda
1358 4344 1415 4390 re-

181 4440 287 4504 stant;
304 4448 375 4493 non
390 4447 517 4493 uereor
532 4430 614 4509 quin
631 4430 719 4492 haec
734 4439 1011 4492 commemoratu
1023 4430 1188 4508 digniora
1203 4446 1283 4494 esse
1294 4430 1410 4497 dicas.

179 4537 307 4601 Non'te
320 4538 501 4617 praeterit,
519 4536 560 4599 R.
577 4535 628 4613 P,
644 4553 750 4614 quam
766 4535 801 4598 in
816 4535 959 4599 dubium
974 4536 1193 4599 nobilissima
1209 4537 1268 4599 illa
1280 4537 1414 4602 domus

179 4655 337 4723 uenerat;
350 4662 429 4707 cum
445 4645 537 4707 enim
552 4661 622 4706 una
638 4652 801 4706 contacta
817 4643 933 4721 luerit,
957 4662 1001 4706 ne
1020 4643 1168 4707 liuorem
1187 4643 1232 4707 ab
1254 4662 1326 4708 una
1346 4645 1410 4710 du·
