3210 5392
688 108 752 166 Au.
775 107 844 166 troo
1323 107 1373 165 391

184 253 313 324 pretiosis
326 255 544 318 ornamentis
563 256 698 331 vestiri,
716 265 788 318 tres
803 265 988 334 praeterea
1009 252 1217 333 magnificas
1237 253 1373 314 donans

180 360 300 440 asaias,
326 371 400 425 tum
425 361 548 425 varios
571 378 710 442 pannos
730 362 765 425 in
786 360 991 425 eorumdem
1011 361 1176 423 altarium
1201 377 1316 423 vsum:
1340 371 1374 423 et

175 458 259 543 longe
267 467 363 548 plura
374 469 577 547 largiretur,
588 469 929 549 siaequepromptos
941 468 986 531 ad
997 467 1250 547 recipiendum,
1265 484 1371 546 quam

167 563 232 644 ipsa
244 584 290 638 est
304 575 348 638 ad
363 575 598 654 largiendum,
615 576 800 638 inueniret.
818 575 919 638 Alius
934 574 1077 655 quidam
1091 591 1295 654 germanus,
1313 590 1370 635 no-

159 669 243 759 bilis,
254 699 381 762 aeques
395 681 517 747 Sancti
533 680 730 763 Sepulchri,
744 683 802 762 qui
818 682 957 744 sincero
973 698 1039 744 nos
1051 680 1179 744 affectu
1191 681 1370 761 prosequi·

151 785 219 859 tur,
243 805 284 851 ex
306 787 565 869 Hyerosolimis
591 788 763 870 quasdam
789 804 910 851 secum
928 788 1125 867 reportauit
1145 787 1324 867 reliquias,
1352 804 1370 848 e

136 889 270 960 quibus
283 912 409 959 sacrae
424 894 556 959 Christi
571 913 726 959 coronae
745 895 894 974 spinam,
912 895 1016 958 theca
1035 894 1191 975 quadam
1205 894 1369 974 preciosa

132 995 287 1064 pulchre
305 999 477 1065 deaurata
498 1002 703 1082 repositam,
726 1001 899 1080 singulari
919 1001 1106 1064 deuotione
1125 998 1290 1063 Patribus
1312 1016 1367 1060 no-

125 1101 345 1187 Stris-dedit,
367 1125 517 1172 aureum
535 1109 679 1190 insuper
699 1125 855 1189 pannum
874 1108 974 1170 varie
993 1116 1215 1185 exornatum,
1237 1106 1367 1169 vexilla

119 1193 285 1293 bissina,
301 1225 336 1279 et
359 1215 561 1280 huiusmodi
585 1225 794 1279 ornamenta
813 1214 906 1278 dono
927 1214 1033 1278 dedit.
1055 1213 1190 1293 Quibus
1205 1213 1367 1276 omnibus

102 1304 269 1385 chorus
283 1322 456 1386 ecclesiae
471 1330 626 1401 nostrae,
643 1331 679 1385 et
693 1321 903 1402 praesertim
917 1321 1166 1401 repositorium
1180 1319 1225 1383 V.
1242 1318 1366 1383 Sacra-

103 1421 259 1508 menti,
274 1437 481 1492 nostrorum
495 1446 582 1492 cura
598 1429 806 1492 illustratur.
822 1427 894 1492 Alii
910 1427 980 1491 alia
994 1425 1146 1490 offerunt
1161 1428 1292 1506 templo
1308 1425 1367 1488 do·

96 1526 251 1612 naria,
267 1533 415 1599 sednon
430 1536 564 1616 passim
579 1535 809 1615 recipiuntur,
825 1535 906 1615 quia
922 1533 1074 1598 sortasse
1088 1551 1154 1596 nec
1169 1533 1322 1612 expedit.

186 1633 298 1705 Nunc
319 1650 482 1720 superest
500 1652 540 1705 vt
564 1643 716 1722 paucula
742 1641 786 1705 de
805 1641 947 1722 pietatis
973 1640 1107 1718 officiis,
1128 1648 1202 1703 tam
1217 1639 1364 1702 infirmis

77 1738 244 1811 <lnam
253 1748 471 1828 pauperibus
482 1747 660 1824 exhibitis,
674 1748 859 1828 attingam.
872 1746 946 1811 Nec
957 1747 1052 1811 enim
1062 1747 1131 1810 hac
1142 1747 1179 1810 in
1191 1757 1291 1827 parte
1303 1763 1363 1808 no·

80 1842 291 1941 {trorum
305 1853 418 1919 defuit
432 1871 542 1934 opera
563 1871 605 1917 ac
625 1853 821 1934 diligentia3
841 1854 1045 1936 frequenter
1060 1854 1153 1918 enirn
1172 1854 1362 1917 visitarunt

75 1946 303 2039 ¹¹¹fitmoS,
321 1970 395 2024 tam
410 1961 446 2024 in
457 1959 624 2040 hospitali
638 1977 745 2042 quarn
758 1961 793 2024 in
806 1962 885 2024 aliis
896 1962 985 2025 locis
996 1960 1259 2039 decumbentes,
1272 1977 1362 2041 quos

72 2054 205 2129 ¹¹0¹:
218 2068 341 2132 verbis
355 2068 462 2131 modo
476 2078 510 2130 et
526 2067 768 2131 instruxerunt
784 2079 818 2132 et
833 2068 1005 2132 consolati
1019 2077 1113 2146 sunt,
1129 2068 1192 2131 sed
1206 2067 1360 2131 maxime

72 2162 306 2239 curarunt
319 2184 370 2255 vt,
387 2176 593 2258 priusquam
615 2194 660 2240 ex
675 2177 743 2239 hac
759 2176 840 2238 ,vita
858 2176 1066 2255 migrarent,
1087 2175 1220 2239 salubri
1234 2173 1358 2238 Sacra-

64 2265 332 2346 'uentorum
356 2282 664 2348 administratione
689 2282 927 2346 reficerentur.
954 2282 1048 2345 Inter
1073 2299 1162 2362 quos
1185 2281 1356 2358 nonnulli,

61 2373 202 2452 '¹011
215 2390 333 2453 solum
351 2390 428 2454 sine
447 2390 596 2454 salutari
614 2391 747 2454 viatico
769 2390 931 2470 corporis
950 2388 1082 2454 Christi
1096 2398 1158 2452 aut
1177 2398 1357 2452 extremae

60 2475 308 2592 {notionis
333 2497 564 2575 munimento,
585 2497 787 2575 morientes,
804 2495 961 2560 destituti
975 2495 1136 2573 fuissent,
1162 2495 1225 2559 sed
1250 2496 1357 2559 etiam

56 2584 204 2665 8Ῑῑὶε
218 2612 445 2667 sacramento
462 2603 694 2667 absolutionis
709 2605 864 2682 omnino,
881 2603 973 2666 sicut
987 2619 1097 2683 equus
1112 2612 1147 2666 et
1166 2604 1294 2679 mulus,
1311 2621 1356 2666 ex

56 2672 196 2770 hae
210 2711 286 2773 vita
308 2711 535 2792 migrassent,
552 2710 620 2773 nisi
635 2720 837 2774 nostrorum
852 2710 1035 2790 diligentia
1048 2710 1129 2773 huic
1145 2719 1244 2773 tanto
1262 2711 1354 2773 malo

53 2795 310 2881 obuiorum
324 2827 429 2881 esset.

181 2921 255 2988 Sed
273 2942 319 2988 ne
338 2924 510 3005 epistolae
530 2923 675 2988 modum
696 2923 879 3003 excedam,
902 2924 959 2987 his
983 2924 1107 3005 paucis
1118 2923 1227 2988 'finem
1247 2925 1351 3005 facio,

50 3007 254 3094 0bnixe
263 3029 306 3093 P.
329 3030 371 3094 T.
388 3031 594 3111 supplicans
609 3030 724 3094 Deum
742 3047 808 3111 pro
829 3031 930 3094 nobis
950 3048 1055 3094 orare
1070 3031 1246 3111 dignetur,
1269 3050 1351 3113 qua-

51 3109 226 3200 telaus
240 3147 275 3201 et
294 3139 444 3201 istorum
463 3137 573 3201 corda
592 3137 759 3211 emolliat,
782 3146 817 3199 et
835 3137 937 3200 nobis
954 3137 1109 3217 gratiam
1131 3155 1174 3201 ac
1188 3139 1352 3219 spiritum

50 3221 317 3325 ⁴”arguatur
340 3244 386 3309 ad
410 3254 553 3324 gentem
572 3244 665 3307 hanc
685 3244 810 3307 melius
828 3226 1023 3322 juuandam
1044 3256 1079 3308 et
1098 3246 1250 3325 gloriam
1275 3246 1351 3310 eius

54 3332 257 3415 Pariter
270 3350 534 3432 possidendam.
547 3349 674 3415 Amen.

185 3456 344 3522 Viennae
359 3459 396 3521 in
410 3456 570 3535 Austria,
586 3459 606 3520 5
620 3458 796 3523 Calendas
811 3459 896 3523 Maii
918 3459 1006 3522 1555.

303 3565 576 3644 indignissimus
591 3564 667 3629 P.¹¹⁸
687 3564 784 3629 Tuae
799 3583 934 3644 seruus,

579 3725 749 3789 Enaanus
764 3725 1008 3804 AuANnANUS,
1029 3725 1248 3791 Leonteusm.

185 3883 272 3949 Loco
291 3883 614 3965 superscriptionis
634 3885 672 3946 in
692 3891 825 3966 quarta
842 3887 1000 3966 pagina,
1018 3888 1081 3950 sed
1095 3887 1213 3968 ipsius
1231 3888 1341 3950 Erar-

66 3966 157 4035 αἱ
189 4007 305 4056 manu:
329 3992 486 4056 Litterae
513 4003 664 4071 quatuor
691 3994 866 4056 mensium
895 3993 1044 4074 Collegii
1070 3995 1283 4060 Viennensis
1307 3996 1343 4059 in

72 4071 271 4164 Auso-ia.

182 4205 259 4270 Alia
273 4223 398 4270 maner:
412 4204 546 4269 Mensis
559 4205 656 4269 Maii.
672 4207 692 4269 5
707 4206 781 4271 Cal.
799 4207 912 4287 Quad.
929 4208 1102 4273 Viennae.

182 4310 297 4378 Manet
311 4332 394 4378 cera
410 4315 523 4377 rubra
537 4312 666 4392 st'gt'ili
