3210 5392
730 417 793 479 Au.
815 417 884 477 lbol
1361 416 1421 476 213

228 562 380 651 adducam,
404 562 497 645 quod
511 562 594 626 Dux
608 563 810 643 caeterique
825 562 945 644 populi
967 561 1126 644 primarii
1146 562 1244 626 ciues
1263 564 1416 643 postula-

229 678 288 732 runt
305 679 337 732 ut
356 669 421 733 sibi
443 670 512 733 hac
534 669 696 750 proxime
720 680 871 733 ventura
892 669 1168 749 quadragesima
1189 669 1416 733 concionare-

227 786 276 839 tur:
288 793 424 858 cumque
446 775 482 840 id
502 777 631 840 iterum
656 786 761 865 atque
784 777 913 840 iterum
934 775 1007 839 aP.
1025 786 1149 839 nostro
1164 775 1357 840 Francisco
1372 775 1415 839 de

228 881 324 963 Borgia
341 884 539 964 petiissent,
556 883 700 970 tandem
721 884 799 946 uoti
818 893 1000 964 compotes
1016 881 1103 947 facti
1117 891 1208 947 sunt.
1225 882 1316 946 Nam
1335 901 1414 948 con·

227 989 387 1054 clunabitur
400 990 468 1070 eis;
485 1009 550 1054 nec
565 991 642 1054 sine
656 989 791 1069 fructu,
808 1002 846 1053 ut
868 992 904 1054 in
924 989 1077 1054 Domino
1092 989 1317 1069 confidimus,
1335 1008 1415 1054 con-

226 1094 397 1161 cionabitur:
415 1097 446 1161 is
460 1097 554 1161 enim
568 1107 623 1161 est
643 1114 756 1175 amor,
772 1115 842 1177 quo
857 1096 954 1161 illum
973 1105 1246 1177 prosequuntur,
1263 1107 1301 1160 ut
1314 1097 1417 1159 nobis

225 1217 355 1282 magnam
367 1204 490 1284 magni
500 1189 637 1268 fructus
650 1204 845 1284 praebeant
859 1220 970 1284 spem.

268 1308 320 1389 Qui
340 1311 386 1374 ud
411 1321 572 1374 nostrum
597 1309 793 1390 Collegium
818 1309 1007 1390 accedunt,
1031 1310 1220 1374 confitendi
1242 1312 1300 1374 vel
1321 1327 1413 1373 corn·

226 1415 390 1480 nunicandi
414 1417 549 1496 gratia,
567 1425 618 1480 tot
644 1427 741 1496 sunt,
757 1427 795 1480 ut
818 1434 932 1497 neque
953 1418 1090 1497 possint
1112 1429 1232 1496 patres
1254 1417 1417 1481 omnibus

223 1520 411 1603 satisfacere,
424 1541 538 1605 neque
552 1534 697 1603 possent
711 1524 743 1588 si
755 1540 827 1587 non
838 1534 957 1587 essent
972 1525 1081 1588 multo
1095 1526 1226 1604 plures.
1239 1523 1308 1587 Tot
1322 1525 1417 1587 enim

225 1627 274 1691 huc
286 1631 447 1695 accedunt
463 1640 500 1694 ut
515 1649 536 1694 a
551 1631 683 1695 nostris
697 1630 861 1694 Patribus
881 1631 1081 1710 audiantur,
1098 1639 1136 1693 ut
1154 1630 1243 1694 satis
1262 1631 1418 1694 indicent

224 1750 328 1800 sumum
345 1755 410 1801 nos
433 1755 556 1801 amore
570 1737 827 1818 deuotioneque
847 1738 1024 1818 prosequi.
1050 1736 1297 1817 Magnificetur
1318 1722 1416 1801 C'hri·

223 1848 292 1921 stus,
306 1845 361 1924 qui
383 1846 481 1909 solus
502 1861 566 1925 per
587 1861 625 1908 se
647 1844 786 1907 cunctis
806 1843 920 1907 amari
942 1844 1070 1923 dignus
1090 1853 1155 1907 est.
1175 1842 1269 1907 Dum
1291 1843 1418 1907 Patres

227 1960 324 2013 uacant
347 1969 367 2014 a
393 1950 689 2030 confessionibus,
719 1951 914 2015 inuisendis
937 1968 981 2014 ac
1007 1951 1233 2015 consolandis
1258 1951 1418 2031 aegrotis

223 2052 339 2136 aliisque
352 2058 420 2138 piis
435 2057 602 2139 operibus
616 2068 803 2122 conterunt
818 2067 967 2139 tempus.
983 2057 1108 2122 Patres
1122 2059 1322 2139 fratresque
1333 2075 1416 2121 cun·

224 2159 258 2221 cti
269 2165 406 2228 maximo
419 2164 561 2228 feruore
581 2165 616 2227 in
631 2165 946 2230 exercitationibus
964 2174 1038 2229 tam
1053 2165 1295 2245 spiritualibus
1310 2182 1417 2246 quam

221 2264 369 2335 litaniis
388 2280 636 2352 perseuerant:
661 2273 699 2335 in
719 2271 845 2353 quibus
866 2272 1116 2336 ardentissima
1134 2271 1418 2337 mortificationis

222 2374 400 2459 maiorisque
425 2378 620 2459 spiritualis
644 2378 825 2458 profectus
848 2377 1035 2458 desyderia
1061 2378 1325 2460 deprehendere
1343 2396 1416 2449 non

222 2489 261 2541 est
270 2481 403 2549 difficile.
420 2484 461 2549 In
475 2484 552 2549 dies
565 2485 696 2564 itaque,
712 2503 793 2549 cum
808 2486 954 2549 ulterius
966 2486 1253 2566 progrediantur,
1265 2501 1418 2566 magnos

221 2577 282 2650 etii
293 2591 412 2656 litteris
426 2599 462 2654 et
476 2591 512 2655 in
528 2591 733 2670 uirtutibuS,
751 2591 788 2654 in
802 2599 925 2654 mutua
944 2591 1132 2656 dilectione
1146 2592 1357 2672 praesertim
1373 2609 1416 2657 ac

220 2691 319 2762 eximia
331 2709 364 2764 et
379 2700 521 2779 integra
536 2698 747 2777 obedientia,
772 2698 906 2763 faciunt
925 2715 1150 2779 progressus.
1169 2699 1277 2763 Faxit
1295 2698 1415 2762 Domi-

219 2811 276 2879 nus,
287 2806 443 2885 precibus
455 2804 553 2868 Tuae
568 2803 645 2868 Rae
659 2804 735 2868 pu·
750 2806 1077 2885 interuenientibus,
1093 2815 1132 2870 ut
1145 2823 1211 2871 nos
1226 2807 1263 2870 in
1278 2807 1354 2870 dies
1368 2807 1416 2869 ad

217 2907 324 2977 maiora
337 2921 442 2978 uocet
456 2921 492 2975 et
506 2894 676 2992 prouocet
689 2912 958 2993 prouehereque
972 2913 1148 2993 dignetur.

260 3012 421 3098 Gandiae,
438 3019 553 3100 pridie
568 3018 736 3083 calendas
748 3019 910 3101 Januarii
925 3020 1010 3083 anni
1026 3020 1115 3083 1555.

259 3117 341 3193 Tuae
354 3125 451 3193 R.‘¹⁸e
464 3124 543 3189 Pal·
556 3125 723 3206 indignus
738 3126 774 3190 in
789 3124 932 3190 Christo
947 3143 1085 3204 seruus,

869 3339 1050 3405 Aurounus
1073 3340 1286 3405 Connnssns.

236 3653 511 3746 superscripto
526 3664 565 3726 in
578 3664 737 3727 secunda
748 3661 907 3743 pagina:
916 3606 1031 3741 Jesi1s.
1044 3660 1091 3727 Al
1105 3678 1191 3741 muy
1206 3660 1283 3725 ΚΑΘ
1297 3661 1413 3726 Padre

187 3758 218 3809 ⁰¹²
238 3761 391 3836 Christo
406 3773 440 3834 el
453 3770 492 3834 P.
505 3770 663 3834 Maestro
679 3770 818 3848 ignatio
834 3768 878 3831 de
892 3768 1040 3848 Loyola,
1055 3767 1241 3848 Prepdsito
1255 3767 1412 3833 General

182 3847 215 3914 αθ
229 3863 278 3940 Ιει
291 3878 488 3961 Compailla
503 3878 545 3941 de
560 3877 675 3959 Jesus.
692 3875 817 3939 Roma.

227 3982 328 4049 Alto
352 4001 476 4050 manu.
502 3984 581 4048 1555
604 3982 699 4061 (sic).
723 3982 876 4047 Gandla.
893 3981 948 4045 De
972 3981 1018 4046 M.
1035 3981 1196 4046 Antonio
1221 3981 1409 4060 Cordesse,

174 4073 294 4155 serita
306 4093 431 4158 ultimo
445 4092 481 4156 di
495 4090 632 4155 Geuaio
651 4091 658 4122 ¹
675 4089 749 4153 Κλ*
763 4091 825 4154 alli
839 4091 879 4152 25
894 4090 929 4153 di
944 4089 1102 4168 Maggio.

179 4280 182 4284 ¹
227 4188 294 4261 Et
306 4198 392 4261 ulia.
409 4197 543 4278 Quadr.

176 4326 397 4383 N...-

211 4419 219 4449 ¹
267 4435 316 4493 Sia
326 4447 365 4485 eat
375 4447 471 4495 umen,
481 4446 510 4484 ut
520 4445 602 4493 patet,
620 4437 770 4483 Decembre.
