3210 5392
661 434 725 491 Au.
747 431 817 492 1555
1299 431 1353 489 497

43 577 206 645 mihi
221 578 408 641 adsunam
423 587 576 642 mentem
590 577 749 655 rediisse,
766 589 804 640 vt
819 579 896 641 sine
919 578 1114 657 lachrymis
1138 594 1218 641 eum
1238 578 1351 641 dimit-

50 700 185 750 tere
208 701 297 764 prae
311 685 446 748 laetitia
462 702 533 748 uon
548 685 734 765 potuerim.
751 685 837 748 Eius
856 700 964 747 verae
981 685 1226 747 conuersionis
1248 684 1353 747 fidem

57 790 223 855 nobis
233 790 369 855 faciunt
381 791 552 856 haeretici
569 792 629 855 alii
644 792 790 872 aliquot,
807 808 895 872 quos
911 791 956 854 ad
978 809 1102 854 veram
1127 790 1231 854 fidem
1251 789 1351 853 redu·

64 915 200 962 cere
216 897 369 961 curauit.
386 898 468 961 Alia
483 916 635 980 quoque,
657 917 747 979 quae
763 900 891 962 multos
906 897 1108 973 seduxerat,
1125 899 1176 960 sic
1193 897 1351 977 resipuit,

70 1013 129 1067 vt
154 1020 297 1068 secum
307 1005 518 1085 resipiscere
533 1005 709 1070 desideret
734 1016 768 1069 et
783 1016 882 1069 curet
897 1006 1078 1086 plurimos,
1105 1021 1195 1083 quae
1216 1005 1324 1068 etiam
1342 1003 1350 1036 ¹

72 1113 292 1175 concione
317 1113 471 1192 quadam
493 1115 545 1177 sic
559 1113 624 1176 fuit
637 1124 825 1189 commota,
852 1123 891 1176 vt
912 1121 992 1192 post
1011 1129 1090 1174 eam
1111 1130 1182 1174 non
1207 1112 1353 1173 desierit

74 1216 340 1298 lachrymari
364 1218 476 1284 donec
503 1220 759 1284 absolutionem
784 1230 976 1284 consecuta
997 1230 1100 1282 esset.
1128 1217 1196 1282 Sed
1212 1219 1352 1298 singula

76 1323 324 1388 huiusmodi
338 1325 472 1389 referre
486 1344 552 1389 nec
566 1344 707 1407 possem
727 1344 793 1390 nec
816 1326 926 1406 exigit
941 1326 982 1389 T.
999 1325 1040 1388 R.
1056 1324 1108 1398 Ρ.;
1125 1343 1169 1387 ex
1190 1326 1244 1386 his
1260 1325 1352 1387 enim

76 1429 226 1494 facile
246 1432 393 1510 colliges
412 1433 552 1497 similia.

165 1537 401 1618 Praecqous'¹
412 1538 515 1602 huius
530 1541 687 1604 ciuitatis
701 1538 713 1570 ⁵
728 1540 792 1603 sub
805 1541 943 1603 initium
957 1539 1252 1621 quadragesimae
1268 1538 1354 1600 obti-

76 1653 274 1707 nuerant
292 1645 378 1708 mihi
399 1644 600 1726 aCapitulo
624 1646 845 1710 Tornacensi
869 1645 1049 1709 licentiam
1071 1643 1082 1674 ⁴
1105 1645 1353 1721 concionandi,

76 1752 232 1827 atque
245 1751 257 1783 ³
268 1753 499 1817 concionatus
511 1771 590 1818 sum
603 1754 724 1834 itaque
736 1755 885 1833 singulis
897 1755 1021 1817 diebus
1038 1753 1141 1815 huius
1157 1752 1353 1832 quadrage-

77 1850 237 1921 simae
266 1858 313 1922 ad
338 1876 462 1923 eorum
490 1861 707 1938 instantiam,
737 1879 799 1942 per
827 1859 894 1923 Dei
924 1861 1077 1938 gratiam
1107 1859 1181 1921 sine
1208 1858 1355 1921 notabili

76 1954 350 2029 incommodo
370 1966 597 2045 valetudinis
622 1984 702 2032 cum
725 1969 812 2032 satis
834 1984 964 2046 magno
985 1982 1173 2042 concursu,
1191 1966 1280 2028 adeo
1304 1975 1355 2043 vt,

75 2072 288 2137 quamuis
312 2074 411 2136 locus
436 2073 471 2136 in
497 2091 566 2154 quo
591 2074 831 2138 concionabar
856 2085 932 2137 erat
957 2085 1113 2136 semotus
1138 2083 1172 2135 et
1199 2072 1300 2150 quasi
1320 2072 1356 2134 in
1439 2109 1444 2116 -

74 2179 257 2249 angulo
271 2179 439 2258 ciuitatis,
453 2191 488 2243 et
500 2181 589 2245 hora
602 2182 708 2245 valde
720 2181 956 2258 incommoda,
971 2182 1090 2259 plures
1102 2191 1221 2242 tamen
1234 2179 1355 2241 dicun-

74 2275 164 2337 tur
204 2284 317 2349 fuisse
342 2287 523 2351 auditores
538 2287 575 2351 in
593 2289 726 2351 nostris
748 2288 988 2366 concionibus,
1015 2305 1121 2376 quam
1147 2288 1183 2350 in
1207 2289 1357 2349 aliorum

73 2379 236 2456 trium
249 2392 512 2457 ordinariorum
527 2395 814 2475 praedicatorum
829 2396 944 2458 simul.
961 2393 1042 2458 Scio
1057 2394 1152 2473 quod
1166 2392 1356 2473 aliquando

73 2492 282 2563 ⁰portuit
305 2501 492 2564 occludere
518 2501 612 2565 fores
639 2502 761 2582 templi
789 2502 1033 2583 capacissimi,
1062 2501 1097 2564 in
1125 2518 1193 2580 quo
1219 2500 1357 2563 concio-

74 2592 253 2684 nabar,
270 2623 315 2669 ne
331 2623 417 2686 prae
431 2608 534 2671 turba
554 2609 871 2688 comprimerentur
889 2617 924 2671 et
948 2607 1138 2672 deficerent
1164 2606 1356 2685 auditoreS,

76 2700 179 2766 sed
221 2712 288 2776 hoc
317 2713 455 2776 ascribo
483 2711 495 2743 ⁸
523 2715 720 2778 curiositati
750 2714 970 2793 auditorum,
1006 2715 1131 2793 quibus
1161 2731 1254 2776 noua
1284 2715 1356 2793 pla-

75 2806 219 2897 ee11t,
235 2835 317 2882 curn
331 2820 464 2883 caeteri
478 2821 750 2884 concionatores
765 2822 834 2884 sint
850 2823 955 2900 longe
970 2821 1071 2883 nobis
1083 2821 1271 2896 doctiores,
1286 2821 1357 2881 elo-

77 2913 332 2989 ‘luentiores
347 2935 381 2989 et
401 2927 517 3006 magis
536 2928 732 2992 exercitati.
760 2928 896 2991 Verum
921 2927 1004 3007 quid
1029 2927 1137 2991 refert
1158 2928 1241 2990 dum
1262 2928 1357 2989 omni

77 3019 233 3129 ¹¹}0d0
247 3032 324 3095 siue
340 3050 403 3113 per
417 3034 643 3097 occasionem
657 3035 733 3098 siue
747 3053 811 3115 per
828 3036 1016 3099 veritatem
1040 3034 1202 3098 Christus
1225 3051 1357 3096 annun·

77 3125 256 3202 cletus?
280 3137 365 3203 Inde
391 3139 486 3203 enim
510 3140 663 3221 aliquem
687 3141 842 3204 fructum
869 3142 1035 3220 colligere
1058 3140 1156 3203 nouit
1172 3138 1357 3216 Dominus,

78 3231 223 3309 quod
235 3245 294 3309 hic
317 3263 459 3327 quoque
484 3247 646 3312 vidimus.
678 3247 718 3311 In
743 3248 897 3329 quadam
917 3249 1088 3311 concione
1114 3248 1165 3310 sie
1192 3247 1360 3310 commoti

75 3337 210 3412 Sunt
224 3351 402 3433 quidama
416 3355 524 3434 longo
538 3363 698 3435 tempore
713 3355 749 3418 in
765 3355 908 3435 capitali
924 3349 1004 3418 odio
1021 3355 1194 3431 viuenteS,
1207 3363 1246 3417 vt
1262 3361 1360 3417 aute·

75 3445 237 3522 <luam
250 3457 331 3523 inde
346 3459 563 3538 recederent,
588 3461 649 3540 qui
669 3461 856 3539 offensum
878 3460 1065 3524 offendisse
1081 3461 1277 3538 uidebatur,
1299 3460 1362 3522 mi·

72 3549 217 3626 serit
230 3563 275 3628 ad
290 3563 467 3629 offensum
484 3566 671 3646 quemdam
683 3585 747 3632 suo
760 3568 914 3645 nomine,
923 3572 1100 3647 petentem
1112 3567 1253 3629 ventam
1270 3567 1280 3597 ¹
1294 3566 1362 3630 sibi

71 3657 325 3736 condonari
337 3671 520 3737 offensam.
536 3673 630 3752 Mox,
641 3674 702 3754 qui
713 3675 879 3738 iniuriam
892 3684 1086 3754 receperat,
1100 3683 1247 3754 peracta
1259 3674 1363 3737 nobis

70 3763 364 3858 confessione,
380 3780 433 3843 sic
448 3779 480 3842 ei
495 3781 724 3861 condonauit,
739 3790 776 3843 vt
788 3781 886 3862 prior
897 3780 942 3842 ab
955 3779 1154 3845 offendente
1167 3792 1287 3861 petere
1302 3780 1364 3842 de-

69 3870 284 3949 creuerit
303 3885 460 3950 ueniam.

159 3979 535 4058 Praemonueramus
550 3995 664 4059 obiter
680 3996 716 4058 in
739 3995 908 4058 concione
923 3994 1024 4058 breui
1040 3993 1242 4056 adfuturum
1258 3992 1361 4071 diem,

71 4117 355 4161 K.

135 4213 154 4246 ¹
217 4218 290 4275 luc.
302 4229 439 4278 Peliacus.

116 4281 149 4379 δ’
205 4289 360 4347 &marra
374 4302 412 4349 tu.

120 4418 143 4452 ⁴
193 4356 286 4421 ¹²²¹lus
297 4374 418 4420 civitatis
428 4378 490 4421 viri.
500 4376 541 4422 ld.

114 4487 136 4519 ι
199 4431 387 4490 securiorem.
398 4446 435 4492 ld.

110 4556 130 4588 κ
195 4510 295 4558 *Νι
307 4517 345 4561 ld.

186 4569 263 4627 ¹²00
269 4587 344 4641 sorte
354 4591 544 4635 ascribendum
556 4592 634 4633 esset.
646 4589 684 4632 ld.

181 4650 261 4695 ⁹¹11
267 4661 381 4711 peteret.
393 4660 431 4706 ld.

252 4740 296 4803 Τ.
311 4765 346 4808 tn

106 4624 126 4657 Ἰ
