3210 5392
574 419 638 477 An.
661 418 730 477 lum
1209 413 1264 481 535

91 583 304 630 communem
321 567 517 629 animarum
538 568 688 627 salutem
710 562 941 644 procurandi,
958 562 1117 640 negociis
1132 562 1182 624 ita
1204 579 1261 625 oc·

91 688 214 751 pamur,
232 687 282 747 ut,
299 674 478 752 aspirante
495 671 584 749 Deo,
601 672 729 751 aliquis
744 671 825 733 inde
840 670 975 732 fructus
990 684 1130 748 semper
1145 678 1261 731 exeat.

98 779 147 843 Ex
161 789 362 844 nostrorum
377 780 674 842 scholasticorum
692 796 838 842 numero
859 777 879 838 2
896 786 957 840 aut
976 776 996 838 3
1017 777 1261 839 adolescentes

104 887 179 950 huic
199 899 344 950 nostrae
362 886 530 949 Societati
553 887 623 949 iam
644 887 824 948 uoluntate
850 895 957 965 atque
981 884 1099 946 animo
1121 882 1263 945 addixe-

91 1003 128 1068 1t,
147 1013 184 1056 re
199 1004 317 1056 autem
337 993 413 1072 ipsa
434 992 621 1071 addicturi,
643 993 673 1054 si
688 1009 751 1072 per
766 991 805 1055 T.
830 971 873 1054 R?
894 989 932 1052 Ρ.
953 990 1102 1053 licuerit.
1130 989 1263 1053 Horum

92 1109 149 1162 ate
163 1098 351 1180 grandior,
370 1100 511 1162 natione
528 1100 718 1179 hispanuS,
736 1097 842 1161 nobili
857 1113 990 1177 genere
1005 1107 1119 1174 ortuS,
1142 1095 1187 1158 ad
1202 1092 1263 1159 So·

91 1207 171 1269 tatis
186 1206 385 1269 institutum
400 1206 503 1269 ualde
522 1217 576 1269 est
595 1205 794 1286 appositus;
817 1204 881 1268 sed
901 1206 969 1267 hoc
988 1203 1065 1266 eius
1087 1203 1262 1266 desiderio

91 1314 187 1391 :nit0,
204 1324 371 1393 parentes
386 1323 419 1375 et
436 1314 640 1390 lamiliareS,
655 1323 728 1375 tum
741 1310 945 1392 lachrymis
959 1320 1034 1374 tum
1045 1310 1265 1389 pollicitatio·

91 1435 148 1497 uS,
164 1419 302 1482 iuuenis
317 1420 473 1482 animum
489 1439 509 1482 a
527 1420 706 1500 proposito
722 1419 863 1481 student
879 1433 1049 1481 auocare:
1066 1416 1199 1479 frustra
1215 1427 1264 1479 ta·

91 1543 128 1603 n,
146 1527 287 1591 Christo
302 1528 432 1607 gratia,
449 1528 484 1591 id
500 1536 686 1590 conantur.
699 1525 759 1589 llle
770 1525 875 1603 enim,
889 1524 1089 1589 huiusmodi
1101 1541 1196 1587 uana
1207 1540 1264 1586 ne·

91 1648 187 1713 :ens
204 1633 272 1697 Dei
287 1634 511 1697 instinctibus
528 1634 748 1711 auscultanS,
769 1632 868 1695 breui
890 1632 982 1695 inter
1000 1648 1065 1694 nos
1084 1630 1180 1710 cupit
1201 1629 1261 1695 ad-

91 1741 125 1802 ti
148 1740 168 1799 ¹.

90 1844 150 1910 Ex
165 1850 283 1912 multis
298 1866 402 1924 uero,
420 1848 479 1928 qui
500 1848 535 1910 in
553 1857 676 1910 nostro
698 1848 828 1926 templo
851 1846 1003 1909 confessi
1024 1854 1118 1919 sunt,
1140 1843 1266 1906 mulier

90 1956 221 2034 edam,
239 1956 294 2019 cui
312 1967 392 2017 ante
408 1955 517 2018 moris
532 1971 603 2016 non
618 1963 695 2016 erat
709 1953 842 2017 nostris
856 1951 1099 2016 sacerdotibus
1110 1968 1176 2014 sua
1187 1967 1266 2031 pec·

90 2073 112 2119 a
133 2062 321 2140 denudare,
338 2062 397 2125 ubi
411 2078 535 2124 eorum
550 2061 609 2123 uni
624 2070 774 2141 peccata
789 2059 1041 2136 recensuisset,
1059 2068 1157 2121 tanto
1173 2074 1267 2121 com·

90 2168 237 2230 .etionis
256 2168 377 2231 dolore
396 2167 523 2231 affecta
545 2166 625 2244 fuit,
650 2178 686 2229 ut
712 2167 846 2230 diceret
872 2183 952 2229 eum
975 2183 1064 2229 saxo
1083 2163 1264 2228 duriorem

90 2287 109 2330 ὲ
131 2286 309 2354 oportere,
327 2275 385 2355 qui
405 2275 499 2354 apud
514 2292 580 2338 nos
598 2274 783 2337 confessus
803 2273 850 2336 ad
869 2273 1017 2336 meliora
1036 2289 1108 2335 non
1122 2289 1266 2336 reuoca·

90 2394 148 2444 ιτ.
169 2381 367 2444 Nonnullae
390 2382 508 2459 etiam,
532 2379 584 2443 ad.
600 2381 742 2461 nuptias
761 2379 916 2443 nondum
931 2388 1142 2459 prouectae,
1164 2396 1184 2442 a
1206 2395 1266 2443 no·

90 2499 121 2546 s
145 2487 307 2552 Patribus
324 2504 532 2568 persuasae,
555 2497 687 2551 statum
704 2486 946 2568 perfectionis,
968 2485 1109 2551 Christo
1130 2503 1197 2549 sua
1218 2486 1267 2552 di·

93 2599 159 2657 tes
183 2594 293 2658 corda
318 2611 560 2675 corporaque,
587 2594 800 2673 suscipiunt;
828 2593 920 2656 inter
945 2610 1034 2673 quas
1060 2601 1112 2656 est
1140 2591 1267 2656 nobilis

90 2700 212 2765 ¹edam
234 2701 325 2764 Duci
346 2702 584 2780 ¹cognatione
605 2701 812 2774 coniuncta,
828 2717 920 2780 quae
943 2700 1131 2780 plurimum
1152 2699 1267 2781 prose·

96 2804 218 2871 inuia
244 2807 387 2871 Domini
413 2818 601 2888 postquam
620 2807 665 2870 ad
685 2816 828 2870 nostros
847 2807 964 2886 coepit
989 2804 1160 2870 confiteri.
1186 2806 1265 2870 Hac

90 2923 117 2972 ι
132 2916 266 2978 ratione
282 2915 450 2977 meretrix
464 2914 657 2994 quaedam,
673 2914 877 2993 generalem
896 2912 1155 2977 confessionem
1168 2913 1264 2976 exhi·

90 3036 128 3082 .s
147 3035 251 3101 atque
277 3021 516 3101 iniquissimae
542 3021 636 3083 uitae
658 3020 870 3096 ualedicenS,
892 3017 934 3082 R.
958 3017 995 3082 P.
1013 3019 1125 3082 nostri
1150 3017 1265 3083 Ludo·

89 3119 109 3186 ἰ
136 3126 145 3156 ³
169 3128 312 3190 hortatu
333 3137 366 3190 et
393 3145 501 3207 opera
523 3128 559 3190 in
583 3127 845 3190 Conuersarum
868 3142 1052 3190 numerum
1070 3124 1264 3205 adscripta,

90 3233 132 3295 »d
150 3236 323 3314 reliquum
344 3234 438 3297 uitae
458 3235 660 3313 salubriter,
685 3246 720 3297 ut
740 3250 936 3312 speramus,
953 3232 1141 3312 transiget.

90 3332 194 3405 Idem
209 3340 315 3404 Pater
330 3341 454 3404 diebus
469 3341 654 3404 dominicis
674 3352 708 3404 et
727 3341 827 3404 lestis
846 3341 1024 3405 canticum
1044 3339 1175 3403 Beatae
1194 3338 1265 3403 Ma-

89 3461 117 3508 e
130 3447 291 3527 Virginis
307 3448 569 3527 interpretatur.

90 3547 294 3617 Praeterita
310 3554 584 3633 quadragesima
607 3571 687 3616 cum
709 3554 853 3634 quidam
867 3554 988 3618 habitu
1008 3553 1176 3633 religioso
1197 3552 1267 3616 sra-

111 3661 306 3724 catholicae
321 3661 400 3724 fidei
416 3662 595 3724 contraria
610 3661 778 3739 dogmata
793 3661 1000 3726 concionari
1015 3661 1207 3736 uideretur,
1221 3646 1266 3722 ab

89 3763 162 3832 iem
178 3768 284 3831 Patre
299 3769 451 3848 primum
466 3769 710 3847 commonitus
727 3768 853 3832 deinde
868 3769 914 3832 ad
929 3768 1089 3832 coenobii
1107 3767 1266 3831 Priorem

89 3887 187 3953 latus,
204 3885 285 3954 post
299 3876 505 3939 concionem
520 3877 564 3938 ad
580 3877 747 3956 populum
763 3876 886 3953 literiS,
903 3893 993 3956 quae
1005 3875 1156 3939 obscura
1169 3872 1266 3935 dixe·

89 3995 110 4058 t,
125 3982 312 4061 illustrare,
329 4000 419 4063 quae
434 3982 524 4045 salsa
539 3993 737 4057 recantare,
754 3994 899 4046 coactus
913 3981 989 4045 suit.

102 4086 280 4169 Superiori
296 4090 352 4151 die
367 4089 520 4169 quodam
535 4091 571 4151 in
586 4090 664 4152 loco
680 4107 761 4152 cum
776 4106 866 4151 unus
886 4105 931 4151 ex
950 4088 1082 4151 nostris
1101 4086 1266 4150 Patribus

89 4195 209 4259 trimos
220 4196 353 4260 lusoria
365 4197 489 4259 charta
504 4196 721 4258 colludentes
731 4194 944 4274 offendisset,
957 4194 1077 4258 habita
1093 4192 1266 4256 concione

89 4391 253 4401 ———-

89 4507 93 4538 ¹
121 4507 323 4562 christophorus
333 4507 634 4557 TrnssilluslTrnxilloil.
646 4507 779 4551 Ponaucus
789 4508 815 4551 lu
829 4507 962 4562 chronico,
973 4514 993 4550 t.
1007 4517 1024 4547 v

88 4578 95 4610 ¹
122 4579 416 4624 cosmaeldeMedlcls.

89 4649 96 4682 Ι
121 4650 246 4695 Ludovlcl
257 4651 288 4694 de
299 4650 436 4707 Coudreto,
450 4653 575 4696 Rectotis.
