3210 5392
176 450 233 508 Pal
565 449 738 509 erreaan
757 464 1029 518 ouanatuusrans

182 605 278 658 ctum
292 605 555 657 sacramentum
571 594 762 675 excipiunt.
786 595 871 658 Eius
896 593 1086 658 Societatis
1109 573 1283 674 praetecti
1297 592 1418 674 pueris

183 701 386 763 necessaria
402 700 638 781 suppeditant,
665 702 759 782 quod
781 700 825 763 ad
846 719 975 782 corpus
991 701 1126 764 attinet.
1143 698 1282 779 Quibus
1297 717 1420 779 regen·

183 806 238 869 dis
253 805 426 885 praefecit
440 805 486 869 D.
503 791 702 871 Cardinalis
714 806 901 887 quemdam
913 807 1145 886 sacerdotem,
1157 815 1417 887 curaturusque

184 923 238 976 est
255 923 294 977 vt
310 930 331 975 a
346 913 541 977 Visitatore
557 913 746 978 Ordinatio
762 914 952 994 quotannis
977 915 1187 978 inuisantur.
1213 913 1269 978 Ita
1283 912 1418 977 lactum

183 1030 237 1082 est
254 1030 293 1083 vt
307 1031 342 1083 et
357 1037 548 1101 puerorum
564 1021 690 1084 domus
705 1030 739 1084 et
749 1020 911 1085 Societas
925 1020 1118 1085 Charitatis
1137 1021 1225 1084 bene
1248 1021 1420 1084 constitu·

188 1137 245 1190 tae
261 1125 405 1190 suerint.

245 1232 431 1314 Praecepit
449 1233 494 1297 D.
512 1234 712 1298 Cardinalis
727 1233 845 1298 Fratri
859 1233 1042 1298 Ludouico
1062 1233 1289 1313 Granatensi,
1307 1234 1370 1315 qui
1383 1250 1423 1297 se

185 1340 410 1419 sequebatur,
424 1350 463 1402 vt
474 1340 613 1420 publice
625 1341 889 1404 commendaret
900 1340 1112 1405 Societatem
1123 1341 1421 1422 suprascriptam,

184 1445 456 1526 praeseferens
472 1465 551 1511 eam
572 1464 647 1511 rem
668 1447 777 1511 luisse
794 1448 1036 1527 gratissimam
1056 1448 1134 1511 sibi.
1158 1446 1298 1527 Quibus
1314 1448 1423 1511 rebus

187 1552 413 1617 vehementer
429 1556 607 1617 excultum
623 1554 915 1635 aedificatumque
930 1563 983 1617 est
997 1554 1175 1635 oppidum.
1192 1552 1346 1618 Curauit
1361 1555 1422 1618 ibi·

188 1658 391 1723 demetiam
416 1659 454 1723 P.
482 1658 623 1742 M[iron]
640 1662 737 1725 iussu
753 1661 796 1724 D.
814 1660 1024 1740 Cardinalis,
1046 1670 1085 1724 vt
1099 1661 1256 1725 redirent
1276 1662 1422 1743 quidam

186 1759 408 1845 ingratiam.

246 1872 312 1936 His
333 1874 383 1937 ita
402 1876 620 1954 constitutis,
636 1876 762 1939 subitis
783 1876 979 1955 angoribus
997 1874 1200 1955 trigoreque
1220 1885 1423 1956 correptus

189 1978 226 2041 P.
243 1977 399 2061 M[iron]
424 1981 461 2044 in
484 1981 609 2045 febrim
630 1982 767 2062 incidit,
792 1982 887 2045 vnde
911 1982 1021 2046 iacuit
1040 1981 1217 2046 nonnullis
1241 1981 1369 2045 diebus
1386 1982 1423 2045 in

187 2087 280 2149 lecto
295 2087 332 2150 in
346 2087 579 2167 xenodochio,
597 2089 655 2151 vbi
670 2089 871 2152 diuersatus
885 2099 937 2153 est
953 2088 1120 2170 quamdiu
1135 2087 1183 2152 ibi
1198 2087 1280 2151 suit:
1302 2105 1423 2169 quem,

188 2210 271 2255 cum
286 2193 329 2256 D.
349 2192 547 2258 Cardinalis
568 2196 736 2259 inuiseret
749 2196 1026 2274 xenodochium,
1043 2195 1178 2259 inuenit
1196 2194 1375 2259 iacentem
1387 2196 1424 2259 in

190 2298 337 2379 lectulo,
355 2302 619 2382 collocutusque
644 2311 698 2365 est
713 2320 794 2365 cum
813 2320 866 2378 eo,
884 2319 989 2381 quem
1010 2300 1117 2364 credo
1139 2301 1248 2381 (quae
1271 2310 1327 2365 est
1349 2302 1426 2366 eius

192 2406 385 2485 singularis
410 2408 541 2486 virtus)
560 2408 790 2472 vehementer
816 2408 925 2472 luisse
950 2408 1190 2486 aedificatum,
1213 2407 1310 2490 quod
1333 2410 1425 2472 inter

194 2529 370 2593 pauperes
384 2515 527 2579 iaceret.

187 2630 195 2641 ·
253 2619 324 2683 Vbi
341 2622 495 2702 primum
509 2640 573 2702 per
587 2622 826 2687 valetudinem
847 2623 961 2698 licuit,
981 2622 1136 2686 Eboram
1154 2621 1338 2703 proiectus
1358 2631 1435 2699 est,

192 2743 296 2806 quern
311 2727 463 2791 necdum
476 2730 580 2809 plane
595 2729 841 2793 confirmatum
853 2730 1064 2793 inuenerunt
1078 2727 1203 2792 Patres
1215 2727 1332 2792 Roma
1346 2746 1425 2810 pro·

191 2831 287 2911 secti,
305 2834 351 2898 ad
365 2834 559 2899 Pretiosum
575 2836 749 2918 Joannem
764 2836 966 2917 profecturi.
981 2835 1181 2899 Inuiserunt
1195 2834 1239 2899 D.
1254 2835 1426 2899 Cardina-

193 2943 272 3020 lem,
295 2941 355 3022 qui
375 2944 536 3022 proxime
550 2953 699 3006 venerat
714 2962 735 3006 a
750 2944 927 3007 uisitando
948 2958 1075 3022 grege,
1097 2959 1248 3022 quorum
1270 2941 1432 3006 aduentu

194 3048 384 3127 plurimum
404 3050 440 3111 in
462 3049 615 3113 Domino
636 3051 783 3128 gauisus
801 3060 866 3113 est.
890 3049 941 3112 Eo
961 3051 1133 3124 salutato,
1149 3048 1218 3112 huc
1240 3058 1326 3112 sunt
1349 3066 1429 3129 pro-

196 3153 292 3234 fecti,
306 3173 396 3235 quos
410 3174 480 3220 non
496 3165 549 3219 est
564 3157 753 3219 comitatus
764 3157 802 3220 P.
815 3155 1062 3235 Prouincialis,
1075 3166 1149 3219 turn
1164 3164 1311 3235 propter
1321 3156 1432 3219 etiam

196 3271 279 3324 tunc
302 3279 449 3341 aegram
464 3263 718 3342 ualetudinem,
742 3272 817 3326 tum
841 3273 987 3342 propter
1008 3262 1343 3341 commigrationem
1361 3261 1429 3325 ira·

196 3378 290 3431 trum
306 3368 341 3431 iu
366 3387 498 3432 nouum
513 3368 709 3449 Collegium
725 3369 745 3449 ¹,
764 3371 821 3433 cui
836 3380 920 3433 tunc
943 3369 1066 3432 vltima
1081 3386 1207 3432 manus
1222 3368 1428 3449 imponeba-

197 3484 264 3536 tur.
283 3473 431 3554 Scripsit
451 3475 568 3539 adme
587 3487 624 3539 ut
646 3477 751 3540 simul
766 3493 847 3539 cum
865 3476 933 3539 illis
949 3476 1085 3538 adirem
1101 3475 1146 3537 ad
1160 3474 1316 3556 Regem:
1332 3476 1430 3539 sacta

125 3649 130 3661 ¹
197 3591 251 3643 est
269 3580 406 3660 Regina
432 3582 562 3645 certior
582 3581 626 3645 de
647 3600 769 3646 eorum
793 3583 963 3646 aduentu:
985 3580 1167 3663 respondit
1189 3598 1227 3644 se
1249 3581 1432 3646 facturam

198 3686 332 3766 Regem
340 3688 527 3751 certiorem
539 3690 798 3770 missurumque
810 3689 855 3752 ad
867 3706 927 3752 eos
936 3689 1108 3765 nuntium,
1121 3704 1203 3751 cum
1213 3705 1278 3768 per
1288 3696 1432 3769 tempus

198 3795 321 3858 liceret
334 3793 468 3874 Regem
483 3797 624 3876 alloqui.
641 3795 815 3859 Postridie
829 3796 905 3859 eius
920 3794 989 3857 diei
1004 3794 1192 3858 conuocati
1207 3810 1342 3857 sumus:
1360 3797 1428 3857 col·

199 3902 335 3981 loquuti
366 3912 447 3966 sunt
474 3902 598 3966 Patres
628 3920 708 3966 cum
734 3903 847 3981 Rege,
876 3919 966 3983 quos
991 3901 1244 3982 benignissime
1269 3903 1428 3983 excepit,

200 4024 243 4070 ea
258 4020 353 4071 certe
368 4009 631 4086 benouolentia,
649 4026 718 4090 qua
738 4026 796 4072 res
811 4007 1000 4072 Societatis
1022 4010 1112 4072 solet
1126 4008 1339 4088 complecti,
1357 4017 1431 4071 tum

201 4116 355 4178 maxime
384 4133 453 4196 qua
479 4115 522 4178 de
548 4116 675 4194 agitur.
702 4115 839 4178 Deinde
863 4115 1060 4179 inuiserunt
1085 4114 1122 4178 P.
1145 4113 1371 4179 Carnerius¹
1397 4123 1437 4177 et

202 4221 366 4286 Andreas
381 4220 392 4251 ³
410 4222 626 4302 Episcopum
647 4220 954 4300 Portalegrensem
969 4218 991 4301 ⁴,
1009 4222 1270 4302 redeuntesque
1285 4220 1436 4285 domum

245 4466 252 4497 ¹
282 4462 424 4507 Eborense.

244 4535 255 4567 ¹
282 4535 310 4579 P.
321 4534 445 4579 Melchior
456 4535 591 4580 Carneiro.

244 4609 255 4637 't
283 4607 310 4652 P.
322 4607 601 4651 AndreasdeOvtcdo.

242 4683 254 4712 ⁴
282 4679 411 4733 Julianum
422 4679 453 4721 de
464 4680 542 4722 ΑΜ.
