3210 5392
634 435 699 494 Au.
721 436 792 494 1555
1282 433 1338 492 505

79 599 259 661 magnae
280 580 517 645 consolationi
542 593 617 644 turn
641 581 858 661 parentibus
886 590 960 643 tum
986 580 1054 642 illis
1080 580 1254 654 omnibus
1277 579 1337 658 qui

87 688 240 751 factum
254 704 458 768 percepere.

174 794 371 858 Canonicus
386 794 600 858 Franciscus
615 794 754 873 Turris,
772 793 814 857 de
830 812 899 874 quo
914 794 1003 856 alias
1019 794 1064 857 ad
1082 792 1196 855 Tuam
1217 790 1338 854 Pater·

98 900 252 964 nitatem
266 901 405 981 scripsi,
420 901 565 982 praebet
577 919 647 965 non
658 902 873 965 mediocrem
884 899 1166 964 aedificationem
1178 908 1211 961 et
1224 899 1260 962 in
1273 915 1338 961 sua

100 1008 268 1085 ecclesia,
286 1017 320 1070 et
335 1008 498 1071 omnibus
514 1008 612 1085 locis
634 1008 812 1087 inquibus
832 1018 1006 1070 uersatur.
1024 1005 1197 1069 Dominus
1221 1016 1339 1068 autem

103 1111 166 1174 illi
183 1116 326 1194 adauget
349 1115 564 1179 desiderium
583 1113 797 1179 Societatem
817 1114 1051 1194 ingrediendi;
1077 1112 1265 1193 impeditus
1288 1121 1338 1175 ta·

104 1234 196 1282 men
207 1221 412 1301 quibusdam
424 1223 588 1301 negotiis
600 1222 635 1284 id
647 1222 684 1284 in
694 1223 975 1301 praesentiarum
984 1232 1167 1300 praestare
1179 1237 1250 1282 non
1262 1229 1338 1299 pot·

103 1334 183 1387 est.
197 1328 239 1391 At
251 1345 338 1392 vero
353 1329 389 1391 in
404 1330 544 1393 ratione
559 1328 700 1392 uiuendi
713 1327 900 1392 Societatis
915 1328 1055 1407 quidem
1072 1336 1135 1389 est.

174 1430 342 1499 Dominus
358 1447 478 1499 autem
493 1435 794 1515 Archiepiscopus
809 1451 920 1513 vsque
941 1435 1029 1496 adeo
1046 1433 1134 1496 bene
1157 1433 1200 1496 de
1223 1431 1340 1495 Socie-

102 1543 188 1600 tate
198 1543 309 1621 sentit,
323 1552 363 1604 vt
375 1543 434 1605 vel
447 1542 531 1605 mihi
542 1541 684 1604 iusserit
696 1540 818 1604 audire
831 1539 1089 1603 confessionem
1103 1541 1339 1603 auricularem

99 1649 343 1717 quarumdam
358 1650 566 1713 monialium
578 1649 646 1712 sibi
657 1648 890 1711 subditarum.
905 1647 996 1725 Quia
1008 1666 1095 1709 vero
1110 1647 1253 1726 percepi
1267 1664 1338 1708 non

98 1761 235 1821 Parum
245 1757 499 1820 consolationis
511 1757 699 1819 allaturum
709 1755 952 1820 Dominationi
964 1772 1061 1829 suae,
1075 1755 1105 1816 si
1117 1772 1179 1816 eas
1190 1752 1339 1816 Sorores

95 1863 297 1943 Vtcumque
306 1864 921 1943 consolaremur,proptereatradidi
930 1863 1340 1941 exercitiaquatuormo·

90 1958 266 2033 niarium.
282 1970 332 2034 At
347 1969 544 2048 Praefecta,
566 1971 855 2034 animadvertens
870 1971 1033 2044 fructum,
1051 1969 1109 2049 qui
1124 1968 1204 2031 inde
1219 1984 1341 2047 seque·

88 2074 218 2155 Γθϊυτ,
237 2089 335 2158 optat
351 2088 389 2140 vt
406 2095 529 2141 omnes
545 2078 707 2141 subditae
719 2078 888 2140 exercitia
900 2076 1045 2153 faciant,
1062 2093 1104 2138 ea
1119 2085 1237 2138 tamen
1248 2075 1340 2152 lege,

84 2177 135 2231 vt
154 2177 240 2258 ipsa
255 2185 450 2265 praecedat
462 2202 597 2263 omnes;
611 2186 689 2265 ipsa
702 2203 787 2248 vero
800 2184 970 2263 efflagitat
984 2202 1004 2246 a
1017 2182 1168 2245 Domino
1180 2181 1340 2260 frequen·

79 2278 151 2339 ter
170 2287 342 2371 dignetur
359 2292 498 2354 mittere
515 2291 584 2354 huc
597 2293 727 2354 multos
742 2291 877 2355 Patres:
894 2308 984 2370 quae
1001 2289 1142 2369 quidem
1163 2288 1214 2367 (vt
1230 2289 1341 2361 aiunt)

75 2394 150 2448 est
170 2411 309 2478 magna
324 2398 392 2460 Dei
408 2399 549 2476 ancilla,
565 2408 599 2460 et
614 2409 668 2462 est
683 2415 784 2462 soror
799 2398 999 2462 Cardinalis
1010 2396 1154 2459 Domini
1167 2394 1342 2474 Gasparis

72 2483 134 2551 <le
152 2498 313 2584 AualoS,
330 2505 509 2585 quondam
524 2504 795 2585 Archiepiscopi
812 2504 916 2567 huius
932 2504 1098 2567 ciuitatis.

156 2602 305 2675 Nouem
321 2622 381 2675 aut
397 2612 520 2675 decem
530 2611 664 2692 petiere
677 2613 713 2674 in
724 2611 937 2675 Societatem
950 2610 1096 2684 admitti;
1115 2609 1253 2672 illorum
1270 2619 1342 2671 tres

72 2708 273 2794 sacrifici,
291 2721 473 2782 scholares
489 2720 655 2800 quinque,
671 2719 751 2782 laici
768 2719 848 2781 duo.
866 2718 1080 2781 Detinentur
1095 2715 1210 2793 m0d0,
1229 2716 1342 2779 donec

73 2807 199 2884 adsit
218 2825 371 2889 facultas
386 2826 580 2906 recipiendi
595 2842 668 2888 eos.
690 2825 764 2889 Alii
777 2826 884 2888 etiam
907 2834 1004 2899 sunt,
1021 2833 1056 2886 et
1072 2823 1167 2886 docti
1186 2823 1340 2901 quidem,

71 2918 154 2985 qui
169 2933 329 3014 cupiunt
341 2931 531 2996 Societatis
543 2949 633 2995 esse:
646 2934 910 3012 praestolantur
922 2942 1041 2994 tamen
1054 2946 1214 2993 murmur
1226 2929 1342 3006 magis

71 3023 282 3103 ⁸⁰110rum
308 3055 415 3119 quam
440 3040 625 3119 hucusque
651 3040 845 3103 excitatum
871 3049 934 3101 est.
967 3036 1215 3100 Confessiones
1243 3034 1342 3098 fuere

69 3129 239 3209 multae
256 3156 291 3209 et
311 3147 541 3225 collegarum,
563 3156 598 3208 et
618 3145 849 3223 scholarium,
872 3155 905 3208 et
926 3155 1181 3219 mercatorum,
1199 3152 1233 3205 et
1248 3142 1342 3204 iuue-

68 3235 210 3329 num,
238 3255 300 3334 qui
324 3253 553 3333 frequentant
568 3263 805 3316 sacramenta.
831 3252 881 3315 At
905 3268 1073 3314 numerus
1099 3249 1343 3313 confitentium

66 3340 252 3451 cfeScit,
269 3360 438 3440 quoniam
453 3359 558 3423 Pater
573 3359 673 3437 Ruiz,
691 3359 830 3440 Hispali
844 3359 973 3421 missus
988 3357 1068 3435 huc,
1082 3374 1138 3419 me
1150 3356 1185 3419 in
1197 3356 1339 3419 audieu-
1369 3367 1379 3393 t

63 3432 144 3508 ‘¹¹⁸
172 3467 471 3531 confessionibus
486 3468 596 3529 iuuat.

147 3558 248 3638 Non
263 3576 347 3638 licet
362 3575 501 3636 silentio
517 3575 712 3653 praeterire
728 3573 940 3636 charitatem
955 3573 1058 3635 simul
1079 3583 1113 3635 et
1133 3571 1344 3635 consolatio·

56 3659 198 3756 nem,
219 3700 291 3762 qua
306 3680 408 3744 ΚΜ
425 3680 520 3744 D.nus
539 3680 842 3760 Archiepiscopus
862 3695 985 3742 omnes
1004 3679 1109 3742 huius
1125 3680 1280 3742 ciuitatis
1294 3679 1345 3740 vi-

54 3762 146 3829 r⁰S
159 3788 287 3852 afficit
295 3788 451 3869 quadam
463 3788 614 3851 lectione
622 3786 706 3850 Divi
717 3787 869 3851 Pauliad
878 3785 1072 3862 Hebraeos,
1084 3802 1190 3865 quam
1202 3785 1344 3864 quidem

85 3878 223 3974 octe,
241 3897 339 3959 clare
354 3906 389 3957 et
405 3895 560 3975 proficue
575 3894 715 3974 publice
730 3896 999 3974 interpretatur;
1018 3894 1063 3955 ad
1078 3910 1186 3972 quam
1201 3902 1343 3972 praesto

44 3970 132 4038 est
158 4008 312 4083 magna
328 4002 510 4065 hominum
522 4001 692 4081 cuiusque
703 4002 777 4065 fere
789 4010 901 4065 status
914 4000 1122 4080 frequentia.
1137 3999 1198 4061 Est
1211 4015 1343 4077 magna

46 4076 272 4190 pf0fect0
287 4109 393 4172 huius
417 4107 571 4172 Praelati
592 4108 783 4172 humilitas
806 4107 981 4170 Dominus
1004 4116 1191 4169 conseruet
1207 4122 1288 4168 eum
1309 4113 1344 4167 et

46 4181 267 4281 v¹¹³ificet
282 4233 381 4295 eum,
398 4224 466 4278 etc.

143 4305 248 4388 Hoc
264 4323 415 4403 denique
437 4335 503 4401 est,
526 4322 632 4386 Pater
646 4323 706 4402 mi,
728 4324 822 4403 quod
841 4323 884 4385 de
904 4323 971 4385 hoe
991 4320 1240 4401 quadrimestri
1262 4331 1344 4382 tuae

89 4412 320 4495 aternitati
336 4431 418 4493 hinc
438 4430 664 4493 scribendum
684 4446 762 4493 sese
784 4429 896 4492 offert.
921 4427 1089 4508 Superest
1112 4445 1205 4490 nuuc
1225 4437 1345 4490 etate

52 4498 322 4617 effiagitare,
340 4548 375 4601 et
390 4554 411 4599 a
426 4536 590 4600 Patribus
607 4547 640 4600 et
656 4537 824 4600 fratribus
840 4537 1059 4600 charissimis
1073 4535 1175 4598 isthic
1188 4535 1345 4614 degenti·

90 4623 189 4712 ¹¹⁸,
224 4664 290 4708 nos
317 4645 427 4708 velint
453 4643 529 4707 Deo
557 4646 685 4707 obnixe
711 4645 975 4720 commendare,
1002 4660 1152 4722 quorum
1179 4642 1346 4722 precibus
