3240 5386
188 421 243 478 275
573 421 745 481 Ltrraanss
764 438 1033 492 onnonmasraus

193 567 327 630 audiuit
352 565 372 644 ¹)
394 567 590 647 perlectum
614 569 857 649 dotatumque‚
884 580 990 647 prout
1013 568 1080 631 hoc
1108 578 1267 649 tempore
1293 569 1390 649 potui

191 691 271 738 cum
293 675 363 738 iam
384 683 492 753 esset,
514 675 633 738 multis
653 674 694 738 R.
717 674 753 739 P.
782 674 1008 756 Praepositus
1027 675 1285 740 sollicitabatur
1307 676 1390 738 liter

190 788 224 843 et
245 781 420 861 precibus,
441 791 479 845 ut
497 783 556 863 qui
576 781 737 845 mittendi
756 793 874 861 erant,
899 799 1005 863 quam
1029 781 1197 845 citissime
1216 781 1390 863 proficiso

190 896 324 951 rentur.
341 887 443 967 Quod
458 904 538 951 cum
554 906 640 969 prae
661 888 780 968 inopia
801 888 1045 967 operariorum
1064 897 1248 969 praestare
1269 889 1329 951 ille
1350 907 1390 952 nr

188 1003 320 1075 posset,
337 995 461 1059 obtulit
476 995 595 1059 diuina
607 995 830 1075 prouidentia
845 995 1072 1059 occasionem
1092 1007 1130 1059 ut
1145 994 1283 1058 ciuitati
1299 1006 1390 1059 tam<

189 1102 438 1166 honestissime
460 1101 657 1165 satisfieret.
681 1102 789 1165 Hisce
811 1102 904 1165 enim
925 1102 1025 1165 iestis
1045 1102 1214 1165 natalitiis
1229 1101 1368 1165 missus
1388 1124 1390 1163 t

188 1227 268 1272 eam
284 1208 407 1272 urbem
422 1226 513 1272 unus
528 1227 573 1271 ex
588 1207 629 1271 R.
646 1208 684 1272 P.
701 1209 806 1271 huius
822 1207 971 1287 Collegii
985 1209 1032 1272 ad
1047 1208 1194 1272 Assueri
1208 1216 1230 1287 ⁸,
1248 1209 1311 1289 qui
1328 1210 1390 1272 altr

187 1326 241 1377 est
255 1313 423 1394 Protegis
441 1315 544 1390 filius,
565 1315 711 1396 eiusque
726 1315 762 1378 in
786 1332 829 1378 ea
850 1314 937 1378 vrbe
956 1314 1127 1393 uicarius,
1154 1314 1390 1378 confessione

188 1422 410 1500 audiendam,
428 1422 535 1485 etiarn
548 1422 827 1501 magistratibus
848 1440 869 1485 a
885 1421 1011 1501 quibus
1026 1421 1280 1485 humanissime
1296 1431 1354 1486 est
1367 1441 1389 1486 a

187 1536 322 1608 ceptuS,
340 1528 521 1609 professus
536 1536 589 1591 est
603 1546 645 1591 eo
660 1545 699 1590 se
714 1528 866 1606 uenisse,
884 1537 922 1591 ut
936 1526 1125 1592 Societatis
1136 1545 1246 1591 causa
1258 1527 1352 1591 nihil
1368 1547 1387 1592 e

186 1652 277 1712 rum,
294 1652 386 1714 quae
401 1636 576 1714 promissa
590 1633 742 1710 inerant,
760 1634 963 1698 defuturum
975 1634 1209 1714 polliceretur:
1225 1636 1358 1698 deesse
1374 1646 1387 1699 t

187 1759 267 1804 men
279 1741 395 1804 adhuc
407 1740 582 1821 quaedam
593 1741 628 1804 in
635 1740 806 1820 Collegio,
817 1757 908 1820 quae
918 1741 1104 1820 preparari
1118 1749 1200 1804 ante
1211 1749 1390 1806 nostroru

184 1849 266 1911 illuc
283 1848 473 1911 aduentum
488 1857 678 1928 oporteret.
696 1845 814 1926 Quare
830 1847 1154 1910 commodissimum
1167 1847 1332 1928 utrisque
1344 1849 1390 1912 foi

186 1954 300 2017 uisum
321 1965 385 2031 est,
407 1965 446 2017 ut
467 1954 619 2032 (tametsi
644 1953 715 2017 iam
739 1954 820 2016 inde
842 1971 863 2015 a
884 1950 1083 2033 Septembri
1103 1952 1237 2017 reditus
1257 1953 1294 2017 in
1316 1973 1388 2020 usu

186 2061 334 2141 Collegii
360 2061 585 2141 colligantur)
604 2069 748 2141 patrum
766 2071 885 2122 tamen
912 2059 1085 2122 aduentus
1108 2060 1144 2122 in
1172 2070 1345 2141 quartum
1366 2081 1388 2126 a

188 2169 270 2232 hinc
286 2186 443 2232 mensem
458 2167 670 2232 differretur.
687 2167 799 2246 Quam
816 2166 849 2228 in
875 2166 1085 2229 sententiam
1100 2166 1337 2231 libentissime
1355 2170 1390 2250 ip

189 2291 329 2355 quoque
344 2273 613 2337 descenderunt.

244 2380 344 2444 Haec
360 2390 452 2461 sunt,
469 2379 511 2443 R.
528 2379 579 2451 P..
597 2379 788 2460 quaemihi
805 2396 883 2441 sese
903 2379 1060 2442 obtulere
1075 2378 1276 2442 scribenda.
1294 2378 1389 2446 Pate

188 2487 309 2550 nitatis
324 2496 405 2550 tuae
417 2487 558 2550 interim
572 2487 639 2550 erit
655 2486 749 2566 apud
764 2484 880 2548 Deum
891 2501 1033 2565 rogare,
1049 2495 1087 2548 ut
1103 2485 1127 2548 ii
1142 2485 1254 2548 simus
1264 2489 1390 2565 posthr

186 2594 351 2675 operarii,
368 2605 406 2657 ut
425 2611 497 2657 non
519 2594 625 2657 modo
644 2602 747 2673 parta
766 2592 892 2655 messis
912 2608 984 2655 non
1004 2592 1199 2669 amittatur,
1223 2592 1288 2656 sed
1309 2595 1390 2658 etia

186 2710 417 2764 conseruetur
432 2709 466 2763 et
481 2708 652 2779 augescat
666 2699 702 2761 in
717 2698 883 2762 Domino.

245 2807 284 2870 In
300 2805 885 2888 Genar01555.—MenseJanuarii
903 2803 990 2868 1555.

792 3018 1013 3082 Fnanc1scus
1031 3016 1251 3083 Seuerianus.

246 3342 294 3403 In
316 3348 446 3420 ortaria
468 3340 610 3420 pagina
627 3340 711 3401 haec
735 3345 877 3401 tantum
896 3336 1072 3417 leguntur
1080 3339 1127 3409 .·†
1146 3336 1271 3400 Mess.¹¹
1285 3338 1390 3420 Janua

185 3449 238 3511 rio
256 3449 344 3513 1555.

183 3617 212 3624 .-
224 3618 325 3624 ———.

225 3725 232 3756 ¹
262 3725 328 3768 Vide
340 3735 427 3777 supra,
438 3734 497 3778 pag.
508 3723 542 3764 45,

224 3796 235 3828 ¹
262 3795 400 3850 Hispaniae
413 3794 504 3837 Sucro.
