3240 5386
711 420 774 477 An.
793 420 861 477 1555
1346 423 1401 482 495

157 564 338 626 collocata
353 574 406 626 est
421 565 515 643 apud
532 566 716 627 honestam
739 565 894 638 viduam,
922 575 1062 627 ceterae
1089 565 1158 628 alio
1185 568 1396 647 commigra-

157 679 254 732 runt.
273 670 340 732 Hic
356 687 448 732 nunc
464 673 578 750 pergit
594 671 797 749 frequenter
812 669 973 733 confiteri
989 682 1023 733 et
1040 671 1150 735 vitam
1162 688 1270 750 agere
1288 673 1396 737 hone·

157 785 266 838 stam.
284 775 414 839 Multae
426 794 563 856 quoque
576 778 737 857 integrae
752 777 917 854 familiae,
932 777 1088 840 eiusdem
1100 777 1214 841 Patris
1222 781 1385 844 concioni

157 899 224 945 nus
241 893 454 956 commotae,
469 883 688 963 frequentius
700 884 813 947 eidem
826 883 1047 962 confitentur,
1065 895 1099 946 et
1111 885 1156 948 ad
1169 887 1281 949 vitam
1296 888 1398 967 spiri·

157 989 296 1050 rualem
317 989 546 1052 vehementer
566 990 744 1052 anhelant.
768 988 872 1051 Pater
891 988 1094 1052 Anthonius
1116 989 1123 1020 ¹
1141 992 1280 1055 interim
1301 1001 1396 1056 totus

157 1105 211 1158 est
228 1096 265 1157 in
280 1094 464 1158 audiendis
478 1095 759 1158 confessionibus
771 1104 804 1158 et
817 1094 1004 1157 visitandis
1016 1095 1257 1176 hosptialibus
1267 1109 1301 1161 et
1315 1116 1397 1163 con·

157 1202 321 1264 solandis
333 1201 491 1279 infirmiS,
505 1213 579 1265 tum
591 1203 626 1264 in
638 1202 786 1281 priuatis
799 1200 972 1280 domibuS,
986 1212 1061 1265 tum
1072 1203 1179 1266 etiam
1190 1205 1227 1267 in
1239 1205 1394 1285 hospita·

157 1309 262 1386 libus,
286 1309 345 1370 vbi
367 1309 458 1371 inter
483 1319 645 1372 caeteros
664 1309 786 1371 italum
802 1307 990 1388 quemdam
1005 1310 1226 1373 sacerdotem
1241 1310 1388 1391 inuenit,

157 1415 216 1493 qui
231 1415 347 1476 tribus
363 1416 465 1478 annis
480 1416 532 1477 sic
549 1416 582 1477 in
599 1415 722 1477 militia
735 1415 847 1477 vitam
859 1426 993 1493 egerat,
1008 1425 1045 1478 vt
1058 1434 1101 1478 ne
1114 1417 1303 1496 vestigium
1317 1420 1390 1499 qui·

157 1522 240 1584 :lem
255 1523 447 1584 sacerdotii
464 1524 499 1585 in
516 1540 557 1584 eo
578 1532 783 1601 appareret:
807 1521 864 1583 hie
890 1521 1044 1599 tandem,
1071 1525 1231 1600 generali
1257 1525 1393 1588 confes-

157 1628 259 1689 sione
277 1638 433 1708 peracta,
451 1629 502 1690 sic
529 1628 749 1707 propositum
775 1626 936 1703 mutauit,
964 1637 1002 1688 vt
1028 1639 1217 1691 consecuta
1240 1632 1392 1694 sanitate

157 1735 317 1813 coeperit
330 1752 453 1813 preces
473 1735 636 1797 horarias
651 1736 769 1812 legere
792 1743 826 1796 et
847 1734 1069 1796 sacerdotem
1083 1751 1121 1796 se
1137 1737 1337 1816 ostendere,
1360 1750 1394 1801 et

157 1841 348 1919 pristinam
363 1842 474 1903 vitam
489 1840 683 1904 detestatus
695 1858 736 1902 eo
750 1840 868 1903 animo
880 1840 917 1902 in
929 1840 1083 1919 patriam
1098 1840 1212 1920 rediit,
1226 1853 1265 1905 vt
1278 1844 1390 1907 vitam

157 1947 277 2010 ordini
292 1964 358 2010 suo
374 1947 593 2010 conformem
607 1953 743 2024 agere·
760 1946 983 2009 commodius
997 1955 1129 2025 posset.

218 2054 395 2134 Occupati
406 2055 536 2118 luimus
547 2055 749 2135 frequenter
764 2070 844 2116 cum
860 2053 999 2115 officiali
1015 2054 1229 2132 tornacensi,
1247 2067 1393 2121 nostrae

157 2160 349 2224 Societatis
362 2172 519 2224 amatore
532 2172 566 2225 et
578 2171 843 2241 propugnatore
852 2169 1008 2236 strenu0,
1019 2160 1055 2221 in
1064 2160 1309 2226 examinandis
1321 2165 1392 2242 plu·

156 2268 256 2330 rimis
273 2268 414 2330 haeresi
428 2270 612 2347 suspectis.
630 2267 726 2330 Misit
741 2283 879 2347 quoque
901 2265 945 2329 ad
962 2283 1026 2328 nos
1047 2265 1273 2331 Gubernator
1288 2269 1392 2334 huius

157 2375 313 2437 ciuitatis
341 2372 352 2403 ³
381 2375 488 2437 libros
518 2376 689 2462 plurimos
718 2385 905 2453 suspectos
933 2374 1191 2436 examinandos
1217 2375 1252 2437 in
1281 2393 1391 2440 causa

157 2482 278 2559 magni
290 2481 469 2557 momenti,
487 2498 556 2561 quo
572 2492 694 2559 aperte
710 2480 868 2543 declarat
884 2497 922 2542 se
937 2480 1126 2558 plurimum
1148 2481 1248 2544 nobis
1269 2481 1388 2563 fidere,

157 2597 188 2650 et
204 2589 241 2650 in
257 2588 337 2650 aliis
352 2598 426 2650 tam
440 2589 514 2667 ipse
530 2605 637 2666 quam
655 2587 790 2649 nobiles
816 2597 850 2648 et
876 2586 1107 2665 magistratus
1132 2604 1241 2666 opera
1267 2599 1390 2652 nostra

157 2694 304 2756 libenter
320 2705 353 2756 et
373 2693 576 2774 frequenter
598 2704 754 2756 vtuntur.
781 2693 854 2756 imo
876 2692 1116 2755 nobilissimae
1141 2703 1175 2756 ct
1195 2695 1388 2774 precipuae

157 2800 309 2862 familiae
327 2800 431 2862 huius
446 2801 600 2863 ciuitatis
615 2800 720 2861 alicui
737 2809 898 2862 nostrum
918 2797 930 2828 ⁴
950 2799 1152 2878 frequenter
1172 2799 1387 2865 confitentur

157 2919 187 2968 et
205 2924 386 2985 nunquam
411 2908 538 2968 absunt
553 2925 573 2968 a
601 2907 733 2968 nostris
757 2905 988 2968 concionibus
1009 2923 1052 2967 ac
1067 2908 1216 2968 multum
1231 2925 1296 2970 nos
1314 2909 1389 2971 dili·

157 3025 293 3091 gunter
314 3025 533 3076 reuerentur.

215 3119 464 3183 Confessiones
492 3130 567 3182 toto
599 3120 667 3182 hoc
703 3118 954 3198 quadrimestri
983 3127 1056 3180 tam
1088 3135 1152 3181 nos
1185 3119 1388 3184 detinebant

157 3244 275 3290 >mnes
290 3241 496 3305 occupatos
513 3239 551 3288 vt
567 3227 745 3289 interdum
773 3226 833 3288 vix
859 3225 1036 3305 respirare
1057 3225 1205 3304 licuerit,
1222 3244 1304 3290 cum
1319 3246 1390 3291 non

157 3334 267 3395 solum
282 3351 326 3395 ex
343 3333 411 3395 hac
426 3334 570 3396 ciuitate
582 3334 644 3395 sed
660 3334 767 3396 etiam
784 3350 830 3395 ex
853 3331 956 3410 pagis
976 3331 1239 3396 circumuicinis
1258 3350 1389 3414 grega-

157 3441 216 3502 :im
240 3441 381 3518 plurimi
405 3440 451 3503 ad
476 3457 541 3502 nos
562 3439 731 3502 continuo
763 3439 961 3515 conuolent,
980 3438 1042 3500 sed
1058 3440 1212 3501 maxime
1226 3441 1389 3520 proxima

157 3547 441 3627 quadragesima:
469 3565 553 3609 narn
576 3545 613 3608 Ρ.
644 3545 837 3625 Quintinus
865 3563 885 3607 a
911 3561 1050 3607 summo
1076 3562 1179 3608 mane
1205 3563 1317 3627 vsque
1343 3550 1389 3613 ad

157 3668 339 3731 resperam
355 3653 439 3715 nihil
455 3652 550 3716 aliud
566 3653 708 3731 agebat.
726 3650 796 3715 Sed
812 3651 879 3714 hoc
895 3668 965 3712 non
978 3651 1103 3713 tacebo
1116 3652 1209 3730 quod
1220 3653 1313 3717 idem
1324 3655 1386 3718 Pa·

157 3776 208 3822 :er
230 3762 295 3822 sub
320 3760 457 3823 initium
484 3759 783 3839 quadragesimae
811 3758 1047 3838 undequaque
1073 3760 1267 3824 accersitos
1290 3761 1388 3826 adse

157 3882 325 3944 nauperes
341 3876 374 3928 et
390 3865 572 3929 mendicos
593 3883 635 3928 ac
658 3864 892 3944 vagabundos
918 3880 1159 3944 quoscumque
1179 3868 1387 3947 compulerit

157 3972 411 4053 quodammodo
427 3971 598 4050 confiteri,
617 3990 706 4052 quos·
725 3972 774 4034 ita
789 3971 947 4034 abiectos
966 3983 1001 4033 et
1021 3973 1161 4034 laceros
1182 3981 1281 4037 tanta
1304 3975 1384 4038 cha·

157 4079 255 4140 'itate
270 4089 304 4140 et
320 4079 538 4142 humanitate
552 4078 831 4158 amplectebatur
850 4088 884 4139 et
907 4078 1081 4155 monebat,
1105 4089 1144 4140 vt
1165 4080 1386 4171 conspicien-

157 4201 203 4247 es
217 4185 355 4264 aliquos
369 4203 455 4266 prae
471 4185 707 4248 admiratione
722 4196 756 4246 et
770 4183 902 4263 gaudio
920 4183 1136 4265 lachrymari
1156 4191 1382 4268 conspexeri-

194 4426 202 4457 ί
233 4426 261 4468 P.
274 4426 531 4470 AntoniusBonclet.

191 4499 202 4527 ¹
231 4497 337 4540 ducere.
350 4497 486 4541 Polancus.

191 4567 202 4597 ³
235 4567 299 4611 Vide
310 4580 398 4623 supra,
409 4580 468 4623 pag.
478 4569 525 4618 251,
534 4576 621 4612 annot.
631 4568 653 4612 3.

190 4641 202 4672 ⁴
235 4639 310 4682 Prius
319 4640 461 4694 scripserat
473 4639 528 4693 ipse
539 4636 670 4682 oliverius
679 4639 796 4692 aliquem
808 4649 910 4690 nrum„
918 4638 962 4682 sed
974 4638 1043 4682 linea
1053 4639 1209 4693 superducta
1224 4642 1330 4688 delevit.
