3210 5392
599 451 662 507 Au.
685 447 755 506 1555
1234 448 1288 509 647.

90 592 226 656 latione
254 595 364 658 ferme
387 604 673 675 conquereretur.
701 594 861 674 Rogatus
873 604 990 658 autem
1005 613 1088 658 num
1104 594 1289 657 comedere

90 700 176 773 ellet,
193 701 375 780 respondit
390 719 428 765 se
443 701 564 765 statim
579 719 659 765 cum
674 701 816 766 Christo
837 720 915 765 esse
933 719 1166 782 pransurum:
1192 718 1289 781 prae·

90 822 187 868 cans
203 822 243 869 se
257 807 421 870 libentius
436 810 546 871 multo
561 809 606 871 ad
622 826 765 872 crucem
787 808 852 871 sibi
871 820 1044 888 paratam,
1067 824 1173 889 quam
1194 808 1223 869 si
1245 805 1290 870 ad

90 912 204 991 iptias
219 913 392 977 inuitatus
406 915 541 990 suisset,
558 916 621 979 ire.
644 915 745 979 Multi
766 916 936 994 optabant
959 916 992 978 ei
1011 914 1180 978 auxilium
1204 913 1290 976 dare

106 1028 241 1082 catena
261 1019 377 1083 ferrea
397 1021 527 1100 grandi
546 1021 732 1101 portanda,
754 1022 879 1101 quibus
902 1022 959 1085 ille
979 1020 1067 1084 dixit
1085 1021 1290 1100 grauiorem
1338 1030 1344 1047 ¹

90 1126 168 1188 ulto
185 1142 328 1190 crucem
342 1125 427 1209 Jesu
442 1127 574 1192 Christi
588 1128 708 1193 fuisse.
725 1127 895 1207 Tandem,
911 1137 951 1190 vt
962 1128 1087 1208 paucis
1097 1127 1230 1205 finiam,
1245 1127 1290 1189 ad

92 1250 203 1296 ucem
227 1251 338 1313 vsque
354 1252 484 1315 magna
511 1236 639 1299 solatia
665 1236 855 1316 accipiens,
878 1236 990 1299 vitam
1011 1235 1184 1298 foeliciter
1210 1251 1290 1297 cum

90 1350 173 1403 orte
194 1343 443 1421 commutauit;
467 1342 517 1405 ita
536 1353 576 1406 vt
596 1360 719 1406 omnes
741 1360 805 1423 pro
829 1352 901 1406 tam
924 1343 1096 1422 singulari
1119 1340 1289 1405 beneficio

90 1464 138 1510 eo
152 1448 294 1526 gratias
309 1449 527 1512 immortales
543 1460 702 1529 agerent.
720 1449 816 1512 Illius
829 1450 935 1512 morti
955 1450 1055 1512 multi
1070 1448 1289 1525 inuidebant,

103 1552 233 1616 eodem
249 1555 423 1618 desiderio
439 1556 615 1637 animique
630 1557 760 1637 pietate
776 1555 866 1619 mori
880 1556 1105 1636 appetebant.

114 1656 284 1723 Relatum
298 1662 399 1725 nobis
414 1672 467 1725 est
481 1680 503 1725 a
518 1661 692 1741 Patribus,
710 1663 768 1742 qui
783 1663 820 1724 in
834 1662 997 1725 omnibus
1015 1661 1122 1725 rebus
1140 1679 1212 1725 non
1234 1678 1287 1725 so·

91 1783 131 1830 m
155 1767 402 1847 interfuerunt,
425 1769 488 1832 sed
508 1770 614 1833 etiam
632 1771 873 1850 praefuerunt,
896 1786 936 1832 se
957 1785 1138 1849 nunquam
1160 1768 1291 1832 vidisse

94 1882 214 1937 ortem
228 1884 301 1938 tam
316 1875 462 1955 dignam
478 1877 723 1940 admiratione.

120 1979 213 2043 Tres
227 1983 443 2060 meretrices,
461 2001 528 2063 ope
540 1981 608 2047 Dei
622 1984 658 2045 in
671 1984 852 2047 meliorem
863 1992 996 2047 statum
1009 1999 1215 2061 conuersae,
1228 1998 1292 2046 sua

90 2087 198 2150 :elera
214 2088 425 2168 quibusdam
439 2088 603 2153 Patribus
615 2091 746 2154 nostris
759 2100 984 2170 aperuerunt,
999 2106 1089 2170 quae
1104 2089 1149 2154 ab
1160 2089 1293 2153 eisdem

90 2192 181 2257 tfide
200 2194 395 2260 instructae
415 2207 507 2260 sunt.
528 2196 822 2260 Neochristianus
841 2197 996 2278 quidam,
1017 2196 1053 2259 in
1073 2213 1218 2259 carcere
1236 2196 1294 2259 de·

90 2310 196 2378 mnis,
214 2302 459 2381 aquibusdam
474 2322 519 2367 ex
534 2305 665 2367 nostris
684 2304 720 2367 in
742 2304 867 2367 eadem
887 2304 953 2367 suit
974 2304 1166 2382 institutus,
1186 2320 1293 2383 quam

90 2424 146 2471 um
160 2408 350 2487 diligenter
362 2410 524 2489 disceret,
538 2411 671 2491 passim
682 2428 722 2474 se
733 2411 822 2473 alios
834 2411 1030 2490 municipes
1042 2411 1078 2473 in
1090 2409 1216 2473 eadem
1224 2409 1292 2473 fide

91 2514 199 2578 bristi
213 2515 468 2580 instructurum
482 2518 726 2598 pollicebatur.
740 2516 797 2580 Ad
812 2526 1020 2592 extremum,
1039 2516 1139 2579 multi
1160 2516 1293 2579 aethio·

90 2639 126 2686 es
140 2623 350 2688 erudiuntur
366 2625 533 2704 priuatim
547 2626 583 2688 in
600 2626 759 2704 singulos
774 2624 849 2687 dies
860 2623 971 2686 festos
983 2624 1027 2685 ab
1041 2623 1117 2702 ipso
1129 2623 1291 2686 ianitore.

122 2727 224 2792 Haec
239 2739 332 2804 sunt,
349 2748 440 2812 quae
455 2731 541 2795 mihi
555 2731 601 2794 ad
615 2741 650 2795 te
662 2730 849 2794 scribenda
861 2730 994 2811 putaui,
1008 2742 1047 2792 vt
1060 2729 1103 2792 de
1115 2729 1293 2793 beneficiis

90 2836 224 2916 cceptis
239 2855 310 2900 vna
325 2837 510 2901 nobiscum
525 2836 602 2900 Deo
617 2837 754 2916 gratias
770 2853 908 2916 ageres,
926 2853 1034 2900 orans
1049 2852 1141 2914 eum,
1157 2852 1292 2916 quasn-

90 2959 116 3005 s
131 2941 362 3022 assiduidate,
378 2957 418 3007 vt
433 2944 597 3007 omnibus
610 2943 742 3007 nostris
757 2959 895 3023 semper
909 2941 1030 3007 faueat
1045 2940 1182 3020 studiiS,
1199 2942 1293 3021 quod

89 3058 243 3112 teturum
257 3049 332 3112 sine
347 3051 419 3113 vlla
435 3050 654 3114 dubitatione
669 3060 703 3112 te
718 3049 951 3128 deprecatore
966 3045 1118 3111 confido.
1136 3047 1238 3111 Vale.

123 3153 299 3234 Gandiae,
316 3156 619 3235 decimoseptimo
635 3154 804 3218 calendas
819 3153 993 3218 Octobris.

247 3261 345 3326 Tuus
360 3279 486 3325 seruus
499 3262 668 3341 indignus
684 3262 719 3324 in
734 3260 899 3339 Domin0,

922 3474 1134 3540 Robsntcus.

130 3796 396 3876 superscriptio
422 3797 459 3859 in
485 3803 616 3877 quarta
636 3797 798 3877 pagina:
820 3799 842 3871 †
863 3796 908 3860 Al
924 3813 1008 3876 muy
1023 3795 1100 3860 R.do
1123 3795 1238 3859 Padre
1252 3813 1297 3863 en

90 3903 210 3967 ‚bristo
225 3906 257 3967 el
272 3904 326 3967 P!
349 3903 396 3969 M.
415 3903 563 3983 ignatio,
580 3904 764 3984 Preposito
779 3905 924 3983 general
939 3903 983 3968 de
997 3905 1031 3965 la
1044 3903 1240 3982 Compaiila
1253 3901 1297 3965 dc

90 4026 183 4089 esus,
198 4028 244 4073 en

127 4114 253 4183 Roma.

126 4221 213 4286 Atra
228 4240 357 4290 manu:
373 4225 460 4287 1555.
479 4223 629 4287 Gaudia.
648 4223 937 4303 Quadrimestres
951 4220 1178 4301 Septembris.
