3210 5392
615 1112 921 1199 cccxxviii

231 1456 379 1517 Michaei
391 1459 531 1518 Boteiho

271 1556 367 1616 Patri
379 1555 509 1630 ignatio
523 1554 564 1614 de
578 1555 718 1629 Loyola.

308 1655 485 1726 Panormo,
501 1653 700 1714 130ctobris
717 1654 786 1713 1554
800 1654 820 1708 ¹.

747 1888 839 2006 tiis

585 2183 785 2249 Μο11011.(10
807 2186 843 2247 in
863 2185 925 2247 X.⁰
942 2184 998 2247 Ρ.ο

242 2290 321 2355 Pax
335 2291 392 2355 X)

243 2399 378 2463 Perche
407 2400 431 2462 il
455 2398 532 2464 R.⁶⁰
555 2399 592 2463 Ρ.
618 2400 682 2463 M.⁰
712 2400 918 2463 Hieronimo
943 2398 1165 2478 Domenech,
1196 2400 1414 2464 Prouintiale

178 2518 319 2585 nostro,
337 2505 426 2570 esra
440 2507 500 2569 noi
514 2508 536 2569 i'
560 2506 793 2571 instrumento
820 2507 988 2587 precipuo
1012 2506 1047 2569 di
1072 2517 1169 2570 tante
1195 2508 1289 2571 buon
1305 2526 1413 2588 opere

184 2614 265 2676 chel
279 2611 346 2677 Sit
361 2621 395 2676 et
411 2611 504 2677 fuori
517 2623 553 2677 et
578 2614 703 2678 dentro
727 2614 764 2676 di
779 2630 879 2692 casa,
904 2614 1012 2676 etiam
1026 2614 1184 2692 absente,
1201 2633 1264 2694 per
1286 2632 1365 2678 esso
1380 2617 1413 2678 si

186 2719 303 2800 degna
317 2722 455 2800 operar'
472 2730 507 2784 et
521 2722 553 2784 le
566 2721 627 2800 gia
652 2720 738 2784 fatte
763 2736 993 2798 conseruare,
1017 2720 1167 2783 conuien
1191 2738 1282 2784 anco
1302 2722 1338 2784 in
1353 2723 1412 2784 ab·

190 2827 301 2890 sentia
314 2827 414 2907 dirle,
429 2837 465 2891 et
485 2844 584 2891 come
607 2829 698 2891 nelle
722 2827 783 2907 gia
807 2827 928 2890 scritte
953 2827 1228 2907 quadrimestre,
1254 2829 1362 2892 etiam
1376 2829 1412 2892 in

194 2944 327 3012 questa,
343 2934 379 2997 in
392 2934 508 3014 prima
523 2934 621 3009 dirii,
638 2951 676 2997 se
690 2934 778 2997 bene
795 2933 829 2996 in
844 2934 964 3011 breue,
981 2935 1181 3014 qualmente
1193 2934 1263 3013 egli
1275 2935 1322 2997 ha
1333 2938 1411 3013 pur’

200 3049 303 3103 atteso
318 3043 354 3104 in
367 3042 488 3121 quegli
498 3041 611 3105 ultimi
625 3041 753 3120 giomi,
768 3041 889 3105 auanti
901 3042 934 3103 ia
950 3058 1013 3103 soa
1029 3052 1199 3121 partenza
1214 3059 1277 3122 per
1292 3040 1413 3105 Messi-

203 3162 252 3223 na,
275 3167 294 3211 a
318 3150 504 3213 consolare
528 3151 635 3212 moite
650 3149 782 3226 anime,
799 3158 834 3211 et
849 3149 956 3211 molte
971 3148 1107 3212 uedoue
1128 3157 1164 3211 et
1179 3150 1262 3213 altri
1277 3151 1413 3229 poueri,

208 3267 291 3317 come
301 3256 353 3319 lor
368 3272 454 3319 uero
469 3254 594 3335 padre,
612 3255 818 3319 solieuando
833 3254 927 3317 dalla
953 3270 1130 3333 grauezza
1154 3255 1246 3318 della
1264 3261 1416 3336 pouerte

214 3373 266 3422 con
277 3363 430 3427 limosine
442 3362 536 3431 daila
551 3362 637 3426 Eli.a
650 3380 714 3426 sua
731 3362 742 3392 ¹
763 3374 797 3425 et
820 3362 926 3424 daitri
949 3362 1166 3443 personaggi
1185 3365 1355 3442 raccolte,
1379 3375 1416 3428 et

217 3464 299 3532 etiam
309 3471 342 3533 in
353 3471 469 3550 queiio
481 3469 547 3533 che
557 3486 655 3533 esser
666 3469 871 3549 gratissimo
883 3480 918 3532 et
933 3470 1211 3548 singularmente
1227 3480 1365 3533 accetto
1380 3472 1416 3532 ai

220 3563 269 3630 Si*
280 3579 303 3637 s'
317 3578 453 3655 estima,
469 3585 504 3640 et
517 3593 657 3657 sempre
672 3593 753 3639 esso
765 3577 811 3639 ha
828 3575 915 3639 fatto
931 3594 1002 3639 non
1014 3577 1090 3638 solo
1106 3593 1150 3638 en
1165 3576 1339 3655 Palerm0,
1358 3595 1418 3640 ma

222 3688 352 3762 ouunque
365 3684 438 3763 egli
451 3684 483 3746 si
497 3682 601 3760 troui,
623 3692 658 3745 et
677 3700 740 3763 per
759 3692 851 3746 tutto
878 3682 901 3746 ii
925 3682 1049 3762 Regno
1074 3701 1146 3747 non
1168 3683 1215 3747 ha
1237 3693 1418 3762 mancat0,

222 3779 278 3847 iioi
289 3807 504 3872 congregare
518 3800 612 3855 sotto
625 3793 659 3854 1'.
670 3793 725 3854 aie
745 3791 837 3854 della
852 3808 918 3853 sua
944 3791 1133 3869 protetion’
1151 3801 1185 3853 et
1200 3792 1418 3870 compassio·

223 3896 540 3963 neuoisouentionei
557 3898 707 3978 dispersi
731 3897 853 3978 popiiIi
872 3908 907 3961 et
932 3897 1172 3961 abbandonati
1198 3906 1233 3960 et
1253 3899 1308 3960 ch'
1323 3897 1420 3960 altri·

224 4004 309 4092 mente
322 4006 488 4086 aggiutar
502 4022 573 4068 non
588 4004 619 4068 si
633 4021 800 4084 possono,
814 4003 1042 4084 prouedendo
1054 4006 1142 4083 loro,
1157 4014 1191 4067 et
1207 4021 1298 4067 anco
1314 4005 1422 4095 colio·

224 4106 309 4174 cindo
321 4114 445 4178 alcune
459 4115 637 4193 pouereiie
651 4121 686 4176 et
701 4112 922 4192 aggiutando
937 4129 1004 4175 con
1016 4111 1190 4189 limosine,
1205 4111 1300 4192 quali
1312 4128 1421 4175 senza

224 4200 331 4299 dubbio,
345 4237 408 4300 per
423 4221 459 4284 la
473 4226 622 4300 pouertit
637 4230 671 4284 et
686 4219 912 4283 incommodo
928 4218 972 4282 de
988 4229 1090 4298 poter
1105 4219 1422 4282 honoreuoimente

224 4319 249 4371 et
258 4330 344 4391 senza
355 4327 465 4392 offesa
480 4328 514 4391 d’
531 4326 629 4391 Iddio
645 4327 763 4405 uiuet,
782 4326 1052 4406 pericoiauano.

232 4449 409 4481 N...-

255 4521 262 4549 ¹
283 4528 456 4591 Autograpitae
467 4535 493 4579 in
503 4533 599 4590 dupiici
609 4534 678 4587 ioiio,
693 4545 735 4578 nn.
754 4532 793 4577 1⁸⁶
808 4539 833 4576 et
854 4532 958 4576 ist-in
969 4533 1001 4576 iis
1012 4540 1099 4576 tamen
1114 4539 1215 4578 tantum
1226 4534 1426 4588 subscriptionis

227 4593 288 4640 ”¹⁵⁸
295 4600 321 4647 D.
335 4605 361 4651 V.
373 4607 400 4652 Ρ.
412 4607 538 4661 indegno,
546 4613 607 4659 etc„
616 4614 643 4650 et
653 4605 894 4660 superscriptionis,
905 4611 964 4648 sunt
973 4615 1050 4649 manu
1061 4605 1160 4659 scripta
1172 4605 1258 4649 Patris
1270 4605 1388 4649 Boteiho.

258 4660 268 4693 ³
288 4669 403 4734 Protegin,
413 4677 520 4732 Joannis
531 4679 563 4723 de
576 4677 662 4734 vega.

313 4761 344 4823 T.
362 4785 406 4827 m.
1236 4784 1262 4822 ii
