3240 5386
182 429 241 489 036
575 432 1031 500 erranaeounomuesrnes

187 577 359 652 uenimus,
383 578 416 639 in
438 594 506 657 quo
527 578 646 641 sedem
671 578 780 657 figere
800 579 995 642 consueuit.
1023 576 1197 641 Postridie
1219 573 1431 655 (dieseni
1453 591 1475 639 n

183 693 263 745 erat
288 682 520 762 dominicus),
545 685 694 763 primam
718 685 751 747 in
782 684 963 749 Auuernia
986 685 1184 764 Euscopiae
1206 684 1422 751 concione
1437 694 1475 746 it

187 789 292 852 habui
303 790 552 853 circumstante
563 791 847 870 frequentissima
861 791 1041 855 hominum
1054 807 1197 867 corona,
1208 800 1314 871 atque
1325 789 1471 852 adeo

185 896 353 977 Episcopi
368 897 511 961 familia.
529 897 711 961 Postremo
728 898 811 961 Maii
827 899 1009 977 ingressus
1030 915 1125 975 sum,
1143 897 1234 961 duce
1247 891 1460 977 Episcopi

185 1003 335 1081 medico,
362 1003 562 1081 Biliomum,
592 1005 870 1068 concionaturus
896 1003 1024 1068 ibidem
1048 1003 1147 1067 feriis
1172 1003 1438 1067 Pentecostesr

183 1109 279 1191 quod
295 1120 329 1173 et
344 1129 364 1173 a
380 1129 435 1174 me
450 1112 659 1191 praestitum
674 1124 727 1174 est
742 1122 895 1191 quatuor
911 1110 1141 1175 concionibus
1156 1111 1270 1174 tribus
1284 1110 1351 1172 illis
1367 1106 1427 1170 (ε’

186 1217 248 1280 riis
269 1217 396 1281 ibidem
417 1218 546 1281 habitis
567 1235 646 1282 cum
668 1220 822 1282 maximo
842 1218 960 1299 populi
985 1217 1151 1281 confluxu
1170 1229 1206 1280 et
1227 1218 1406 1296 applausu

186 1323 318 1403 Quinto
335 1325 430 1405 Junii
449 1325 705 1404 professionem
727 1326 979 1404 theologicam,
995 1323 1164 1387 inchoata
1185 1323 1231 1387 D.
1249 1322 1346 1386 Pauli
1362 1312 1399 1381 ad

188 1430 368 1495 Romanos
393 1433 559 1512 epistola,
583 1433 787 1513 auspicatus
807 1450 886 1496 sum
906 1449 988 1495 cum
1009 1448 1198 1495 numeroso
1221 1429 1397 1493 Canonice

188 1555 277 1617 rum,
295 1539 584 1602 scholasticorum
601 1557 643 1601 ac
654 1539 787 1602 ciuium
799 1550 976 1602 conuentu
988 1548 1093 1618 atque
1107 1536 1244 1600 fauore.
1258 1534 1397 1616 Septimo

187 1644 283 1727 Junii
297 1645 534 1710 Clarmontem
550 1646 740 1725 profectus
759 1646 928 1725 postridie
943 1645 988 1707 ab
998 1644 1175 1724 Episcopo
1199 1643 1246 1706 ad
1264 1641 1402 1707 Diaconi

188 1769 315 1815 munus
330 1763 510 1832 promotus
525 1769 615 1815 sum.
632 1750 751 1828 Nono,
769 1753 813 1814 ab
834 1753 1010 1831 Episcopo
1026 1751 1165 1827 missus,
1183 1750 1408 1813 concionatus

187 1876 266 1922 sum
291 1859 383 1938 apud
410 1842 758 1934 blontemscrranum‚
786 1858 953 1938 oppidum
979 1858 1173 1935 Clarmontj
1200 1856 1408 1937 proximum.

188 1966 383 2029 Undecimo
400 1965 555 2028 eiusdem
571 1966 702 2028 mensis
716 1966 850 2045 aliquot
870 1964 1057 2040 Canonici,
1074 1975 1219 2045 postero
1240 1964 1298 2027 die
1322 1964 1414 2026 ciues

188 2073 359 2151 potiores
378 2071 553 2151 impendia
573 2071 659 2134 mihi
673 2071 879 2144 offerentes
899 2071 1112 2151 Euscopiam
1126 2087 1277 2147 venere,
1295 2087 1417 2150 meque

188 2180 233 2241 ab
249 2178 423 2259 Episcopo
437 2179 601 2259 precibus
616 2179 710 2241 victo
726 2188 932 2241 exorarunt.
950 2178 1070 2257 Itaque
1086 2177 1298 2241 duodecimo
1313 2177 1419 2259 junii,

190 2284 372 2348 Praefecto
387 2286 485 2348 vrbis
501 2285 589 2348 duce
604 2296 638 2347 et
655 2285 804 2364 hospite,
822 2285 1009 2347 Biliomum
1024 2301 1201 2362 reuersus,
1218 2286 1335 2346 altero
1352 2283 1419 2359 die,

191 2392 436 2455 Eucharistiae
452 2409 555 2454 sacro
574 2392 593 2465 ¹,
611 2393 645 2454 in
662 2393 737 2454 loro
750 2391 889 2471 publico
905 2392 1137 2454 concionatus
1148 2407 1237 2453 sum.
1251 2389 1324 2453 Die
1336 2406 1425 2453 vero

189 2498 366 2560 dominico
382 2499 557 2577 proximo,
574 2507 648 2560 tum
663 2498 699 2560 in
716 2496 802 2559 aede
817 2497 899 2560 Diui
915 2498 1016 2576 Lupi,
1033 2508 1108 2559 tum
1119 2497 1155 2558 in
1166 2497 1302 2574 templo
1318 2514 1427 2559 cano·

189 2605 360 2681 nieorum,
378 2605 585 2667 concionem
601 2604 740 2667 Biliomi
760 2603 883 2666 habui:
907 2602 1126 2666 tantumdem
1147 2603 1314 2683 praestiti
1329 2605 1431 2683 vige·

190 2711 280 2774 simo
295 2712 398 2774 tertio
412 2712 519 2792 Junii,
535 2712 595 2791 qui
608 2711 805 2774 dominicus
817 2725 904 2773 erat.
917 2709 1029 2772 Feriis
1040 2709 1245 2773 Natiuitatis
1257 2708 1306 2772 D.
1320 2710 1429 2793 Joan·

191 2818 245 2880 nis
259 2818 439 2897 Baptistae
454 2836 557 2880 mane
573 2819 608 2880 in
624 2834 761 2880 summo
778 2818 919 2896 templo,
936 2816 1033 2879 seriis
1048 2815 1260 2879 Sanctorum
1274 2814 1377 2879 Petri
1395 2827 1431 2880 et

189 2925 288 2987 Pauli
304 2928 339 2988 in
355 2926 440 2987 aede
457 2925 500 2987 D.
518 2926 607 3003 Lupi
623 2927 854 2986 concionatus
874 2941 962 2985 sum.
987 2923 1185 2999 Trigesimo
1200 2922 1320 3002 junii,
1339 2925 1433 2986 sole-

192 3033 264 3094 mni
287 3033 541 3112 supplicatione
558 3033 735 3093 celebrata
759 3030 851 3108 (dies
872 3041 949 3092 erat
969 3030 1198 3105 dominicus),
1217 3039 1303 3091 ante
1327 3033 1436 3092 meri·

190 3140 284 3201 diem
299 3141 334 3201 in
351 3141 480 3217 templo
496 3138 540 3200 D.
557 3138 657 3217 Lupi;
675 3149 752 3217 post
773 3138 1013 3217 vespertinum
1035 3136 1186 3198 officium
1208 3136 1307 3213 apud
1331 3136 1435 3200 lton-

192 3257 263 3309 tcm
284 3245 458 3308 blorinum
479 3252 489 3281 ²
511 3246 673 3307 milliario
697 3264 716 3306 a
738 3245 838 3307 nobis
859 3244 1031 3320 dissitum,
1048 3261 1069 3304 a
1090 3243 1242 3305 Domina
1266 3244 1341 3305 loci
1365 3262 1434 3323 per

192 3353 312 3414 literas
327 3353 506 3428 inuitatus,
524 3353 730 3414 concionem
747 3352 864 3414 habui.
882 3351 994 3413 Feriis
1010 3351 1232 3413 Visitationis
1247 3346 1434 3414 Sacratis-

193 3461 303 3521 simae
320 3459 480 3536 Virginis
495 3460 529 3520 in
546 3475 683 3520 summo
699 3461 829 3537 templo
846 3476 929 3520 mox
946 3477 965 3519 a
982 3457 1129 3535 prandio
1145 3455 1309 3533 Biliomi,
1334 3470 1437 3537 post·

192 3582 260 3643 que
281 3566 532 3643 vespertinum,
562 3564 654 3644 apud
681 3564 834 3626 blontem
862 3565 1047 3637 Morinum,
1071 3561 1232 3635 officium,
1261 3561 1436 3643 Euange-

194 3672 279 3733 lium
294 3673 469 3733 enarraui.

254 3776 361 3840 Sexto
384 3778 465 3858 Julii
487 3777 681 3856 Ryomum,
709 3778 831 3838 urbem
856 3777 1035 3853 ingratam
1058 3774 1068 3802 ⁵
1091 3776 1286 3853 celebrem,
1317 3780 1440 3858 profe·

193 3896 288 3947 ctus:
313 3884 495 3961 postridie,
520 3895 558 3945 vt
576 3885 719 3946 multum
737 3894 943 3961 expectatus
966 3891 1087 3957 antea,
1112 3883 1159 3943 ita
1176 3882 1343 3948 omnium
1368 3887 1440 3948 ins-

195 3991 402 4054 tantissimis
417 3992 579 4069 precibus
595 3991 721 4064 victus,
739 3990 917 4067 geminam
934 3989 967 4049 in
984 4006 1024 4049 ea
1042 3990 1127 4049 vrbe
1140 3989 1357 4055 concionem
1376 3994 1441 4055 ba·

194 4097 265 4174 bui,
289 4099 424 4159 ciuibus
445 4097 533 4159 adeo
555 4108 733 4174 acceptus,
758 4107 807 4167 rt,
832 4095 941 4156 literis
958 4094 1133 4173 Episcopo
1149 4094 1279 4167 missis,
1300 4096 1342 4160 in
1358 4117 1441 4178 pro·

195 4205 329 4266 ximum
345 4205 435 4266 diem
452 4204 675 4271 dominicum.
699 4219 767 4279 quo
788 4201 951 4262 solemnis
973 4218 1165 4280 pauperum
1190 4203 1340 4278 agenda
1360 4217 1443 4269 crat

237 4447 244 4476 ¹
276 4446 301 4487 ln
314 4447 379 4488 lesto
391 4445 513 4498 Corporis
525 4445 571 4487 Clu
580 4444 634 4486 lsti.

236 4518 247 4546 ²
276 4517 437 4560 llontmorln,

235 4588 246 4615 ³
275 4588 324 4639 Sic;
336 4598 380 4629 cur·
390 4595 475 4629 autem
489 4588 626 4636 ingratam
638 4587 726 4628 urbem
739 4584 812 4627 Riom
823 4586 935 4638 appellet
952 4584 1125 4637 Clnyssonius,
1145 4584 1314 4637 singularum
1333 4595 1444 4638 urbium

195 4657 299 4701 Galliac
312 4659 448 4702 historiam
460 4658 679 4710 investigantibus
689 4656 864 4709 relinquimus.
