3210 5392
182 407 237 468 idi
565 411 738 475 Lirrnnnt
755 422 1029 483 outnmsruss

180 555 231 619 ris
245 556 450 643 nouandarn
463 559 628 640 contulit,
645 560 707 624 vbi
724 569 800 624 toto
818 560 990 626 continuo
1002 564 1117 642 mo,
1135 577 1276 644 semper
1289 563 1425 640 mel,

181 665 236 727 bis
252 664 359 729 etiam
374 683 644 749 nonnunquam,
660 668 811 749 singulis
825 668 1056 733 hebdomadis
1068 669 1165 750 tpud
1182 685 1248 733 nos
1262 676 1426 750 peccata

180 771 371 853 confitens,
386 773 591 856 frequenter
601 777 712 841 etiam
726 777 1006 855 communicans,
1020 793 1065 840 ec
1083 793 1151 840 nos
1165 791 1288 841 omnes
1307 776 1347 840 in
1361 793 1418 841 re·

183 879 289 960 liquis
303 881 409 946 valde
424 882 633 963 aedificans,
648 892 749 948 tanto
764 900 845 949 curn
858 883 1000 948 feruore
1012 893 1053 948 ut
1065 883 1284 964 reciperetur
1294 894 1426 964 postu⁸

184 986 289 1067 lauit,
306 997 345 1052 ut
359 990 503 1055 ttndem
517 990 694 1056 admissus
707 992 765 1056 sit.

245 1092 347 1159 Multi
359 1103 546 1177 praeterea
564 1107 658 1177 sumt,
680 1098 740 1179 qui
759 1098 852 1163 intre
871 1097 1085 1164 Societatem
1106 1096 1217 1177 recipi
1228 1095 1424 1161 vehemen-

184 1212 238 1268 ter
250 1212 391 1284 optent,
404 1213 441 1268 et
455 1204 540 1269 hinc
553 1204 601 1270 od
616 1204 760 1270 Patrem
772 1204 1033 1271 Prouinciaiem
1045 1203 1203 1286 ejusdem
1223 1204 1278 1268 rei
1293 1204 1420 1285 grati:

188 1309 473 1392 proficiscuntur.
499 1310 575 1377 Nee
590 1315 734 1378 omnino
749 1314 871 1379 dubito
888 1313 985 1395 quin,
1001 1313 1033 1377 si
1051 1310 1197 1376 liberior
1215 1320 1358 1392 pateret
1371 1310 1423 1374 ad

186 1427 348 1482 nostram
362 1417 577 1485 Societatem
590 1403 730 1500 aditus‚'
740 1422 851 1486 multo
866 1423 985 1501 plures
999 1419 1091 1499 iore,
1113 1419 1176 1500 qui
1189 1418 1417 1500 ingrederen-

185 1534 254 1589 tur.
276 1525 411 1590 Verum
425 1536 499 1591 tam
513 1527 549 1591 in
564 1527 632 1591 boc
657 1543 763 1609 quam
778 1527 815 1591 in
838 1528 984 1609 reliquis
1001 1526 1184 1605 omnibus,
1203 1543 1226 1590 α
1246 1525 1417 1590 constitu·

186 1632 341 1696 tionibus
362 1634 467 1698 nobis
490 1634 722 1715 praestitutus
744 1634 832 1699 ordo
855 1642 1032 1699 seruntur.
1059 1634 1138 1714 Qua
1161 1648 1235 1697 vno
1255 1647 1297 1696 re
1317 1641 1424 1697 certo

185 1737 263 1804 iore
277 1740 486 1805 confidimus
498 1750 537 1805 ut
551 1742 717 1806 minimus
730 1742 788 1806 iric
802 1740 932 1806 Christi
942 1757 1034 1822 grex
1047 1753 1120 1804 non
1137 1741 1254 1804 solum
1274 1756 1416 1802 conser-

187 1855 302 1926 uetur,
311 1863 437 1912 verum
454 1852 506 1924 (et
517 1849 555 1913 id
568 1847 662 1931 quod
677 1849 791 1913 solum
804 1865 930 1912 omnes
940 1847 1168 1929 exoptamus)
1182 1846 1231 1911 ad
1243 1844 1425 1926 majorem

187 1952 310 2019 Diuini
336 1955 490 2020 nominis
512 1954 653 2020 laudem
674 1956 791 2036 aptior
815 1955 852 2019 in
877 1954 954 2020 dies
977 1953 1159 2019 efficiatur.
1181 1952 1320 2033 Quibus
1344 1961 1420 2016 tarn

187 2062 322 2125 sanctis
347 2060 532 2126 desideriis
557 2078 745 2126 successus
769 2062 902 2125 similes
926 2062 1062 2141 largiri
1075 2061 1242 2142 dignetur
1266 2060 1425 2124 clemen·

187 2168 347 2233 tissimus
365 2167 551 2234 Dominus.
571 2169 699 2235 Amen.

248 2275 305 2340 Ex
318 2275 556 2355 conimbrica,
572 2275 685 2358 pridie
696 2274 777 2340 Kal.
792 2274 1009 2357 Septembris
1023 2290 1117 2338 anno
1136 2274 1224 2337 155⁴.

246 2381 303 2448 Ex
317 2382 565 2446 commissione
579 2380 621 2446 R.
638 2379 677 2444 P.
692 2380 825 2446 Leonis
839 2381 1007 2461 indignus
1026 2379 1119 2444 iilius
1134 2379 1172 2444 P.
1188 2379 1244 2460 T„

819 2593 1038 2658 anucrscus
1057 2594 1254 2666 Announz.
