3210 5392
711 449 773 506 Ax.
797 449 866 505 lfao
1349 449 1405 507 617

162 593 323 656 stitisset
338 593 529 656 multorum
545 594 779 658 oblatratibus
800 606 836 657 et
855 595 1056 671 calumniis,
1078 593 1281 658 iamdudum
1301 603 1404 658 extra

162 697 331 762 Galliam
346 698 525 778 profligati
539 699 743 764 fuissemus.
760 701 862 765 Adde
876 702 969 781 quod
985 703 1122 765 aulicae
1144 703 1319 778 mulieres,
1343 702 1403 765 hu·

162 803 373 868 iuscemodi
390 808 576 869 calumniis
588 808 736 871 obrutae
748 810 865 888 potius
877 826 983 889 quam
994 809 1160 887 imbutae,
1174 809 1209 871 in
1221 826 1286 871 nos
1297 810 1404 871 etiam

162 928 301 975 coram
315 910 415 990 Rege
429 913 705 993 debacchantur,
722 932 788 978 nec
803 927 972 978 verentur
994 932 1058 978 nec
1082 915 1293 978 erubescunt
1313 916 1404 978 insa·

162 1035 243 1081 nas
257 1020 455 1083 sententias
469 1019 608 1084 effutire
622 1031 657 1084 et
672 1022 976 1101 impudentissimo
991 1033 1097 1102 atque
1113 1024 1252 1102 impuro
1267 1040 1329 1085 ore
1339 1039 1405 1085 nos

162 1124 386 1189 dilacerare.

237 1232 392 1297 Tantam
407 1236 509 1299 nobis
523 1237 721 1301 conflarunt
736 1237 893 1300 omnium
907 1237 1078 1301 inuidiam
1093 1238 1268 1314 doctores
1291 1253 1405 1315 neque

164 1347 299 1403 tamen
314 1340 432 1404 adhuc
446 1353 589 1405 cessant
605 1343 827 1424 iurisperitos
842 1344 1057 1407 exacerbare
1072 1351 1107 1406 et
1121 1342 1206 1406 totis
1221 1342 1406 1405 conatibus

178 1447 374 1524 concitare,
392 1448 462 1511 imo
477 1459 511 1511 ct
526 1451 639 1529 ipsum
655 1453 796 1530 vulguS,
813 1467 897 1513 suas
912 1461 1082 1530 perpetuo
1097 1459 1131 1512 et
1146 1449 1313 1530 Episcopi
1327 1466 1405 1511 cen-

169 1569 283 1617 suras
297 1555 501 1618 iactitantes
516 1567 554 1619 vt
569 1574 634 1618 nos
649 1558 791 1620 tandem
807 1557 993 1634 deficiant,
1009 1558 1044 1620 iu
1060 1574 1121 1620 ore
1137 1557 1312 1634 omnium,
1330 1557 1406 1618 siue

170 1661 349 1725 nobilium
365 1662 441 1725 siue
456 1663 674 1741 ignobilium,
697 1665 937 1743 praelatorum
956 1681 1018 1727 seu
1034 1663 1272 1743 priuatorum,
1293 1662 1406 1725 erudi·

173 1777 297 1831 torum
313 1785 356 1831 ac
371 1769 510 1833 rudium
526 1769 653 1833 fabella
669 1786 801 1834 sumus
819 1770 960 1833 Nullum
975 1771 1174 1833 celebratur
1188 1770 1403 1845 conuiuium,

178 1875 315 1938 nullum
330 1877 532 1954 prandium,
548 1878 644 1939 nulla
660 1895 785 1955 coena,
801 1877 837 1940 in
852 1878 979 1957 quibus
993 1876 1087 1940 mille
1101 1877 1215 1939 modis
1230 1893 1301 1938 non
1322 1876 1406 1938 dila-

175 1997 353 2044 ceremur.
371 1981 439 2045 Vel
453 1983 520 2062 ipsi
535 1983 754 2062 professores
769 2001 895 2047 sacrae
911 1984 1112 2063 theologiae
1126 1984 1161 2046 in
1178 1983 1251 2046 suis
1271 1986 1408 2063 praele-

175 2088 357 2152 ctionibus
371 2106 442 2151 non
457 2107 540 2152 raro
557 2089 770 2153 inuehuntur
785 2091 820 2153 in
835 2091 1038 2154 institutum
1051 2100 1223 2153 nostrum.
1240 2089 1278 2153 Si
1288 2089 1406 2152 omnia

180 2211 273 2274 quae
289 2195 456 2258 dicuntur
470 2206 505 2258 et
520 2197 734 2260 obiiciuntur
749 2214 935 2261 recensere
950 2197 1139 2274 studerem,
1156 2205 1267 2259 totum
1283 2212 1339 2258 me
1351 2196 1406 2257 de·

180 2300 301 2364 ficeret
317 2311 467 2382 tempus.

239 2406 309 2470 Sed
335 2425 402 2471 nec
426 2409 566 2472 silentio
591 2410 887 2489 praetereundum
909 2411 1002 2489 quod
1024 2428 1094 2473 non
1120 2409 1252 2472 dudum
1273 2408 1319 2472 ad
1343 2425 1408 2470 nos

181 2514 284 2593 quasi
298 2515 546 2579 schismaticos
567 2517 746 2580 sorbonici
767 2515 955 2596 quemdam
974 2516 1054 2579 fidei
1074 2517 1316 2596 inquisitorem
1338 2515 1408 2577 Au-

180 2622 398 2698 gustiensem
423 2623 525 2700 (sic),
545 2623 661 2686 virum
683 2641 768 2685 sane
789 2624 937 2702 probum
957 2641 999 2685 ac
1021 2633 1242 2685 mansuetum
1264 2621 1408 2684 manda-

183 2737 273 2805 runt,
290 2729 350 2807 qui
367 2745 411 2790 ne
427 2746 490 2791 suo
506 2729 643 2792 deesset
659 2730 773 2792 officio
789 2731 951 2793 minusue
970 2739 1135 2809 suscepto
1156 2728 1254 2792 oneri
1271 2728 1408 2790 satisfa-

184 2844 291 2910 ceret,
319 2836 427 2897 alium
452 2836 641 2898 accersiuit
663 2839 777 2899 virum
805 2837 1047 2899 doctissimum
1072 2854 1114 2898 ac
1138 2850 1343 2915 syncerum,
1369 2842 1409 2895 vt

183 2938 381 3004 [nstitutum
393 2951 552 3005 nostrum
564 2946 802 3022 explorarent.
813 2942 933 3006 Vnum
944 2961 989 3005 ex
1000 2943 1169 3005 fratribus
1181 2941 1406 3016 conueniunt,

183 3048 238 3110 cui
254 3047 423 3110 diuturna
438 3051 657 3128 experientia
673 3052 769 3112 clara
787 3059 888 3112 erant
903 3050 1033 3127 omnia,
1049 3066 1153 3129 quem
1168 3065 1274 3128 quum
1291 3047 1409 3125 singil-

183 3154 279 3217 latim
293 3154 577 3233 interrogassent
592 3174 699 3236 quam
715 3156 847 3218 dudum
863 3167 897 3218 et
912 3174 933 3218 a
954 3156 1081 3235 quibus
1096 3156 1184 3218 haec
1199 3164 1291 3217 essct
1313 3154 1410 3216 insti·

182 3268 255 3323 tuta
270 3260 423 3341 Religio,
440 3263 536 3325 circa
551 3280 643 3343 quae
658 3264 882 3343 potissimum
897 3272 1114 3341 versaretur,
1131 3262 1174 3325 de
1194 3262 1309 3324 forma
1328 3277 1409 3322 con·

183 3369 407 3443 uersationis‚
435 3370 552 3432 victus
581 3379 616 3432 et
644 3370 797 3444 habitus,
828 3380 862 3431 et
891 3380 1008 3432 vtrum
1038 3385 1160 3431 omnes
1189 3369 1264 3430 sine
1292 3367 1410 3446 aliquo

180 3472 396 3554 discrimine,
412 3475 594 3556 Religiosi,
617 3477 825 3553 facinorosi,
849 3476 1158 3551 excommunicati,
1179 3475 1407 3551 schismatici,

183 3593 216 3646 et
231 3593 376 3645 caetera
392 3583 427 3646 id
441 3599 555 3662 genus
570 3584 852 3660 admitterentur,
871 3584 997 3663 quibus
1012 3584 1118 3645 etiam
1134 3569 1228 3645 votis
1239 3584 1410 3660 astringe-

182 3706 312 3766 remur,
330 3690 471 3769 quando
485 3689 742 3770 profiteremur,
755 3708 843 3770 quas
854 3690 1065 3752 haberemus
1076 3689 1314 3769 probationcs;
1328 3688 1410 3750 item

182 3796 224 3860 de
239 3797 368 3860 studiis
382 3799 522 3876 aliaque
537 3797 725 3877 permulta,
742 3815 833 3878 quae
849 3813 1034 3859 recensere
1050 3798 1196 3874 longum
1211 3804 1322 3858 esset:
1338 3796 1410 3873 qui·

182 3904 246 3968 bus
271 3903 436 3967 omnibus
461 3904 510 3966 ita
537 3904 708 3967 satisfecit
734 3904 850 3967 dictus
874 3904 1001 3979 frater,
1023 3912 1060 3965 vt
1081 3901 1225 3964 tandem
1249 3902 1410 3981 obstupe·

182 4020 324 4074 scentes
343 4010 620 4088 admirarentur,
643 4011 736 4073 vnde
759 4020 811 4073 tot
831 4011 1028 4072 calumniae
1048 4009 1269 4088 improbique
1290 4025 1410 4070 nasce-

182 4127 304 4181 rentur
329 4134 509 4196 rumores,
536 4127 777 4198 quantumque
806 4117 1044 4196 periculosum
1072 4118 1117 4178 sit
1146 4116 1197 4177 eis
1225 4131 1410 4178 assensum

182 4224 353 4302 praebere
368 4225 620 4287 acclamarent.
638 4224 760 4303 Itaque
776 4241 856 4286 cum
871 4223 1027 4285 maxima
1039 4221 1347 4300 congratulatione
1361 4221 1413 4283 ln·

184 4333 342 4396 stitutum
368 4341 530 4395 nostrum
556 4332 846 4409 comprobantes
869 4330 1062 4393 humillime
1087 4329 1228 4391 veniam
1249 4329 1414 4407 depreca-

186 4436 325 4516 bantur,
338 4438 500 4518 quodque
512 4455 584 4501 non
596 4438 771 4501 maleuolo
785 4438 902 4499 animo
911 4437 1156 4510 accessissent,
1169 4434 1232 4497 sed
1243 4435 1278 4497 id
1290 4434 1357 4497 sibi
1368 4452 1413 4496 ex

189 4543 297 4607 officio
321 4544 544 4619 incumbere;
565 4554 600 4608 et
620 4544 764 4623 quinam
789 4553 918 4619 essent,
942 4542 1044 4604 fratri
1069 4543 1126 4604 cui
1151 4542 1294 4603 omnino
1318 4541 1412 4603 inco·

193 4652 276 4722 uniti
292 4662 407 4729 crant,
423 4650 705 4728 manifestarunt,
728 4660 762 4712 et
781 4650 908 4712 obnixe
928 4665 1007 4711 sese
1026 4649 1093 4728 piis
1112 4648 1270 4710 omnium
1289 4647 1414 4710 suffra·
