<?xml version="1.0" encoding="UTF-8"?>
<!DOCTYPE html PUBLIC "-//W3C//DTD XHTML 1.0 Transitional//EN"
    "http://www.w3.org/TR/xhtml1/DTD/xhtml1-transitional.dtd">
<html xmlns="http://www.w3.org/1999/xhtml" xml:lang="en" lang="en">
 <head>
  <title>
</title>
<meta http-equiv="Content-Type" content="text/html;charset=utf-8" />
  <meta name='ocr-system' content='tesseract 3.04.00' />
  <meta name='ocr-capabilities' content='ocr_page ocr_carea ocr_par ocr_line ocrx_word'/>
</head>
<body>
  <div class='ocr_page' id='page_1' title='image "./litteraequadrim02jesugoog_0240.png"; bbox 0 0 3210 5392; ppageno 0'>
   <div class='ocr_carea' id='block_1_1' title="bbox 586 1120 856 1206">
    <p class='ocr_par' dir='ltr' id='par_1_1' title="bbox 586 1120 856 1206">
     <span class='ocr_line' id='line_1_1' title="bbox 586 1120 856 1206; baseline -0.007 0"><span class='ocrx_word' id='word_1_1' title='bbox 586 1120 856 1206; x_wconf 84' lang='lat' dir='ltr'>OOOXLIII</span> 
     </span>
    </p>
   </div>
   <div class='ocr_carea' id='block_1_2' title="bbox 150 1456 747 1733">
    <p class='ocr_par' dir='ltr' id='par_1_2' title="bbox 150 1456 747 1733">
     <span class='ocr_line' id='line_1_2' title="bbox 150 1456 562 1523; baseline 0.005 -3"><span class='ocrx_word' id='word_1_2' title='bbox 150 1456 349 1521; x_wconf 68' lang='lat' dir='ltr'>Gonzssvus</span> <span class='ocrx_word' id='word_1_3' title='bbox 360 1462 405 1522; x_wconf 86' lang='lat' dir='ltr'>de</span> <span class='ocrx_word' id='word_1_4' title='bbox 416 1462 562 1523; x_wconf 80' lang='lat' dir='ltr'>Silveira</span> 
     </span>
     <span class='ocr_line' id='line_1_3' title="bbox 196 1559 635 1636; baseline 0.009 -19"><span class='ocrx_word' id='word_1_5' title='bbox 196 1559 281 1618; x_wconf 76' lang='lat' dir='ltr'>Patri</span> <span class='ocrx_word' id='word_1_6' title='bbox 294 1559 425 1634; x_wconf 75' lang='lat' dir='ltr'>ignauo</span> <span class='ocrx_word' id='word_1_7' title='bbox 437 1561 481 1620; x_wconf 84' lang='lat' dir='ltr'>de</span> <span class='ocrx_word' id='word_1_8' title='bbox 493 1560 635 1636; x_wconf 83' lang='lat' dir='ltr'>Loyoin.</span> 
     </span>
     <span class='ocr_line' id='line_1_4' title="bbox 225 1657 747 1733; baseline -0.006 -14"><span class='ocrx_word' id='word_1_9' title='bbox 225 1657 437 1731; x_wconf 78' lang='lat' dir='ltr'>Ulyssipone,</span> <span class='ocrx_word' id='word_1_10' title='bbox 452 1661 464 1718; x_wconf 92' lang='lat'>1</span> <span class='ocrx_word' id='word_1_11' title='bbox 480 1660 632 1733; x_wconf 75' lang='lat' dir='ltr'>Januarii</span> <span class='ocrx_word' id='word_1_12' title='bbox 647 1659 717 1720; x_wconf 72' lang='lat' dir='ltr'>tono</span> <span class='ocrx_word' id='word_1_13' title='bbox 727 1661 747 1716; x_wconf 87' lang='lat'>¹.</span> 
     </span>
    </p>
   </div>
   <div class='ocr_carea' id='block_1_3' title="bbox 669 1892 767 2013">
    <p class='ocr_par' dir='ltr' id='par_1_3' title="bbox 669 1892 767 2013">
     <span class='ocr_line' id='line_1_5' title="bbox 669 1892 767 2013; baseline 0 -1"><span class='ocrx_word' id='word_1_14' title='bbox 669 1892 767 2013; x_wconf 52' lang='lat' dir='ltr'>Iesus</span> 
     </span>
    </p>
   </div>
   <div class='ocr_carea' id='block_1_4' title="bbox 57 2185 1330 3875">
    <p class='ocr_par' dir='ltr' id='par_1_4' title="bbox 76 2185 1329 2358">
     <span class='ocr_line' id='line_1_6' title="bbox 166 2185 1329 2271; baseline 0.003 -22"><span class='ocrx_word' id='word_1_15' title='bbox 166 2185 285 2250; x_wconf 84' lang='lat' dir='ltr'>Gratia</span> <span class='ocrx_word' id='word_1_16' title='bbox 301 2186 445 2252; x_wconf 88' lang='lat' dir='ltr'>Domini</span> <span class='ocrx_word' id='word_1_17' title='bbox 460 2190 572 2254; x_wconf 90' lang='lat' dir='ltr'>nostri</span> <span class='ocrx_word' id='word_1_18' title='bbox 591 2190 670 2255; x_wconf 90' lang='lat' dir='ltr'>Iesu</span> <span class='ocrx_word' id='word_1_19' title='bbox 695 2191 828 2256; x_wconf 86' lang='lat' dir='ltr'>Christi</span> <span class='ocrx_word' id='word_1_20' title='bbox 848 2192 940 2255; x_wconf 91' lang='lat' dir='ltr'>adsit</span> <span class='ocrx_word' id='word_1_21' title='bbox 961 2206 1101 2271; x_wconf 85' lang='lat' dir='ltr'>semper</span> <span class='ocrx_word' id='word_1_22' title='bbox 1120 2190 1249 2254; x_wconf 91' lang='lat' dir='ltr'>animis</span> <span class='ocrx_word' id='word_1_23' title='bbox 1269 2207 1329 2252; x_wconf 93' lang='lat' dir='ltr'>no-</span> 
     </span>
     <span class='ocr_line' id='line_1_7' title="bbox 76 2290 339 2358; baseline 0.015 -4"><span class='ocrx_word' id='word_1_24' title='bbox 76 2290 196 2355; x_wconf 66' lang='lat' dir='ltr'>Stris.</span> <span class='ocrx_word' id='word_1_25' title='bbox 212 2293 339 2358; x_wconf 84' lang='lat' dir='ltr'>Amen.</span> 
     </span>
    </p>

    <p class='ocr_par' dir='ltr' id='par_1_5' title="bbox 77 2397 1328 2696">
     <span class='ocr_line' id='line_1_8' title="bbox 165 2397 1328 2486; baseline 0.003 -23"><span class='ocrx_word' id='word_1_26' title='bbox 165 2397 331 2481; x_wconf 84' lang='lat' dir='ltr'>Scribam,</span> <span class='ocrx_word' id='word_1_27' title='bbox 350 2402 435 2466; x_wconf 61' lang='grc' dir='ltr'>ΚΜ</span> <span class='ocrx_word' id='word_1_28' title='bbox 450 2403 567 2483; x_wconf 89' lang='lat' dir='ltr'>Pater,</span> <span class='ocrx_word' id='word_1_29' title='bbox 593 2406 891 2485; x_wconf 86' lang='lat' dir='ltr'>quemadmodum</span> <span class='ocrx_word' id='word_1_30' title='bbox 915 2404 1087 2486; x_wconf 85' lang='lat' dir='ltr'>praecipit</span> <span class='ocrx_word' id='word_1_31' title='bbox 1108 2413 1233 2467; x_wconf 88' lang='lat' dir='ltr'>sancta</span> <span class='ocrx_word' id='word_1_32' title='bbox 1249 2404 1328 2466; x_wconf 90' lang='lat' dir='ltr'>obe-</span> 
     </span>
     <span class='ocr_line' id='line_1_9' title="bbox 78 2493 1328 2592; baseline 0.004 -24"><span class='ocrx_word' id='word_1_33' title='bbox 78 2493 244 2587; x_wconf 73' lang='lat' dir='ltr'>dientia,</span> <span class='ocrx_word' id='word_1_34' title='bbox 261 2526 353 2589; x_wconf 87' lang='lat' dir='ltr'>quae</span> <span class='ocrx_word' id='word_1_35' title='bbox 368 2510 425 2574; x_wconf 92' lang='lat' dir='ltr'>his</span> <span class='ocrx_word' id='word_1_36' title='bbox 440 2512 613 2592; x_wconf 84' lang='lat' dir='ltr'>proximis</span> <span class='ocrx_word' id='word_1_37' title='bbox 626 2513 647 2575; x_wconf 85' lang='grc'>4</span> <span class='ocrx_word' id='word_1_38' title='bbox 661 2513 852 2590; x_wconf 90' lang='lat' dir='ltr'>mensibus,</span> <span class='ocrx_word' id='word_1_39' title='bbox 873 2511 942 2575; x_wconf 89' lang='lat' dir='ltr'>Dei</span> <span class='ocrx_word' id='word_1_40' title='bbox 962 2511 1094 2592; x_wconf 90' lang='lat' dir='ltr'>Optimi</span> <span class='ocrx_word' id='word_1_41' title='bbox 1108 2510 1255 2574; x_wconf 85' lang='lat' dir='ltr'>Maximi</span> <span class='ocrx_word' id='word_1_42' title='bbox 1272 2510 1328 2573; x_wconf 88' lang='lat' dir='ltr'>be·</span> 
     </span>
     <span class='ocr_line' id='line_1_10' title="bbox 77 2611 1285 2696; baseline 0.003 -20"><span class='ocrx_word' id='word_1_43' title='bbox 77 2611 236 2693; x_wconf 70' lang='lat' dir='ltr'>uenero,</span> <span class='ocrx_word' id='word_1_44' title='bbox 252 2633 316 2696; x_wconf 90' lang='lat' dir='ltr'>per</span> <span class='ocrx_word' id='word_1_45' title='bbox 331 2634 398 2680; x_wconf 92' lang='lat' dir='ltr'>nos</span> <span class='ocrx_word' id='word_1_46' title='bbox 412 2634 537 2682; x_wconf 89' lang='lat' dir='ltr'>seruos</span> <span class='ocrx_word' id='word_1_47' title='bbox 553 2619 695 2682; x_wconf 89' lang='lat' dir='ltr'>inutiles</span> <span class='ocrx_word' id='word_1_48' title='bbox 715 2619 751 2681; x_wconf 91' lang='lat' dir='ltr'>in</span> <span class='ocrx_word' id='word_1_49' title='bbox 767 2618 854 2682; x_wconf 88' lang='lat' dir='ltr'>aede</span> <span class='ocrx_word' id='word_1_50' title='bbox 869 2618 953 2682; x_wconf 92' lang='lat' dir='ltr'>Diui</span> <span class='ocrx_word' id='word_1_51' title='bbox 967 2617 1082 2681; x_wconf 91' lang='lat' dir='ltr'>Rochi</span> <span class='ocrx_word' id='word_1_52' title='bbox 1097 2627 1178 2680; x_wconf 88' lang='lat' dir='ltr'>acta</span> <span class='ocrx_word' id='word_1_53' title='bbox 1193 2626 1285 2680; x_wconf 91' lang='lat' dir='ltr'>sunt.</span> 
     </span>
    </p>

    <p class='ocr_par' dir='ltr' id='par_1_6' title="bbox 57 2718 1329 3232">
     <span class='ocr_line' id='line_1_11' title="bbox 167 2718 1329 2804; baseline 0.002 -20"><span class='ocrx_word' id='word_1_54' title='bbox 167 2718 317 2786; x_wconf 89' lang='lat' dir='ltr'>Primum</span> <span class='ocrx_word' id='word_1_55' title='bbox 344 2724 500 2787; x_wconf 91' lang='lat' dir='ltr'>omnium</span> <span class='ocrx_word' id='word_1_56' title='bbox 525 2723 648 2788; x_wconf 89' lang='lat' dir='ltr'>Patres</span> <span class='ocrx_word' id='word_1_57' title='bbox 670 2744 714 2790; x_wconf 88' lang='lat' dir='ltr'>ac</span> <span class='ocrx_word' id='word_1_58' title='bbox 734 2725 875 2803; x_wconf 83' lang='lat' dir='ltr'>fratres,</span> <span class='ocrx_word' id='word_1_59' title='bbox 899 2742 1048 2804; x_wconf 89' lang='lat' dir='ltr'>quorum</span> <span class='ocrx_word' id='word_1_60' title='bbox 1073 2741 1258 2788; x_wconf 92' lang='lat' dir='ltr'>numerum</span> <span class='ocrx_word' id='word_1_61' title='bbox 1274 2741 1329 2787; x_wconf 92' lang='lat' dir='ltr'>co·</span> 
     </span>
     <span class='ocr_line' id='line_1_12' title="bbox 64 2826 1328 2912; baseline 0.003 -23"><span class='ocrx_word' id='word_1_62' title='bbox 64 2826 103 2889; x_wconf 67' lang='grc' dir='ltr'><strong><em>ξ</em></strong></span> <span class='ocrx_word' id='word_1_63' title='bbox 106 2836 252 2891; x_wconf 85' lang='lat' dir='ltr'>nosces</span> <span class='ocrx_word' id='word_1_64' title='bbox 263 2847 309 2893; x_wconf 84' lang='lat' dir='ltr'>ex</span> <span class='ocrx_word' id='word_1_65' title='bbox 320 2831 498 2910; x_wconf 82' lang='lat' dir='ltr'>catalogo,</span> <span class='ocrx_word' id='word_1_66' title='bbox 512 2832 572 2912; x_wconf 93' lang='lat' dir='ltr'>qui</span> <span class='ocrx_word' id='word_1_67' title='bbox 585 2848 666 2895; x_wconf 92' lang='lat' dir='ltr'>cum</span> <span class='ocrx_word' id='word_1_68' title='bbox 677 2832 732 2895; x_wconf 92' lang='lat' dir='ltr'>his</span> <span class='ocrx_word' id='word_1_69' title='bbox 743 2833 871 2895; x_wconf 90' lang='lat' dir='ltr'>litteris</span> <span class='ocrx_word' id='word_1_70' title='bbox 881 2831 1047 2895; x_wconf 85' lang='lat' dir='ltr'>reddetur</span> <span class='ocrx_word' id='word_1_71' title='bbox 1062 2830 1084 2910; x_wconf 87' lang='lat'>¹,</span> <span class='ocrx_word' id='word_1_72' title='bbox 1098 2839 1240 2893; x_wconf 87' lang='lat' dir='ltr'>strenue</span> <span class='ocrx_word' id='word_1_73' title='bbox 1251 2848 1328 2910; x_wconf 89' lang='lat' dir='ltr'>pro·</span> 
     </span>
     <span class='ocr_line' id='line_1_13' title="bbox 60 2932 1329 3015; baseline 0.004 -21"><span class='ocrx_word' id='word_1_74' title='bbox 60 2932 215 2997; x_wconf 66' lang='lat' dir='ltr'>gressi</span> <span class='ocrx_word' id='word_1_75' title='bbox 237 2938 371 3000; x_wconf 91' lang='lat' dir='ltr'>suntin</span> <span class='ocrx_word' id='word_1_76' title='bbox 392 2937 451 3000; x_wconf 89' lang='lat' dir='ltr'>uia</span> <span class='ocrx_word' id='word_1_77' title='bbox 478 2936 636 3015; x_wconf 88' lang='lat' dir='ltr'>Domini,</span> <span class='ocrx_word' id='word_1_78' title='bbox 661 2939 842 3003; x_wconf 87' lang='lat' dir='ltr'>studentes</span> <span class='ocrx_word' id='word_1_79' title='bbox 866 2939 998 3002; x_wconf 90' lang='lat' dir='ltr'>nostris</span> <span class='ocrx_word' id='word_1_80' title='bbox 1020 2937 1329 3001; x_wconf 90' lang='lat' dir='ltr'>constitutionibus</span> 
     </span>
     <span class='ocr_line' id='line_1_14' title="bbox 57 3038 1329 3127; baseline 0.002 -24"><span class='ocrx_word' id='word_1_81' title='bbox 57 3038 206 3119; x_wconf 69' lang='lat' dir='ltr'>atque</span> <span class='ocrx_word' id='word_1_82' title='bbox 219 3044 352 3123; x_wconf 86' lang='lat' dir='ltr'>regulis</span> <span class='ocrx_word' id='word_1_83' title='bbox 366 3054 606 3124; x_wconf 84' lang='lat' dir='ltr'>congruenter</span> <span class='ocrx_word' id='word_1_84' title='bbox 621 3046 744 3110; x_wconf 89' lang='lat' dir='ltr'>viuere</span> <span class='ocrx_word' id='word_1_85' title='bbox 756 3047 869 3127; x_wconf 93' lang='lat' dir='ltr'>iisque</span> <span class='ocrx_word' id='word_1_86' title='bbox 884 3046 1088 3111; x_wconf 88' lang='lat' dir='ltr'>muneribus</span> <span class='ocrx_word' id='word_1_87' title='bbox 1109 3044 1221 3124; x_wconf 80' lang='lat' dir='ltr'>fungi,</span> <span class='ocrx_word' id='word_1_88' title='bbox 1239 3061 1329 3125; x_wconf 90' lang='lat' dir='ltr'>quae</span> 
     </span>
     <span class='ocr_line' id='line_1_15' title="bbox 57 3135 700 3232; baseline 0.003 -22"><span class='ocrx_word' id='word_1_89' title='bbox 57 3135 154 3199; x_wconf 78' lang='lat' dir='ltr'>ab</span> <span class='ocrx_word' id='word_1_90' title='bbox 177 3149 370 3214; x_wconf 84' lang='lat' dir='ltr'>obedientia</span> <span class='ocrx_word' id='word_1_91' title='bbox 398 3153 700 3232; x_wconf 86' lang='lat' dir='ltr'>praescribuntur.</span> 
     </span>
    </p>

    <p class='ocr_par' dir='ltr' id='par_1_7' title="bbox 60 3253 1327 3445">
     <span class='ocr_line' id='line_1_16' title="bbox 167 3253 1327 3340; baseline 0.002 -21"><span class='ocrx_word' id='word_1_92' title='bbox 167 3253 259 3334; x_wconf 80' lang='lat' dir='ltr'>Quod</span> <span class='ocrx_word' id='word_1_93' title='bbox 275 3258 323 3322; x_wconf 87' lang='lat' dir='ltr'>ad</span> <span class='ocrx_word' id='word_1_94' title='bbox 342 3259 582 3323; x_wconf 83' lang='lat' dir='ltr'>ualetudinem</span> <span class='ocrx_word' id='word_1_95' title='bbox 598 3261 735 3340; x_wconf 84' lang='lat' dir='ltr'>attinet,</span> <span class='ocrx_word' id='word_1_96' title='bbox 758 3260 984 3325; x_wconf 91' lang='lat' dir='ltr'>incommoda</span> <span class='ocrx_word' id='word_1_97' title='bbox 1005 3261 1146 3324; x_wconf 87' lang='lat' dir='ltr'>interim</span> <span class='ocrx_word' id='word_1_98' title='bbox 1165 3259 1219 3322; x_wconf 92' lang='lat' dir='ltr'>usi</span> <span class='ocrx_word' id='word_1_99' title='bbox 1235 3268 1327 3336; x_wconf 91' lang='lat' dir='ltr'>sunt,</span> 
     </span>
     <span class='ocr_line' id='line_1_17' title="bbox 60 3360 541 3445; baseline 0.012 -22"><span class='ocrx_word' id='word_1_100' title='bbox 60 3360 177 3422; x_wconf 80' lang='lat' dir='ltr'>¹10n</span> <span class='ocrx_word' id='word_1_101' title='bbox 196 3373 312 3428; x_wconf 91' lang='lat' dir='ltr'>tamen</span> <span class='ocrx_word' id='word_1_102' title='bbox 328 3365 541 3445; x_wconf 90' lang='lat' dir='ltr'>periculosa.</span> 
     </span>
    </p>

    <p class='ocr_par' dir='ltr' id='par_1_8' title="bbox 73 3467 1330 3875">
     <span class='ocr_line' id='line_1_18' title="bbox 169 3467 1329 3554; baseline 0.002 -21"><span class='ocrx_word' id='word_1_103' title='bbox 169 3467 218 3534; x_wconf 88' lang='lat' dir='ltr'>Ad</span> <span class='ocrx_word' id='word_1_104' title='bbox 240 3473 444 3550; x_wconf 67' lang='lat' dir='ltr'>conciones</span> <span class='ocrx_word' id='word_1_105' title='bbox 471 3474 641 3537; x_wconf 89' lang='lat' dir='ltr'>lectiones</span> <span class='ocrx_word' id='word_1_106' title='bbox 664 3474 847 3539; x_wconf 89' lang='lat' dir='ltr'>doctrinae</span> <span class='ocrx_word' id='word_1_107' title='bbox 868 3475 1095 3553; x_wconf 85' lang='lat' dir='ltr'>christianae,</span> <span class='ocrx_word' id='word_1_108' title='bbox 1117 3483 1223 3554; x_wconf 89' lang='lat' dir='ltr'>atque</span> <span class='ocrx_word' id='word_1_109' title='bbox 1248 3490 1329 3536; x_wconf 93' lang='lat' dir='ltr'>con-</span> 
     </span>
     <span class='ocr_line' id='line_1_19' title="bbox 73 3555 1330 3646; baseline 0.004 -9"><span class='ocrx_word' id='word_1_110' title='bbox 73 3555 271 3642; x_wconf 75' lang='lat' dir='ltr'>sessiones</span> <span class='ocrx_word' id='word_1_111' title='bbox 281 3578 321 3642; x_wconf 92' lang='lat' dir='ltr'>fit</span> <span class='ocrx_word' id='word_1_112' title='bbox 333 3580 511 3643; x_wconf 84' lang='lat' dir='ltr'>maximus</span> <span class='ocrx_word' id='word_1_113' title='bbox 522 3597 729 3645; x_wconf 79' lang='lat' dir='ltr'>concursus</span> <span class='ocrx_word' id='word_1_114' title='bbox 747 3582 959 3646; x_wconf 85' lang='lat' dir='ltr'>Benedictus</span> <span class='ocrx_word' id='word_1_115' title='bbox 974 3582 1082 3645; x_wconf 78' lang='lat' dir='ltr'>Deus</span> <span class='ocrx_word' id='word_1_116' title='bbox 1098 3581 1137 3644; x_wconf 89' lang='lat' dir='ltr'>In</span> <span class='ocrx_word' id='word_1_117' title='bbox 1152 3581 1330 3644; x_wconf 88' lang='lat' dir='ltr'>concioni·</span> 
     </span>
     <span class='ocr_line' id='line_1_20' title="bbox 77 3664 1326 3768; baseline 0.007 -27"><span class='ocrx_word' id='word_1_118' title='bbox 77 3664 174 3741; x_wconf 75' lang='lat' dir='ltr'>bus</span> <span class='ocrx_word' id='word_1_119' title='bbox 185 3693 217 3747; x_wconf 85' lang='lat' dir='ltr'>et</span> <span class='ocrx_word' id='word_1_120' title='bbox 234 3686 408 3750; x_wconf 88' lang='lat' dir='ltr'>doctrinis</span> <span class='ocrx_word' id='word_1_121' title='bbox 428 3704 617 3751; x_wconf 87' lang='lat' dir='ltr'>versamur</span> <span class='ocrx_word' id='word_1_122' title='bbox 631 3705 699 3768; x_wconf 85' lang='lat' dir='ltr'>ego</span> <span class='ocrx_word' id='word_1_123' title='bbox 715 3698 750 3752; x_wconf 91' lang='lat' dir='ltr'>et</span> <span class='ocrx_word' id='word_1_124' title='bbox 766 3689 804 3753; x_wconf 88' lang='lat' dir='ltr'>P.</span> <span class='ocrx_word' id='word_1_125' title='bbox 823 3689 1002 3753; x_wconf 88' lang='lat' dir='ltr'>Gonzalus</span> <span class='ocrx_word' id='word_1_126' title='bbox 1016 3689 1105 3752; x_wconf 88' lang='lat' dir='ltr'>Vaz.</span> <span class='ocrx_word' id='word_1_127' title='bbox 1122 3686 1166 3750; x_wconf 92' lang='lat' dir='ltr'>R.</span> <span class='ocrx_word' id='word_1_128' title='bbox 1183 3686 1220 3750; x_wconf 90' lang='lat' dir='ltr'>P.</span> <span class='ocrx_word' id='word_1_129' title='bbox 1244 3688 1326 3751; x_wconf 88' lang='lat' dir='ltr'>Pro·</span> 
     </span>
     <span class='ocr_line' id='line_1_21' title="bbox 90 3778 1329 3875; baseline 0.006 -26"><span class='ocrx_word' id='word_1_130' title='bbox 90 3778 258 3855; x_wconf 56' lang='lat' dir='ltr'>”irruatis</span> <span class='ocrx_word' id='word_1_131' title='bbox 272 3788 485 3873; x_wconf 78' lang='lat' dir='ltr'>‘aliquoties</span> <span class='ocrx_word' id='word_1_132' title='bbox 506 3794 740 3859; x_wconf 88' lang='lat' dir='ltr'>christianam</span> <span class='ocrx_word' id='word_1_133' title='bbox 755 3795 957 3859; x_wconf 90' lang='lat' dir='ltr'>doctrinam</span> <span class='ocrx_word' id='word_1_134' title='bbox 978 3795 1170 3875; x_wconf 84' lang='lat' dir='ltr'>explicauit</span> <span class='ocrx_word' id='word_1_135' title='bbox 1190 3793 1329 3857; x_wconf 88' lang='lat' dir='ltr'>orandi·</span> 
     </span>
    </p>
   </div>
   <div class='ocr_carea' id='block_1_5' title="bbox 98 3895 1326 4049">
    <p class='ocr_par' dir='ltr' id='par_1_9' title="bbox 98 3895 1326 4049">
     <span class='ocr_line' id='line_1_22' title="bbox 98 3895 1326 3983; baseline 0.001 -22"><span class='ocrx_word' id='word_1_136' title='bbox 98 3895 352 3962; x_wconf 65' lang='lat' dir='ltr'>querationem</span> <span class='ocrx_word' id='word_1_137' title='bbox 363 3901 542 3980; x_wconf 85' lang='lat' dir='ltr'>exposuit,</span> <span class='ocrx_word' id='word_1_138' title='bbox 558 3918 627 3981; x_wconf 86' lang='lat' dir='ltr'>qua</span> <span class='ocrx_word' id='word_1_139' title='bbox 642 3902 679 3964; x_wconf 93' lang='lat' dir='ltr'>in</span> <span class='ocrx_word' id='word_1_140' title='bbox 693 3920 732 3966; x_wconf 88' lang='lat' dir='ltr'>re</span> <span class='ocrx_word' id='word_1_141' title='bbox 747 3903 936 3983; x_wconf 90' lang='lat' dir='ltr'>plurimum</span> <span class='ocrx_word' id='word_1_142' title='bbox 951 3902 1172 3966; x_wconf 88' lang='lat' dir='ltr'>auditoribus</span> <span class='ocrx_word' id='word_1_143' title='bbox 1183 3900 1326 3981; x_wconf 87' lang='lat' dir='ltr'>placuit.</span> 
     </span>
     <span class='ocr_line' id='line_1_23' title="bbox 118 4018 312 4049; baseline 0.015 -3"><span class='ocrx_word' id='word_1_144' title='bbox 118 4018 312 4049; x_wconf 42' lang='grc' dir='ltr'>Νι...-</span> 
     </span>
    </p>
   </div>
   <div class='ocr_carea' id='block_1_6' title="bbox 123 4092 1331 4447">
    <p class='ocr_par' dir='ltr' id='par_1_10' title="bbox 123 4092 1331 4447">
     <span class='ocr_line' id='line_1_24' title="bbox 157 4092 1330 4162; baseline 0.005 -18"><span class='ocrx_word' id='word_1_145' title='bbox 157 4092 164 4123; x_wconf 86' lang='lat'><strong>¹</strong></span> <span class='ocrx_word' id='word_1_146' title='bbox 184 4099 364 4158; x_wconf 66' lang='lat' dir='ltr'>Autopraphae</span> <span class='ocrx_word' id='word_1_147' title='bbox 380 4103 405 4147; x_wconf 88' lang='lat' dir='ltr'>in</span> <span class='ocrx_word' id='word_1_148' title='bbox 424 4104 586 4159; x_wconf 74' lang='lat' dir='ltr'>quadruplici</span> <span class='ocrx_word' id='word_1_149' title='bbox 601 4105 670 4158; x_wconf 81' lang='lat' dir='ltr'>rouo,</span> <span class='ocrx_word' id='word_1_150' title='bbox 687 4117 728 4150; x_wconf 89' lang='lat' dir='ltr'>nn.</span> <span class='ocrx_word' id='word_1_151' title='bbox 748 4107 847 4150; x_wconf 70' lang='grc' dir='ltr'>59Ιὸ94.</span> <span class='ocrx_word' id='word_1_152' title='bbox 864 4108 963 4152; x_wconf 78' lang='lat' dir='ltr'>Auctor</span> <span class='ocrx_word' id='word_1_153' title='bbox 983 4119 1126 4162; x_wconf 70' lang='lat' dir='ltr'>cognomen</span> <span class='ocrx_word' id='word_1_154' title='bbox 1147 4118 1197 4152; x_wconf 91' lang='lat' dir='ltr'>non</span> <span class='ocrx_word' id='word_1_155' title='bbox 1217 4106 1330 4151; x_wconf 77' lang='lat' dir='ltr'>moseri·</span> 
     </span>
     <span class='ocr_line' id='line_1_25' title="bbox 123 4159 1331 4234; baseline 0.007 -20"><span class='ocrx_word' id='word_1_156' title='bbox 123 4159 213 4215; x_wconf 57' lang='lat' dir='ltr'>witred</span> <span class='ocrx_word' id='word_1_157' title='bbox 222 4180 322 4219; x_wconf 76' lang='lat' dir='ltr'>tantum</span> <span class='ocrx_word' id='word_1_158' title='bbox 331 4185 425 4218; x_wconf 86' lang='lat' dir='ltr'>nomen</span> <span class='ocrx_word' id='word_1_159' title='bbox 436 4174 560 4218; x_wconf 75' lang='lat' dir='ltr'>Gonnalo.</span> <span class='ocrx_word' id='word_1_160' title='bbox 571 4172 676 4220; x_wconf 86' lang='lat' dir='ltr'>Nullum</span> <span class='ocrx_word' id='word_1_161' title='bbox 692 4186 778 4221; x_wconf 74' lang='lat' dir='ltr'>tamen</span> <span class='ocrx_word' id='word_1_162' title='bbox 789 4190 844 4221; x_wconf 82' lang='lat' dir='ltr'>esse</span> <span class='ocrx_word' id='word_1_163' title='bbox 855 4178 959 4224; x_wconf 85' lang='lat' dir='ltr'>dubium</span> <span class='ocrx_word' id='word_1_164' title='bbox 975 4187 1059 4234; x_wconf 81' lang='lat' dir='ltr'>potest</span> <span class='ocrx_word' id='word_1_165' title='bbox 1075 4180 1136 4234; x_wconf 87' lang='lat' dir='ltr'>quin</span> <span class='ocrx_word' id='word_1_166' title='bbox 1147 4180 1169 4223; x_wconf 83' lang='lat' dir='ltr'>is</span> <span class='ocrx_word' id='word_1_167' title='bbox 1185 4179 1220 4222; x_wconf 86' lang='lat' dir='ltr'>trit</span> <span class='ocrx_word' id='word_1_168' title='bbox 1235 4178 1331 4222; x_wconf 83' lang='lat' dir='ltr'>Gundi·</span> 
     </span>
     <span class='ocr_line' id='line_1_26' title="bbox 126 4231 1329 4317; baseline 0.005 -29"><span class='ocrx_word' id='word_1_169' title='bbox 126 4231 240 4317; x_wconf 48' lang='lat' dir='ltr'>:flium</span> <span class='ocrx_word' id='word_1_170' title='bbox 252 4244 384 4290; x_wconf 76' lang='lat' dir='ltr'>Gonzains</span> <span class='ocrx_word' id='word_1_171' title='bbox 394 4245 516 4301; x_wconf 77' lang='lat' dir='ltr'>Silvein,</span> <span class='ocrx_word' id='word_1_172' title='bbox 527 4244 738 4303; x_wconf 76' lang='lat' dir='ltr'>Ulyssiponensis</span> <span class='ocrx_word' id='word_1_173' title='bbox 749 4248 885 4293; x_wconf 77' lang='lat' dir='ltr'>Proiessaa</span> <span class='ocrx_word' id='word_1_174' title='bbox 896 4248 992 4295; x_wconf 74' lang='lat' dir='ltr'>Domus</span> <span class='ocrx_word' id='word_1_175' title='bbox 1005 4250 1179 4307; x_wconf 64' lang='lat' dir='ltr'>Praepositum</span> <span class='ocrx_word' id='word_1_176' title='bbox 1191 4252 1237 4296; x_wconf 82' lang='lat' dir='ltr'>Ait</span> <span class='ocrx_word' id='word_1_177' title='bbox 1252 4257 1329 4296; x_wconf 80' lang='lat' dir='ltr'>enim:</span> 
     </span>
     <span class='ocr_line' id='line_1_27' title="bbox 139 4309 1329 4376; baseline 0.009 -21"><span class='ocrx_word' id='word_1_178' title='bbox 139 4309 157 4344; x_wconf 80' lang='lat'>¹¹¹</span> <span class='ocrx_word' id='word_1_179' title='bbox 167 4317 317 4362; x_wconf 69' lang='lat' dir='ltr'>concionibus</span> <span class='ocrx_word' id='word_1_180' title='bbox 328 4325 353 4361; x_wconf 83' lang='lat' dir='ltr'>et</span> <span class='ocrx_word' id='word_1_181' title='bbox 364 4318 491 4362; x_wconf 75' lang='lat' dir='ltr'>doctrinis</span> <span class='ocrx_word' id='word_1_182' title='bbox 501 4330 638 4364; x_wconf 76' lang='lat' dir='ltr'>versamur</span> <span class='ocrx_word' id='word_1_183' title='bbox 648 4331 697 4374; x_wconf 67' lang='lat' dir='ltr'>ego</span> <span class='ocrx_word' id='word_1_184' title='bbox 712 4327 739 4364; x_wconf 90' lang='lat' dir='ltr'>et</span> <span class='ocrx_word' id='word_1_185' title='bbox 757 4321 784 4363; x_wconf 88' lang='grc' dir='ltr'>Ρ.</span> <span class='ocrx_word' id='word_1_186' title='bbox 805 4321 936 4365; x_wconf 82' lang='lat' dir='ltr'>Gonzalus</span> <span class='ocrx_word' id='word_1_187' title='bbox 952 4322 1017 4367; x_wconf 79' lang='lat' dir='ltr'>Vna.</span> <span class='ocrx_word' id='word_1_188' title='bbox 1031 4324 1154 4376; x_wconf 86' lang='lat' dir='ltr'>Jamvero</span> <span class='ocrx_word' id='word_1_189' title='bbox 1165 4336 1197 4367; x_wconf 86' lang='lat' dir='ltr'>ex</span> <span class='ocrx_word' id='word_1_190' title='bbox 1212 4324 1329 4368; x_wconf 75' lang='lat' dir='ltr'>Potauct</span> 
     </span>
     <span class='ocr_line' id='line_1_28' title="bbox 127 4366 1331 4447; baseline 0.007 -18"><span class='ocrx_word' id='word_1_191' title='bbox 127 4366 233 4440; x_wconf 56' lang='lat' dir='ltr'>Quen,</span> <span class='ocrx_word' id='word_1_192' title='bbox 242 4396 260 4432; x_wconf 92' lang='lat' dir='ltr'>t.</span> <span class='ocrx_word' id='word_1_193' title='bbox 272 4400 311 4439; x_wconf 78' lang='lat' dir='ltr'>tv,</span> <span class='ocrx_word' id='word_1_194' title='bbox 322 4401 382 4444; x_wconf 71' lang='lat' dir='ltr'>pap.</span> <span class='ocrx_word' id='word_1_195' title='bbox 391 4388 441 4443; x_wconf 75' lang='lat'>538,</span> <span class='ocrx_word' id='word_1_196' title='bbox 452 4402 494 4434; x_wconf 86' lang='lat' dir='ltr'>nn.</span> <span class='ocrx_word' id='word_1_197' title='bbox 506 4390 559 4433; x_wconf 79' lang='grc'><strong>1187</strong></span> <span class='ocrx_word' id='word_1_198' title='bbox 568 4398 594 4435; x_wconf 89' lang='lat' dir='ltr'>et</span> <span class='ocrx_word' id='word_1_199' title='bbox 605 4402 669 4446; x_wconf 72' lang='lat' dir='ltr'>seq..</span> <span class='ocrx_word' id='word_1_200' title='bbox 680 4391 723 4436; x_wconf 86' lang='lat' dir='ltr'>ubi</span> <span class='ocrx_word' id='word_1_201' title='bbox 734 4400 789 4447; x_wconf 73' lang='lat' dir='ltr'>agit</span> <span class='ocrx_word' id='word_1_202' title='bbox 802 4393 833 4435; x_wconf 87' lang='lat' dir='ltr'>de</span> <span class='ocrx_word' id='word_1_203' title='bbox 842 4393 925 4438; x_wconf 89' lang='lat' dir='ltr'>Domo</span> <span class='ocrx_word' id='word_1_204' title='bbox 940 4394 1118 4440; x_wconf 70' lang='lat' dir='ltr'>professorum</span> <span class='ocrx_word' id='word_1_205' title='bbox 1133 4392 1223 4440; x_wconf 77' lang='lat' dir='ltr'>Sancti</span> <span class='ocrx_word' id='word_1_206' title='bbox 1237 4394 1331 4447; x_wconf 85' lang='lat' dir='ltr'>Rochi,</span> 
     </span>
    </p>
   </div>
   <div class='ocr_carea' id='block_1_7' title="bbox 128 4448 1329 4576">
    <p class='ocr_par' dir='ltr' id='par_1_11' title="bbox 128 4448 1329 4576">
     <span class='ocr_line' id='line_1_29' title="bbox 128 4448 1329 4522; baseline 0.01 -24"><span class='ocrx_word' id='word_1_207' title='bbox 128 4448 219 4500; x_wconf 61' lang='lat' dir='ltr'>mbrut</span> <span class='ocrx_word' id='word_1_208' title='bbox 231 4468 297 4515; x_wconf 79' lang='lat' dir='ltr'>eunt,</span> <span class='ocrx_word' id='word_1_209' title='bbox 315 4461 358 4516; x_wconf 80' lang='lat' dir='ltr'>qni</span> <span class='ocrx_word' id='word_1_210' title='bbox 376 4472 433 4505; x_wconf 80' lang='lat' dir='ltr'>cunr</span> <span class='ocrx_word' id='word_1_211' title='bbox 451 4460 479 4506; x_wconf 86' lang='lat' dir='ltr'>P.</span> <span class='ocrx_word' id='word_1_212' title='bbox 490 4458 652 4507; x_wconf 77' lang='lat' dir='ltr'>Gundiulvo</span> <span class='ocrx_word' id='word_1_213' title='bbox 663 4460 720 4507; x_wconf 80' lang='lat' dir='ltr'>Vaz</span> <span class='ocrx_word' id='word_1_214' title='bbox 738 4472 830 4509; x_wconf 79' lang='lat' dir='ltr'>munus</span> <span class='ocrx_word' id='word_1_215' title='bbox 848 4466 937 4510; x_wconf 83' lang='lat' dir='ltr'>obibat</span> <span class='ocrx_word' id='word_1_216' title='bbox 954 4465 1134 4522; x_wconf 76' lang='lat' dir='ltr'>concionandi,</span> <span class='ocrx_word' id='word_1_217' title='bbox 1150 4466 1228 4512; x_wconf 71' lang='lat' dir='ltr'>tuine</span> <span class='ocrx_word' id='word_1_218' title='bbox 1244 4467 1329 4521; x_wconf 78' lang='lat' dir='ltr'>ipsum</span> 
     </span>
     <span class='ocr_line' id='line_1_30' title="bbox 131 4507 464 4576; baseline 0.027 -9"><span class='ocrx_word' id='word_1_219' title='bbox 131 4507 153 4557; x_wconf 60' lang='grc' dir='ltr'>Ρ·</span> <span class='ocrx_word' id='word_1_220' title='bbox 162 4517 330 4576; x_wconf 79' lang='lat' dir='ltr'>Grnduatvum</span> <span class='ocrx_word' id='word_1_221' title='bbox 341 4530 464 4576; x_wconf 75' lang='lat' dir='ltr'>Silveira.</span> 
     </span>
    </p>
   </div>
   <div class='ocr_carea' id='block_1_8' title="bbox 159 4586 444 4723">
    <p class='ocr_par' dir='ltr' id='par_1_12' title="bbox 159 4586 444 4723">
     <span class='ocr_line' id='line_1_31' title="bbox 159 4586 444 4648; baseline 0.042 -12"><span class='ocrx_word' id='word_1_222' title='bbox 159 4586 168 4619; x_wconf 82' lang='lat'><strong>¹</strong></span> <span class='ocrx_word' id='word_1_223' title='bbox 187 4590 287 4646; x_wconf 72' lang='lat' dir='ltr'>Periisse</span> <span class='ocrx_word' id='word_1_224' title='bbox 297 4604 319 4648; x_wconf 79' lang='lat' dir='ltr'>is</span> <span class='ocrx_word' id='word_1_225' title='bbox 329 4603 444 4648; x_wconf 79' lang='lat' dir='ltr'>videtur.</span> 
     </span>
     <span class='ocr_line' id='line_1_32' title="bbox 159 4656 429 4723; baseline 0.022 -8"><span class='ocrx_word' id='word_1_226' title='bbox 159 4656 170 4693; x_wconf 76' lang='lat'>⁸</span> <span class='ocrx_word' id='word_1_227' title='bbox 188 4665 212 4713; x_wconf 85' lang='lat' dir='ltr'>P.</span> <span class='ocrx_word' id='word_1_228' title='bbox 221 4671 327 4723; x_wconf 73' lang='lat' dir='ltr'>lacobus</span> <span class='ocrx_word' id='word_1_229' title='bbox 337 4674 429 4721; x_wconf 77' lang='lat' dir='ltr'>Miror.</span> 
     </span>
    </p>
   </div>
   <div class='ocr_carea' id='block_1_9' title="bbox 0 0 1610 5392">
    <p class='ocr_par' dir='ltr' id='par_1_13' title="bbox 0 0 1610 5392">
     <span class='ocr_line' id='line_1_33' title="bbox 0 0 1610 5392; baseline 0 0"><span class='ocrx_word' id='word_1_230' title='bbox 0 0 1610 5392; x_wconf 95' lang='lat' dir='ltr'> </span> 
     </span>
    </p>
   </div>
  </div>
 </body>
</html>
