3210 5392
584 474 646 532 Au·
662 475 738 532 taos
1218 474 1273 533 713

46 621 213 684 alacriter
227 636 369 683 sacrum
385 620 561 701 baptisma
580 619 752 700 suscepit,
776 637 797 682 a
818 636 887 699 quo
909 619 1041 700 alioqui
1064 620 1161 699 prius
1184 620 1271 682 satis

43 727 269 790 abhorrebat.
291 727 354 790 Est
373 736 408 791 et
427 727 574 791 iudaeus
593 727 746 807 quidam,
768 726 842 807 qui,
869 727 915 789 ad
938 728 1097 790 eamdem
1117 728 1272 802 gratiam

44 834 221 914 aspirans,
239 850 260 895 a
274 833 407 896 nostris
423 835 675 912 catechizatur;
691 835 823 911 statim,
835 842 875 895 vt
886 850 1082 915 speramus
1096 834 1272 914 baptisma

44 951 289 1020 suscepturus.
305 938 394 1003 Sunt
408 940 465 1003 hic
481 957 655 1021 pauperes
670 939 813 1019 quidam
828 939 976 1003 studiosi
987 941 1107 1021 plures
1118 949 1271 1018 centum,

44 1048 115 1128 qui,
132 1047 258 1127 patriis
273 1046 431 1109 destituti
444 1048 557 1125 boniS,
574 1047 609 1109 in
624 1046 767 1109 domum
782 1045 972 1127 quamdam
988 1047 1062 1110 siue
1078 1046 1274 1126 Collegium

45 1154 267 1234 recipiuntur
281 1153 325 1216 ob
340 1152 433 1216 hunc
447 1152 552 1216 finem
568 1153 650 1216 olim
665 1162 919 1232 constructum,
936 1155 995 1233 qui
1011 1154 1168 1217 ostiatim
1191 1171 1273 1234 quo·

46 1261 131 1325 tidie
158 1261 292 1323 victum
318 1261 529 1340 quaeritant.
557 1260 692 1323 Horum
719 1259 824 1323 aedes
853 1278 933 1324 cum
960 1270 1138 1324 vetustate
1165 1260 1274 1323 nimia

46 1384 137 1449 pene
152 1376 372 1445 corruerent,
389 1368 528 1430 curauit
542 1366 584 1430 R.
598 1366 639 1430 P.
656 1366 795 1447 Lainoy
815 1366 823 1398 ¹
839 1368 1076 1447 eleemosynis
1093 1385 1113 1430 a
1128 1368 1275 1430 nonnul-

46 1475 89 1538 lis
103 1474 323 1554 principibus
338 1484 372 1536 et
386 1473 613 1553 magnatibus
626 1472 781 1554 undique
803 1474 959 1537 collectis
978 1491 1040 1537 eas
1059 1475 1203 1553 egregie
1223 1491 1275 1536 re·

48 1580 217 1657 staurari,
233 1597 372 1643 necnon
386 1580 455 1643 illis
469 1589 542 1642 tam
557 1580 600 1644 de
614 1581 771 1644 vestibus
786 1598 892 1661 quam
906 1580 985 1643 aliis
995 1580 1101 1644 rebus
1115 1580 1277 1644 subueni-

48 1689 89 1766 ri,
106 1689 157 1751 ita
175 1697 209 1749 vt
232 1687 518 1750 commodissima
541 1705 635 1750 nunc
655 1688 872 1751 habitatione
891 1685 1071 1751 fruantur:
1093 1687 1219 1767 quibus
1243 1697 1278 1750 et

49 1796 173 1858 diebus
187 1792 288 1856 lestis
303 1793 502 1856 doctrinam
524 1793 755 1857 christianam
770 1794 953 1876 praelegit.

109 1899 246 1965 Verum
261 1917 305 1964 ne
326 1900 513 1964 breuitatis
533 1901 662 1965 limites
684 1914 881 1980 transeam,
902 1903 1052 1982 paucula
1072 1901 1115 1964 de
1135 1901 1278 1965 nouitiis

50 2007 213 2085 subdam,
238 2023 388 2087 quorum
407 2023 590 2084 numeruS,
612 2007 727 2087 pietas
747 2017 798 2085 et,
820 2008 914 2088 quod
934 2008 978 2071 ab
999 2008 1086 2088 ipsis
1112 2007 1277 2086 exigitur,

51 2115 248 2178 studiorum
262 2112 400 2177 fructus
414 2114 450 2177 in
465 2113 541 2177 dies
556 2125 718 2193 augetur.
735 2113 780 2178 Se
792 2116 885 2178 enim
896 2113 1021 2178 faciles
1033 2113 1223 2178 admodum
1236 2132 1279 2177 ac
1375 2115 1378 2121 '

51 2232 235 2303 promptos
249 2222 295 2284 ad
309 2220 455 2284 humilia
471 2220 585 2284 officia
601 2222 778 2285 exhibent.
794 2222 846 2286 Ita
862 2231 901 2285 vt
912 2222 1059 2285 subinde
1070 2224 1127 2303 pie
1139 2232 1280 2285 conten·

51 2330 137 2392 dant
153 2329 317 2408 quisnam
332 2329 486 2390 culinam
500 2328 545 2390 ad
561 2327 756 2392 abluendas
768 2331 933 2392 scutellas
948 2329 1057 2391 adibit
1072 2330 1181 2410 etqui
1196 2330 1278 2392 heb-

51 2435 241 2499 domadam
255 2452 357 2499 suam
377 2433 556 2510 linierunt,
580 2452 618 2498 se
637 2434 840 2516 frequenter
861 2437 1077 2517 interruptos
1098 2437 1216 2515 aiunt,
1242 2449 1282 2499 vt

52 2544 120 2606 hac
136 2542 325 2606 occasione
339 2541 470 2605 diutius
486 2543 553 2605 illis
568 2558 712 2605 manere
723 2543 839 2607 liceat.

110 2648 250 2712 Horum
264 2650 324 2729 pia
339 2649 611 2712 conuersatione
625 2665 668 2712 ac
682 2649 776 2713 bono
788 2652 950 2730 exemplo
962 2668 1032 2714 non
1045 2668 1171 2731 parum
1187 2650 1277 2713 aedi·

53 2756 205 2820 ficantur
216 2755 376 2835 studiosi,
390 2756 449 2836 qui
460 2767 603 2818 nostros
614 2756 762 2820 libenter
774 2759 1010 2838 alloquuntur,
1024 2757 1053 2820 si
1066 2757 1281 2837 quandoper

53 2863 292 2928 obedientiam
304 2862 393 2943 ipsis
405 2864 521 2926 liceat.
538 2861 646 2943 quue
662 2878 792 2942 magno
807 2881 914 2944 saepe
937 2881 1016 2928 cum
1036 2863 1164 2927 fructu.
1192 2863 1282 2926 Nam

54 2971 136 3034 hinc
164 2970 307 3050 quidam
335 2987 374 3032 se
405 2979 548 3033 nostrae
583 2969 781 3049 adiungunt
813 2969 992 3034 Societati.
1027 2969 1097 3034 Alii
1133 2971 1284 3051 idipsum

51 3086 189 3158 optant,
206 3077 272 3139 nisi
287 3087 348 3139 aut
363 3086 472 3151 aetas,
490 3085 550 3139 aut
566 3077 662 3157 ipsos
678 3088 844 3157 parentes
859 3077 1080 3158 impedirent.

113 3183 194 3260 Hic,
212 3184 294 3247 licet
309 3182 354 3247 ad
369 3182 475 3246 finem
493 3201 696 3263 properem,
713 3182 864 3247 duorum
885 3195 1003 3248 tamen
1020 3182 1207 3264 juuenum,
1225 3201 1284 3246 ne·

54 3301 189 3373 potum,
207 3290 362 3371 inquam,
380 3291 584 3354 cancellarii
599 3291 687 3370 regii
702 3290 731 3370 ¹,
749 3293 808 3372 qui
830 3309 893 3371 per
914 3308 1045 3354 anuum
1067 3307 1285 3355 commensa-

54 3400 106 3462 les
120 3399 236 3461 nostri
249 3396 359 3476 luere,
375 3414 512 3478 nequeo
529 3399 723 3478 praeterire
739 3398 930 3461 vehemens
943 3398 988 3461 ad
999 3397 1213 3461 Societatem
1224 3414 1285 3460 no-

53 3515 167 3569 stram
182 3504 406 3577 desiderium;
423 3521 574 3584 quorum
586 3502 721 3584 junior,
746 3505 879 3584 optima
901 3503 1082 3584 praeditus
1103 3503 1219 3566 indole
1241 3521 1284 3567 ac

55 3611 145 3674 satis
159 3609 297 3688 doctus,
314 3610 445 3673 iamdiu
461 3620 582 3674 noster
597 3627 674 3675 esse
696 3611 840 3691 cupiuit,
862 3622 896 3674 et
915 3629 953 3674 se
976 3629 1040 3674 nos
1055 3620 1288 3690 sequuturum

56 3735 146 3795 esse,
162 3717 191 3780 si
205 3717 287 3780 hinc
299 3717 454 3796 migrare
467 3718 666 3797 contigerit,
681 3728 886 3782 constanter
898 3718 1060 3781 affirmat.
1074 3718 1175 3780 Alter
1186 3734 1285 3794 vero,

56 3825 100 3888 de
115 3840 186 3905 quo
201 3825 318 3886 minus
332 3824 434 3887 nobis
449 3824 702 3904 pollicebamur
719 3824 807 3905 (erat
822 3825 915 3888 enim
930 3842 950 3886 a
964 3825 1066 3888 nobis
1079 3824 1195 3903 magis
1206 3823 1287 3885 alie·

56 3931 148 4008 nus),
166 3931 298 3994 nostris
313 3947 351 3993 se
368 3929 561 4009 adiungere
578 3931 665 3994 adeo
682 3933 778 4010 cupit
792 3942 832 3994 vt
852 3949 915 4012 per
930 3933 1060 3994 multos
1079 3931 1171 4009 dieS,
1196 3931 1288 3993 sicut

57 4039 190 4102 nostris
206 4036 323 4100 fassus
338 4046 403 4114 est,
421 4037 463 4099 de
479 4036 655 4116 profunda
670 4048 774 4101 nocte
790 4055 941 4117 surgens
963 4038 1078 4101 nudus
1094 4038 1129 4100 in
1152 4047 1286 4100 terram

58 4154 260 4225 prostratus
271 4144 429 4207 orauerit
447 4143 626 4207 seruenter
640 4144 832 4209 Dominum
844 4157 882 4208 vt
898 4145 1091 4226 superioris
1102 4145 1213 4207 nostri
1225 4161 1288 4207 cor

57 4253 102 4315 ati
121 4251 236 4330 ipsum
252 4250 518 4330 suscipiendum
533 4261 702 4314 moueret.
720 4250 758 4315 Id
772 4269 859 4315 vero
874 4269 954 4315 cum
976 4269 1048 4314 non
1064 4251 1209 4315 auderet
1224 4249 1290 4314 Re-

59 4356 217 4422 uerendo
232 4356 330 4420 Patri
346 4367 471 4419 nostro
486 4374 685 4438 proponere
702 4359 767 4436 (est
782 4359 875 4421 enim
890 4370 1018 4421 natura
1039 4358 1289 4436 verecundus),

103 4638 112 4670 ¹
141 4637 161 4680 P
179 4634 303 4679 Nicotaus
312 4634 413 4692 Lauoy,
424 4635 530 4681 Rector.

103 4709 116 4741 ¹
143 4705 333 4758 Jacoleooae.
