3240 5386
302 434 357 493 098
690 433 1145 504 errunauouanaruusrnus
1210 472 1215 480 ·

300 583 395 660 gelio
410 581 478 644 Dei
492 581 714 661 explicando,
731 591 835 661 prout
851 581 1025 646 Dominus
1040 582 1134 646 uires
1153 582 1383 663 suppeditat,
1408 581 1546 644 soleba·

303 705 382 752 mus
398 691 517 752 statim
533 707 554 752 a
569 689 750 767 concione,
765 690 944 769 paululum
965 691 1065 770 prius
1089 690 1215 770 spiritu
1242 688 1467 765 refocillato,
1494 705 1543 751 se·

302 795 387 859 dere
402 795 447 858 ad
471 795 711 859 confessiones
736 795 931 859 audiendas
946 813 1057 876 usque
1079 797 1115 859 in
1134 812 1340 876 uesperum;
1365 795 1436 859 sed
1450 811 1542 858 nunc

302 901 396 965 istud
424 919 513 965 onus
537 900 634 966 Patri
660 902 816 966 Antonio
843 901 851 932 ¹
876 903 1129 982 commisimus
1156 920 1200 966 nc
1224 903 1313 983 quid
1335 902 1450 966 nimis
1473 910 1538 965 etc.

301 1006 413 1072 Porro
428 1009 464 1073 in
479 1011 609 1089 templo
625 1010 752 1072 maiori
767 1009 922 1090 quotidie
936 1008 1102 1074 sedemus
1116 1009 1162 1072 ad
1182 1008 1384 1073 audiendas
1400 1007 1538 1072 confes·

302 1116 433 1194 siones,
463 1133 573 1196 prope
598 1134 767 1197 magnum
788 1118 911 1196 altare,
933 1126 1035 1180 extra
1058 1117 1221 1196 chorum,
1249 1134 1270 1180 a
1297 1133 1370 1197 quo
1393 1115 1537 1197 quidem

301 1224 380 1287 loco
396 1240 461 1287 nos
476 1224 665 1286 exturbare
680 1223 872 1287 atmodum
887 1224 986 1287 illum
1011 1223 1178 1287 audiendi
1197 1222 1461 1300 confessiones,
1482 1238 1537 1284 ca·

301 1330 440 1394 nonicis
454 1331 645 1409 insolitum,
664 1332 920 1410 interrumpere
948 1331 1105 1393 nonnulli
1134 1348 1179 1394 ex
1208 1329 1399 1393 canonicis
1429 1338 1540 1392 tenta·

302 1446 385 1500 runt
399 1455 470 1501 non
484 1438 534 1500 ita
548 1436 691 1513 dudum,
720 1438 902 1501 trahentes
917 1438 953 1500 in
968 1436 1114 1500 dubium
1134 1445 1294 1500 nostram
1310 1434 1536 1515 facultatem,

302 1544 366 1607 sed
380 1561 475 1621 ecce,
492 1544 575 1608 dum
586 1544 675 1607 haec
696 1545 783 1608 fiunt
805 1545 840 1607 in
863 1544 1023 1608 absentia
1043 1552 1178 1622 nostra,
1201 1542 1381 1607 Dominus
1399 1551 1538 1623 pugnat

301 1668 366 1730 pro
381 1651 493 1730 nobis;
510 1669 593 1740 napi
608 1670 653 1715 ex
668 1651 871 1731 pluralitate
885 1667 1014 1715 uocum
1026 1651 1075 1713 nil
1091 1660 1215 1714 contra
1230 1666 1297 1713 nos
1318 1649 1537 1713 concludere

301 1767 501 1838 potuerunt.
514 1755 566 1822 Sit
581 1757 755 1822 Dominus
769 1758 986 1824 benedictus.
1003 1755 1166 1832 Proinde,
1184 1765 1222 1820 ut
1242 1756 1447 1836 coepimus,
1464 1772 1536 1836 per-

300 1865 418 1944 gimus
433 1865 673 1928 confessiones
697 1863 819 1928 audire
844 1865 880 1928 in
904 1863 1029 1928 eodem
1054 1865 1133 1928 loco
1159 1863 1337 1943 tantisper
1360 1863 1451 1926 dum
1475 1861 1539 1925 Re·

301 1971 477 2035 uerendae
491 1970 702 2035 Paternitati
716 1971 869 2035 Vestrae
889 1972 1074 2052 placuerit.

360 2076 550 2142 Praeterea
561 2088 614 2141 est
626 2087 661 2141 et
672 2078 778 2158 aliud,
788 2078 883 2159 quod
894 2095 963 2141 uon
976 2095 1103 2158 parum
1114 2094 1171 2141 me
1181 2085 1216 2140 et
1223 2077 1424 2157 quemdam
1430 2076 1539 2140 alium

300 2186 512 2249 canonicum
524 2194 677 2264 exercet,
691 2202 818 2265 nempe
828 2202 914 2249 cura
926 2203 972 2248 ex
981 2184 1150 2248 mandato
1162 2182 1309 2262 capituli
1321 2183 1431 2248 nobis
1444 2200 1538 2247 com·

300 2292 408 2355 missa
423 2291 572 2355 duorum
586 2292 837 2356 coenobiorum
862 2291 1058 2368 mulierum,
1081 2307 1163 2354 cum
1185 2289 1412 2370 beghinagio
1437 2307 1461 2352 a
1479 2289 1539 2354 Vi·

300 2400 399 2461 cario
411 2399 577 2479 Episcopi
593 2400 782 2463 commisso
797 2399 883 2461 mihi
897 2399 974 2479 soli,
991 2398 1050 2461 ubi
1065 2398 1214 2477 singulis
1228 2396 1425 2461 dominicis
1438 2415 1539 2478 prae·

299 2504 460 2569 dicamus
475 2514 509 2568 et
520 2503 558 2567 P.
575 2506 752 2569 Antonius
767 2505 1007 2569 confessiones
1023 2505 1132 2568 audit:
1149 2502 1399 2567 desideramus
1416 2514 1454 2568 et
1466 2514 1539 2568 teu·

299 2622 416 2676 tamus
431 2614 466 2676 in
485 2613 589 2676 dictis
605 2614 783 2677 coenobiis
798 2613 1006 2693 disciplinae
1018 2611 1235 2675 monasticae
1251 2611 1417 2690 rigorem
1437 2628 1539 2675 reuo-

297 2737 393 2800 care,
406 2721 468 2784 sed
480 2720 596 2784 adhuc
607 2737 733 2800 parum
742 2719 994 2801 promouimus;
1006 2737 1090 2783 nam
1101 2735 1265 2782 caremus
1275 2718 1335 2781 hic
1349 2719 1538 2782 coenobiis

299 2828 459 2890 uirorum
480 2827 696 2905 reformatis,
722 2828 781 2907 qui
805 2827 906 2889 nobis
928 2837 1073 2906 possent
1094 2842 1173 2888 esse
1198 2824 1426 2904 adiument0;
1455 2834 1537 2888 sunt

299 2944 416 2996 autem
431 2935 548 3014 potius
573 2944 784 2996 nocumento
809 2935 852 2996 ob
868 2933 1075 2997 dissolutam
1097 2933 1254 3012 ipsorum
1280 2931 1408 2994 uitam.
1428 2931 1536 2995 Dicta

299 3042 470 3103 coenobia
486 3042 617 3103 habent
642 3057 724 3103 suos
745 3039 982 3103 confessarios
1004 3040 1215 3116 ordinarios
1243 3055 1308 3100 nos
1330 3049 1458 3103 autem
1480 3057 1538 3101 ex·

299 3147 545 3226 traordinarie,
563 3149 645 3210 dum
660 3147 791 3227 aliquid
806 3147 987 3210 insolitum
1003 3146 1188 3225 contingit,
1206 3144 1378 3207 adsumus
1396 3145 1482 3209 illis.

359 3255 552 3329 Postrem0,
570 3266 740 3335 quantum
755 3255 800 3316 ad
815 3255 1023 3335 temporalia
1042 3263 1165 3316 nostra
1185 3253 1278 3315 bona
1299 3252 1446 3332 attinet,
1467 3253 1538 3315 illis

299 3372 552 3440 sustentamur,
580 3373 613 3423 et
636 3363 680 3424 ob
707 3362 887 3425 caristiam
912 3378 1075 3424 annonae
1100 3377 1274 3440 pauperes
1297 3357 1406 3421 ualde
1436 3360 1538 3423 multi

299 3486 365 3531 nos
377 3469 599 3555 interpellant
612 3470 706 3532 domi
717 3469 884 3549 forisque,
898 3486 986 3547 quos
998 3468 1106 3531 uerbo
1118 3477 1152 3529 et
1166 3468 1411 3545 eleemosyna,
1426 3484 1539 3547 quan·

300 3585 374 3637 tum
388 3593 586 3654 possumus,
603 3577 639 3637 in
653 3576 806 3638 Domino
822 3578 1025 3639 consolatos
1044 3574 1261 3637 dimittimus.
1286 3571 1373 3634 Inde
1396 3572 1538 3636 factum

300 3693 353 3744 est
380 3691 417 3744 ut
445 3682 558 3744 serius
587 3683 631 3744 ad
656 3682 901 3744 Reuerendam
915 3681 1083 3744 Vestram
1097 3679 1350 3742 Peternitatem
1370 3680 1538 3760 aliquam

300 3805 474 3851 summam
488 3790 659 3869 pecuniae
674 3790 913 3852 remiserimus
929 3787 974 3850 ad
994 3786 1273 3849 subleuationem
1288 3801 1538 3864 expensarum

301 3897 442 3974 collegii
457 3897 605 3958 romani.
622 3895 723 3958 Nunc
739 3893 886 3975 proinde
904 3912 967 3974 per
989 3893 1155 3956 Alexium
1180 3891 1382 3954 Fontanam
1403 3893 1417 3925 ¹
1441 3893 1540 3957 dedi·

300 4001 431 4065 musP.
458 4003 639 4065 Bernardo
665 4001 675 4031 ³
700 4002 1007 4065 transmittendam
1028 3999 1072 4062 ad
1097 3998 1139 4062 R.
1166 3999 1212 4061 V.
1228 3999 1265 4061 P.
1287 4014 1476 4063 summam
1500 4000 1540 4060 40

299 4111 522 4172 ducatorum.

361 4217 414 4278 De
443 4217 653 4279 canonicatu
684 4233 769 4277 uero
796 4226 917 4278 nostro
945 4213 1194 4277 commutando
1224 4213 1280 4273 uel
1309 4212 1539 4292 resignando

300 4324 396 4386 nulla
411 4340 449 4385 se
465 4324 588 4386 obtulit
603 4322 718 4385 adhuc
733 4323 887 4400 occasio,
904 4339 1010 4402 quam
1027 4321 1155 4383 obnixe
1172 4328 1408 4398 expectamus
1426 4338 1450 4383 a
1467 4321 1543 4385 Do-

341 4528 349 4559 ¹
378 4528 452 4570 Patri
464 4529 577 4570 Antonio
589 4527 704 4570 Bouclet.

340 4601 351 4630 ¹
379 4600 445 4643 Vide
456 4611 544 4652 supra,
557 4599 673 4652 pag.63d,

342 4673 352 4704 ³
381 4674 454 4716 Patri
465 4673 598 4716 Bernardo
610 4672 732 4715 Oliverio.
