3210 5392
707 453 771 511 An.
795 414 863 510 ras-t
1020 448 1023 464 ·
1348 445 1399 504 147

180 598 231 659 hr'
246 599 394 678 collegii:
411 604 498 678 pero
519 605 604 662 sara
624 608 718 662 stato
737 598 942 662 necessario
959 595 1024 659 che
1038 594 1073 659 S.
1096 593 1137 657 R.
1154 594 1203 658 iui
1219 594 1325 657 habbi
1348 594 1413 656 al··

181 714 294 783 quanto
307 704 496 769 dimorato:
510 708 587 785 pur’
604 706 640 769 di
654 706 781 784 giorno
797 706 833 768 in
847 705 974 783 giorno
989 706 1017 765 s'
1035 711 1183 783 espetta.

227 810 324 875 Aitro
339 828 403 892 per
417 813 442 874 il
457 822 620 892 presente
635 830 707 876 non
722 815 768 874 m'
787 828 946 874 occorre.
963 809 1008 873 V.
1026 808 1067 872 R.
1084 808 1122 872 P.
1140 808 1218 889 pell'
1234 810 1346 871 amor'
1364 807 1404 869 d’·

184 917 262 981 iddio
275 919 461 999 prieghila
473 919 592 982 diuina
605 924 768 998 magesta
779 919 898 982 chese
913 918 1020 996 degni
1034 916 1138 980 far'ci
1153 915 1248 979 serui
1265 914 1320 978 soi
1338 915 1399 994 pih

186 1024 321 1105 diligenti
334 1025 401 1088 che
413 1025 461 1088 fin
476 1043 545 1106 qua
560 1043 632 1089 non
646 1026 759 1088 siamo
777 1025 860 1088 stati
877 1043 897 1087 a
912 1024 1028 1104 gloria
1044 1034 1078 1086 et
1089 1023 1224 1086 honore
1240 1039 1315 1086 suo.

229 1131 270 1195 Di
283 1132 452 1205 Messina‚
471 1132 508 1195 13
519 1131 554 1195 di
565 1130 762 1196 Settembre
776 1131 864 1194 1554.

405 1237 1212 1320 ΗἊΚΗΜωΜψΜῶΜΗΜ,

850 1450 1037 1514 Auurnnne
1060 1449 1237 1514 Connnno.

242 1773 497 1855 Superscrz'ptto
508 1772 547 1834 in
562 1777 694 1852 quarta
701 1771 859 1851 pagina:
874 1771 920 1836 Al
934 1775 1042 1835 molto
1057 1770 1134 1834 R.‘¹⁰
1154 1771 1190 1834 in
1206 1769 1276 1834 C.to
1288 1769 1402 1834 Padre

201 1878 252 1942 ilP.
266 1881 415 1945 Maestro
430 1879 569 1960 Ignatio
584 1879 627 1942 de
642 1879 790 1958 Loyola,
807 1878 990 1959 Preposito
1005 1880 1172 1959 generale
1193 1878 1285 1941 delia
1300 1876 1401 1942 Com·

203 1989 304 2064 pagnia
317 1989 352 2052 di
369 1987 492 2063 Giesu,
509 1986 546 2049 in
563 1984 685 2048 Roma.

247 2094 316 2159 Ah'ct
325 2112 448 2158 manu.
462 2093 628 2156 Messina.
641 2091 776 2155 54.-13
787 2092 822 2155 di
835 2092 854 2153 7
860 2092 915 2150 ,δῖε

291 2626 501 2672 Pneoedentium
512 2626 599 2670 Patris
611 2626 746 2670 Annibalis
757 2637 773 2671 a
784 2625 914 2669 Condreto
923 2624 1071 2668 litterarum
1082 2623 1165 2667 latina
1175 2623 1262 2668 versio
1273 2623 1292 2667 ⁸.

546 2706 700 2761 Exemplum
710 2707 821 2761 primum
831 2705 1031 2760 autographum.

754 2893 830 3011 ihs

252 3156 360 3226 Gratia
385 3162 532 3226 Domini
556 3163 671 3225 nostri
689 3163 773 3244 Jesu
793 3161 925 3225 Christi
944 3162 989 3225 sit
1015 3179 1095 3224 cum
1120 3162 1246 3241 spiritu
1271 3173 1403 3227 nostro.

209 3253 306 3332 iinon.

252 3367 421 3440 Profectus
435 3376 642 3456 spiritualis
659 3374 764 3438 Pater
779 3376 910 3456 optime
932 3375 968 3437 in
988 3373 1130 3438 Christo
1143 3375 1239 3456 Jesu,
1256 3386 1408 3456 quatuor

209 3467 248 3536 his
258 3483 425 3546 mensibus
441 3481 509 3545 hac
525 3481 561 3544 in
576 3482 663 3545 urbe
678 3481 871 3561 quaesitus
888 3481 954 3543 etsi
969 3498 1036 3543 non
1054 3490 1107 3544 est
1123 3482 1266 3545 omnino
1278 3486 1405 3558 nulius

208 3583 296 3651 iumen
318 3606 389 3653 non
411 3598 532 3652 tantus
558 3598 624 3666 est,
650 3597 689 3652 ut
712 3604 881 3667 magnum
901 3587 1037 3669 aliquid·
1052 3587 1210 3667 proferre
1225 3591 1349 3670 possit,
1373 3602 1409 3654 et

209 3697 268 3754 cunr
280 3695 329 3773 iis,
345 3712 438 3777 quae
453 3695 532 3758 aliis
547 3695 582 3758 in
596 3695 684 3758 iocis
700 3694 862 3758 audimus
877 3694 964 3771 heri,
982 3695 1099 3775 aliqua
1115 3713 1160 3759 ex
1175 3706 1276 3775 parte
1291 3697 1408 3760 confe-

209 3799 337 3866 renium.

253 3904 284 3970 In
294 3909 473 3974 consuetis
484 3924 681 3987 uersamur;
697 3925 828 3973 nouum
839 3908 925 3971 nihil
939 3908 1103 3988 aggressi
1117 3925 1249 3972 sumus.
1263 3909 1410 3973 Praeter

210 4000 393 4081 domesticas
412 4018 603 4082 conciones
622 4018 725 4097 (quae
747 4031 879 4095 magna
903 4014 1044 4096 quidem
1064 4014 1262 4094 frequentia
1281 4016 1408 4080 haben·

210 4116 270 4197 ius),
282 4123 346 4188 duo
356 4142 404 4188 ex
414 4124 579 4188 Patribus
590 4124 740 4203 singuiis
751 4121 1030 4185 hebdomadibus
1042 4122 1078 4184 in
1089 4123 1316 4186 monasteriis
1327 4140 1411 4193 con-

211 4217 378 4294 cionantur.
395 4231 492 4295 Idem
505 4239 540 4295 et
554 4231 615 4294 alii
628 4249 673 4294 ex
688 4228 819 4293 nostris
839 4228 984 4303 faciunt,
1001 4228 1064 4291 sed
1085 4245 1154 4291 non
1177 4238 1311 4292 statuto
1326 4238 1411 4293 tem·

225 4377 394 4401 Νη·-

242 4461 249 4493 ¹
270 4465 385 4516 Duosum
395 4471 471 4527 holus
481 4471 609 4515 versionis
616 4471 782 4525 autographa
797 4470 923 4523 exempla,
942 4480 1019 4515 runnu
1037 4469 1126 4514 Patris
1145 4471 1283 4517 Annibalis
1293 4482 1412 4522 exarata:

214 4537 365 4588 murone
374 4544 480 4599 duplici.
496 4555 521 4588 n.
534 4543 584 4599 163ς
596 4545 708 4588 aiterum
723 4543 749 4586 in
768 4543 829 4586 ioiio
848 4543 910 4585 item
926 4542 1030 4596 duplici.
1046 4555 1073 4586 n.
1087 4543 1201 4588 lot-Ea
1212 4545 1238 4589 in
1252 4546 1349 4599 paucis,
1362 4559 1412 4592 non

215 4609 278 4660 mai'ni
285 4615 492 4666 tentamenti.
505 4617 540 4660 ab
557 4617 620 4660 itnio
638 4616 782 4672 archetypo
798 4615 919 4658 differunt
930 4622 956 4658 et
971 4616 1085 4669 interse;
1096 4616 1271 4671 sedquoniam
1287 4627 1412 4674 autogru‘

215 4673 314 4739 ninam,
323 4687 488 4743 ejusdemne
498 4687 603 4742 proinde
614 4687 789 4740 auctoritatis,
800 4698 877 4730 unum
889 4692 946 4740 post
956 4688 1069 4731 aiterum
1080 4687 1124 4731 hic
1133 4688 1258 4733 edendnm
1268 4690 1352 4734 visum
1362 4700 1411 4737 est.
