3210 5392
577 402 750 461 Lirraana
762 418 1034 470 ounnainnsrnas

679 1081 932 1165 OOOXLIX

243 1424 317 1485 Leo
330 1425 436 1485 Lilius

279 1525 371 1584 Patri
384 1524 513 1597 ignatio
527 1525 568 1584 de
588 1524 727 1599 Loyola.

312 1621 340 1682 F
341 1623 493 1693 lorentia,
511 1622 793 1695 19Januar111555
809 1622 831 1678 ¹.

795 1846 818 1917 †

247 2044 300 2108 La
311 2045 429 2124 gratia
448 2053 483 2106 et
498 2060 587 2123 pace
602 2043 637 2105 di
653 2041 795 2106 Christo
811 2040 962 2121 Signore
977 2050 1101 2107 nostro
1120 2042 1175 2106 sia
1196 2061 1339 2127 sempre
1352 2065 1404 2111 co·

186 2153 280 2216 tutti.
297 2153 422 2214 Amen.
487 2147 491 2160 '

247 2258 355 2321 Molto
371 2256 449 2320 R.‘¹⁰
459 2258 495 2319 in
510 2255 654 2320 Christo
670 2256 795 2320 Padre.

247 2364 468 2429 Hauendomi
494 2366 645 2445 imposto
669 2365 702 2428 la
728 2374 833 2428 santa
861 2365 1061 2429 obedientia
1087 2365 1143 2430 ch'
1169 2368 1204 2431 io
1224 2369 1362 2448 racogli
1386 2388 1404 2427 ι

187 2472 307 2536 mandi
320 2473 390 2535 alla
405 2471 446 2534 R.
464 2471 501 2534 P.
519 2469 565 2533 V.
582 2480 673 2534 tutto
688 2472 848 2550 quelche
863 2476 924 2551 qui
939 2490 1001 2552 per
1016 2475 1051 2535 la
1067 2474 1187 2552 gratia
1202 2473 1260 2555 del
1270 2474 1404 2555 Signor

177 2580 251 2660 ⁴sie
270 2579 359 2642 fatto
379 2579 437 2641 nel
456 2578 564 2640 diuin’
585 2578 750 2655 seruicia
777 2578 825 2641 mi
845 2578 1006 2643 sforzaro
1022 2581 1195 2659 esseguir'
1213 2581 1238 2644 il
1260 2592 1404 2663 precem

184 2705 254 2750 con
268 2688 353 2766 ogni
372 2687 521 2749 breuita.

247 2793 347 2856 Delle
362 2792 577 2856 confessioni
592 2793 756 2872 adunque
771 2800 806 2854 et
821 2793 996 2857 essercitii
1017 2795 1193 2873 spirituali
1214 2797 1306 2881 altre
1326 2800 1404 2861 uolt

185 2901 217 2964 n'
233 2901 279 2964 ho
293 2900 417 2963 scritto
433 2899 528 2962 assai
544 2899 819 2978 copiosamente;
836 2898 954 2979 doppo
968 2917 1086 2980 ueggo
1102 2902 1158 2962 ch’
1176 2902 1200 2964 il
1212 2920 1363 2968 numero
1378 2904 1404 2966 ε’

185 3008 367 3071 confitenti
385 3013 405 3070 e
420 3008 528 3068 molto
549 3005 737 3082 cresciut0,
760 3015 794 3067 et
817 3006 874 3067 ch’
898 3025 919 3068 a
934 3007 993 3086 pii1
1014 3016 1048 3069 et
1068 3007 1128 3087 pii]
1154 3026 1308 3087 persone
1333 3028 1404 3074 sor

185 3116 270 3178 stati
285 3115 446 3194 proposti
466 3113 552 3175 detti
572 3104 768 3189 essercitii,'
781 3123 815 3174 et
834 3113 1088 3191 specialmente
1103 3133 1124 3176 a
1140 3117 1191 3194 gli
1214 3115 1301 3181 irati
1324 3116 1357 3179 d’
1375 3135 1404 3180 i:

182 3222 305 3285 diuoto
320 3232 534 3284 monastero:
552 3230 586 3281 et
601 3238 622 3281 a
638 3219 696 3281 doi
710 3218 869 3298 giouani,
886 3219 936 3296 gli
953 3222 1049 3299 quali
1065 3222 1095 3283 si
1115 3226 1292 3288 resolsero
1307 3243 1373 3305 per
1387 3228 1404 3238 ’

183 3329 416 3408 Compagnia:
433 3337 467 3389 et
483 3344 504 3388 a
519 3344 566 3389 un
581 3327 774 3401 licentiato,
789 3326 849 3388 'del
864 3326 968 3406 quale
983 3327 1029 3389 ho
1052 3330 1174 3391 uoluto
1194 3329 1298 3394 farne
1317 3350 1404 3395 meu

183 3438 280 3499 tione
296 3453 358 3515 per
373 3436 397 3497 il
412 3435 572 3513 singolar
587 3433 695 3495 srutto
708 3434 773 3495 che
789 3433 825 3495 in
839 3433 946 3512 quelli
961 3434 1007 3495 ha
1018 3433 1120 3498 fatto.
1134 3435 1207 3516 Alli
1222 3438 1373 3522 giouani

182 3543 307 3605 nouitii
322 3542 378 3604 dei
390 3539 582 3603 medesimo
598 3548 800 3601 monastero
816 3540 840 3601 ii
855 3538 932 3601 R.‘¹⁰
945 3538 982 3603 P.
1000 3540 1046 3603 M.
1064 3539 1249 3606 Ludouico
1264 3542 1276 3574 ¹
1293 3545 1341 3608 ha
1363 3544 1404 3607 da

182 3650 349 3729 chiarato
361 3666 432 3710 una
447 3656 548 3727 parte
564 3646 655 3708 della
671 3646 827 3709 dottrina
844 3647 1040 3710 christiana
1061 3665 1130 3710 con
1149 3651 1261 3714 molta
1282 3652 1404 3715 mode

181 3758 244 3835 tia,
266 3755 460 3819 attentione
484 3762 518 3816 et
540 3753 650 3816 frutto
671 3755 759 3815 loro:
787 3754 917 3832 perche
938 3755 995 3816 all’
1018 3756 1107 3840 hora
1133 3757 1163 3818 si
1182 3757 1404 3822 ritrouauau

178 3864 277 3926 darsi
293 3863 350 3924 ail’
374 3862 535 3924 oratione
563 3869 597 3922 et
622 3876 773 3940 sparget
792 3860 825 3922 le
846 3859 995 3939 lagrime
1015 3861 1106 3924 della
1130 3865 1358 3945 contritione,

184 3970 311 4032 adesso
332 3965 578 4043 conseruando
600 3967 751 4029 tuttauia
771 3966 806 4028 la
826 3966 1007 4029 diuotione
1028 3968 1059 4029 si
1080 3970 1304 4035 essercitano
1334 3989 1404 4053 og

180 4076 310 4154 giorno
321 4076 411 4137 neiie
426 4074 646 4137 meditationi
662 4092 683 4135 a
698 4075 774 4135 loro
796 4073 983 4153 insegnate
1005 4073 1051 4136 da
1066 4091 1147 4138 esso
1165 4087 1289 4143 nostro
1312 4079 1351 4143 P.
1367 4076 1404 4144 3

180 4183 377 4244 Ludouico.

241 4290 293 4351 La
308 4289 429 4351 chiesa
445 4298 578 4366 nostra,
595 4287 736 4350 deserta
756 4296 790 4349 et
810 4287 914 4365 quasi
932 4288 1051 4351 sterile
1071 4289 1192 4354 inanzi
1208 4293 1276 4358 che
1294 4296 1341 4360 da
1355 4308 1404 4358 t:

220 4584 228 4615 ί
258 4583 447 4637 Autographae
459 4585 554 4638 duplici
567 4584 635 4637 folio,
647 4595 694 4627 nn.
708 4583 735 4624 51
746 4589 772 4626 et
782 4584 820 4626 55,

218 4656 230 4687 ¹
258 4655 287 4700 P.
298 4654 484 4699 Ludovicusde
497 4656 635 4699 Condreto.
