3210 5392
189 409 241 469 102
562 408 736 469 errnaas
754 423 1026 478 ouannruasraus

186 561 286 617 tanto
301 553 412 617 diuini
426 554 570 618 honoris
584 553 660 618 zelo
676 555 836 629 accensi,
848 563 888 618 vt
899 554 986 618 nihil
1001 553 1095 636 quod
1106 552 1427 634 reprehensionem

185 670 379 738 mereatur,
397 661 608 742 impunitum
621 661 719 725 abire
734 661 926 742 patiantur.
939 659 1073 741 Quibus
1085 670 1158 725 tam
1172 661 1370 742 propitium
1382 672 1424 725 se

187 767 256 831 hac
271 767 306 830 in
321 784 360 830 re
374 765 548 831 Dominus
566 768 723 847 exhibet,
742 783 780 832 ut
794 769 905 832 multa
923 785 1047 832 eorum
1061 785 1171 831 causa
1186 776 1220 831 et
1238 766 1425 831 declinen-

183 875 368 953 turmale,
385 882 420 937 et
445 875 538 938 bona
558 875 717 954 ingentia
743 875 1014 956 subsequantur.
1043 873 1145 954 Quod
1169 882 1283 940 totum
1297 871 1422 939 Socie-

185 982 251 1045 tati
266 982 385 1062 (quam
400 979 446 1044 ad
461 980 659 1060 hujusmodi
680 981 888 1062 exequenda
912 981 1087 1046 Dominus
1109 999 1149 1045 se
1168 981 1299 1060 legisse
1316 981 1421 1045 vide-

187 1086 256 1167 tur)
277 1098 462 1171 acceptum
486 1089 653 1153 referunt.
679 1089 885 1170 Eademque
909 1089 1059 1165 ratione,
1084 1088 1143 1153 ubi
1162 1088 1246 1169 quid
1260 1087 1298 1152 in
1310 1088 1425 1153 rebus

185 1194 404 1274 spiritalibus
432 1196 657 1261 necessitatis
680 1195 894 1275 occurrerit,
925 1203 987 1259 aut
1017 1211 1094 1274 eos,
1126 1194 1186 1276 qui
1213 1192 1423 1276 huJusmodi

183 1310 292 1380 egent
307 1300 497 1381 praesidio,
512 1311 612 1366 recta
626 1303 747 1367 statim
767 1300 813 1366 ad
838 1320 903 1366 nos
918 1301 1072 1381 mittunt,
1090 1309 1152 1364 aut
1176 1310 1273 1366 certe
1290 1317 1360 1366 nos
1375 1302 1423 1366 ad

186 1406 388 1487 huJusmodi
403 1407 588 1472 serendum
602 1400 797 1473 subsidium
811 1409 978 1473 continuo
994 1416 1156 1472 euocant.

247 1513 372 1595 Coepti
386 1526 503 1579 sunta
523 1514 714 1595 Lusitanis,
737 1515 980 1597 superioribus
995 1514 1129 1593 diebus,
1150 1515 1189 1578 in
1202 1514 1420 1595 quibusdam

184 1630 369 1687 turcarum
395 1622 597 1686 triremibus
622 1640 642 1686 a
662 1621 772 1702 Regis
797 1625 912 1686 classe
936 1621 1130 1703 superatis,
1157 1622 1257 1685 multi
1282 1621 1423 1704 captiui

182 1728 385 1808 christiani,
413 1745 563 1810 quorum
586 1729 622 1794 in
648 1729 857 1810 remigando
881 1747 989 1811 opera
1004 1739 1126 1795 turcae
1140 1728 1344 1793 vtebantur.
1363 1727 1421 1794 Ex

183 1834 313 1914 quibus
328 1852 409 1900 cum
424 1834 611 1900 duodecim
621 1834 696 1916 jam
710 1837 747 1900 in
761 1836 914 1917 patriam
928 1836 1075 1917 quisque
1086 1853 1188 1900 suam
1203 1835 1272 1898 hac
1284 1852 1422 1900 remea·

186 1949 282 2021 rent,
296 1958 358 2005 eos
369 1940 415 2004 ad
425 1952 587 2007 nostrum
600 1942 798 2023 Collegium
809 1942 1073 2007 misericordiae
1084 1942 1214 2008 fratres
1226 1941 1415 2020 miserunt,

186 2056 225 2110 ut
240 2047 277 2111 in
290 2049 396 2112 rebus
410 2047 456 2111 ad
471 2049 629 2130 ipsorum
653 2051 805 2113 salutem
828 2049 1085 2131 pertinentibus
1106 2047 1240 2131 aliquid
1261 2047 1316 2111 eis
1336 2065 1422 2113 con-

186 2153 359 2219 ferremus
383 2155 530 2219 subsidii
559 2173 602 2220 ac
623 2157 892 2221 consolationis:
921 2154 1020 2236 cujus
1047 2157 1100 2220 rei
1129 2172 1238 2220 causa
1265 2166 1421 2236 peccata

189 2277 311 2325 omnes
326 2261 415 2325 sassi
429 2272 522 2342 sunt;
545 2263 683 2343 quibus,
701 2272 843 2342 praeter
862 2264 1032 2344 spiritalis
1051 2263 1123 2327 cibi
1141 2262 1421 2328 administratio·

186 2386 278 2448 nem,
295 2371 516 2450 corporalem
527 2370 634 2433 etiam
645 2378 791 2450 propter
802 2387 925 2434 eorum
936 2369 1093 2450 inopiam
1107 2369 1232 2449 largiri
1243 2370 1420 2451 oportuit,

185 2492 303 2555 quem,
321 2477 372 2539 eis
388 2477 639 2554 inseruientes,
655 2486 730 2540 tum
745 2476 800 2540 ΡΝ
815 2475 962 2557 Rector,
978 2486 1054 2541 tum
1069 2477 1130 2540 alii
1143 2474 1269 2540 Patres
1288 2477 1420 2542 submi·

185 2581 393 2646 nistraruut.

247 2687 397 2769 Quidam
412 2689 448 2752 in
463 2690 530 2753 hac
555 2699 677 2754 nostra
698 2690 786 2752 vrbe
806 2700 904 2754 tanto
919 2698 1149 2770 peccatorum
1173 2706 1320 2754 suorum
1335 2689 1418 2754 affe-

183 2805 264 2859 ctus
278 2805 332 2859 est
346 2806 493 2875 terrore,
512 2806 616 2876 atque
631 2796 680 2859 ita
693 2815 714 2860 a
726 2797 895 2860 daemone
906 2796 978 2860 iam
989 2796 1021 2860 ei
1034 2796 1168 2859 nullam
1178 2813 1257 2860 esse
1271 2797 1419 2861 veniam

184 2919 391 2982 persuasus,
409 2911 447 2965 ut
461 2903 604 2966 omnino
625 2901 668 2966 de
693 2903 935 2967 misericordia
961 2902 1082 2967 diuina
1108 2902 1419 2984 desperaret.Qua

182 3010 370 3073 daemonis
394 3011 624 3090 persuasione
650 3011 832 3091 impulsus,
851 3011 961 3075 variis
986 3029 1094 3093 saepe
1117 3011 1231 3075 modis
1255 3012 1323 3075 sibi
1350 3012 1420 3093 ipsi

181 3133 308 3180 necem
322 3116 449 3180 afferre
465 3129 614 3181 conatus
626 3127 691 3196 est,
705 3136 800 3182 nunc
811 3135 948 3182 veneno
959 3119 1151 3198 exhausto,
1168 3135 1262 3182 nunc
1276 3120 1418 3200 laqueo,

180 3225 292 3286 semel
304 3223 410 3287 etiarn
425 3224 461 3286 in
472 3225 671 3304 praealtum
686 3240 724 3287 se
739 3234 884 3305 puteum
894 3224 1173 3305 praecipitando,
1188 3225 1301 3289 vitam
1313 3225 1419 3290 finire

182 3338 355 3393 statuens.
372 3328 471 3409 Quae
485 3347 566 3394 cum
581 3331 767 3411 quominus
782 3331 908 3412 exequi
927 3341 1048 3411 posset
1068 3331 1193 3395 fuisset
1213 3331 1416 3412 impeditus,

183 3437 239 3499 bis
255 3436 360 3511 (idem
379 3437 473 3517 quod
487 3446 593 3501 antea
612 3455 760 3518 param,
782 3438 844 3501 sed
868 3455 889 3500 a
909 3438 1183 3502 clementissimo
1204 3436 1360 3503 Domino
1380 3440 1418 3502 li·

182 3543 344 3621 beratus)
361 3560 579 3608 venenosum
594 3545 763 3625 quiddam
775 3545 971 3608 deuorauit.
989 3544 1110 3625 Neque
1124 3544 1194 3608 hoc
1213 3553 1416 3624 contentus,

179 3648 203 3711 8
217 3660 278 3713 aut
292 3649 312 3712 9
326 3650 448 3713 diebus
464 3650 588 3714 eodem
603 3651 750 3714 consilio
773 3651 867 3715 aliud
890 3651 1058 3733 quiddam
1075 3649 1215 3731 JeJunus
1235 3651 1416 3717 exhausit.

184 3756 238 3820 Ac
254 3755 395 3820 demum
411 3767 445 3820 et
462 3775 592 3838 corpus
611 3772 646 3821 et
666 3759 820 3821 animam
841 3775 943 3821 suam
962 3758 1103 3822 diabolo
1125 3757 1279 3822 tradidit.
1297 3756 1368 3838 Qui
1384 3770 1419 3823 ct

181 3865 420 3944 (permittente
432 3863 598 3941 Domino,
611 3874 650 3927 ut
665 3865 731 3945 ipsi
746 3874 999 3946 cooperaretur
1010 3866 1047 3929 in
1058 3866 1201 3941 bonum)
1214 3865 1326 3930 tantis
1336 3884 1420 3931 eum

180 3972 298 4051 coepit
314 3971 494 4034 doloribus
509 3988 654 4050 vexare,
671 3981 709 4034 ut
720 3972 849 4036 mirum
864 3971 1024 4052 profecto
1039 3981 1143 4036 esset.
1168 3972 1328 4053 Cumque
1350 3974 1420 4037 hoc

182 4077 394 4158 quibusdam
420 4078 631 4141 innotuisset
654 4078 846 4158 religiosis
871 4078 917 4142 ad
939 4088 1099 4143 nostrum
1121 4096 1203 4142 eum
1217 4077 1421 4160 Collegium

183 4185 366 4248 miserunt.
383 4184 454 4248 Vbi
475 4201 544 4264 quo
570 4185 749 4248 laboraret
774 4186 898 4249 morbo
913 4203 994 4249 cum
1009 4187 1239 4249 intellexisset
1260 4183 1316 4248 P!
1332 4186 1421 4266 Leo,

183 4290 318 4355 sactum
333 4301 386 4354 est
400 4290 645 4354 misericordia
661 4291 792 4369 diuina,
811 4291 928 4356 Patris
943 4294 1054 4374 ipsius
1068 4293 1195 4372 medio,
1213 4302 1261 4372 ut,
1280 4292 1424 4358 conses-

183 4400 283 4462 sione
297 4399 396 4479 prius
411 4397 519 4477 sacta,
537 4408 611 4461 tum
626 4417 647 4461 a
663 4401 826 4480 corporis
839 4399 1031 4478 doloribus
1050 4410 1123 4464 tum
1136 4402 1180 4464 ab
1192 4400 1334 4464 animae
1346 4417 1421 4464 ma-

185 4507 239 4584 lis,
257 4507 478 4570 liberaretur.
495 4503 610 4585 Quam
625 4524 719 4571 nunc
740 4509 901 4572 eamdem
923 4509 1051 4590 retinet
1066 4517 1101 4572 et
1116 4509 1278 4588 corporis
1293 4517 1328 4571 et
1345 4509 1421 4572 ani·

182 4631 264 4676 mac
283 4614 444 4690 salutem,
463 4623 560 4676 certo
577 4630 726 4694 sperans
742 4616 854 4680 eidem
871 4634 909 4680 se
925 4624 1095 4697 perpetuo
1111 4616 1278 4706 deinceps
1298 4613 1420 4680 Domi-
