3210 5392
712 431 777 493 An.
799 431 870 491 lbbl
1368 434 1405 491 57

177 577 316 642 uinciali
331 576 491 640 amicitia
507 577 717 641 coniunctus
731 577 864 655 suerat,
881 588 1022 658 praeter
1043 577 1186 640 modum
1206 576 1323 640 Patris
1346 576 1406 640 ad·

176 695 279 749 uentu
293 684 444 762 gauisus
460 692 524 747 est.
541 684 613 749 Alii
627 694 813 766 praeterea
829 685 933 749 huius
948 684 1067 765 oppidi
1082 684 1342 765 quamplurimi.

231 791 360 855 Paucis
374 802 456 871 post
471 790 594 855 diebus
608 810 716 872 quam
730 792 798 856 huc
813 792 918 856 Pater
931 801 1152 873 peruenerat,
1170 792 1265 856 misit
1279 790 1406 871 Hispa-

176 900 232 964 lim
243 899 334 962 duos
343 897 482 977 Patres,
496 899 755 965 Gondisalvum
768 898 776 932 ¹
788 917 914 980 nempe
926 910 1031 979 atque
1043 899 1185 964 Auiiam
1195 898 1218 978 ¹,
1233 917 1321 979 quos
1332 898 1405 963 Sai-

178 1006 327 1070 mantica
341 1023 465 1069 secum
487 1006 697 1070 adduxerat.
719 1005 786 1070 Hic
807 1007 900 1070 enim
920 1004 958 1071 P.
978 1006 1085 1070 Auiia
1105 1016 1157 1070 est
1182 1006 1407 1087 hispalensis,

178 1112 210 1175 in
222 1129 334 1192 eaque
350 1113 497 1176 ciuitate
512 1131 596 1177 suos
611 1114 717 1177 habet
737 1123 914 1195 parentes
931 1130 1080 1193 quorum
1103 1113 1244 1193 quidem
1264 1114 1406 1192 magnis

177 1217 487 1300 efflagitationibus
500 1237 572 1283 non
586 1221 700 1300 potuit
715 1219 727 1250 ⁸
742 1238 812 1284 non
827 1238 890 1284 eos
910 1222 1048 1284 mittere
1064 1222 1157 1285 iiiuc.
1174 1219 1264 1284 Cum
1285 1233 1406 1285 autem

177 1343 216 1389 eo
229 1326 488 1407 peruenissent,
505 1327 626 1390 statim
641 1326 760 1392 adiere
775 1327 1012 1408 proseucham
1026 1325 1053 1406 ⁴,
1070 1327 1337 1407 praemittentes
1352 1327 1403 1390 sa-

179 1436 306 1498 mulum
322 1436 359 1498 in
374 1446 561 1515 paternam
582 1434 737 1511 domum,
753 1451 817 1514 per
835 1451 940 1513 quem
959 1432 997 1497 P.
1014 1433 1122 1497 Auiia
1138 1454 1158 1497 a
1173 1443 1274 1514 patre
1287 1433 1304 1496 s
1306 1444 1408 1496 uerat

179 1543 382 1621 accersitus;
399 1543 459 1622 qui
480 1542 617 1604 veroin
639 1541 839 1621 proseucha
860 1542 1026 1620 aderant,
1050 1559 1131 1605 cum
1150 1541 1246 1604 iores
1265 1541 1407 1620 aperire

179 1650 380 1726 noluissent,
397 1648 479 1712 inde
495 1666 566 1711 non
580 1648 777 1712 discessere
793 1646 816 1726 ³,
834 1648 896 1713 sed
918 1648 1015 1711 humi
1031 1649 1149 1728 potius
1170 1648 1404 1724 dormierunt;

183 1756 273 1820 aiunt
288 1757 384 1819 enim
399 1757 513 1819 solum
528 1756 645 1819 uisum
660 1756 729 1819 iliis
750 1755 857 1818 fuisse
880 1754 1018 1818 mollius
1041 1756 1152 1818 multo
1174 1771 1281 1836 quam
1297 1764 1411 1832 toroS,

187 1863 358 1946 inquibus
373 1872 479 1926 antea
494 1863 647 1926 dormire
662 1864 833 1926 solebant.
855 1862 1043 1927 Caeterum
1059 1879 1141 1925 cum
1160 1863 1195 1927 id
1211 1864 1342 1943 populo
1357 1863 1409 1924 in·

186 1972 364 2047 notuisset,
382 1986 534 2049 magnae
549 1969 709 2050 profecto
725 1968 962 2033 aedificationi
977 1969 1012 2033 id
1028 1969 1104 2033 suit.

239 2076 319 2141 Post
334 2078 424 2141 haec
439 2075 820 2159 Proarchiepiscopum
834 2075 845 2107 ⁶
861 2078 1027 2156 invisere,
1042 2094 1062 2139 a
1080 2094 1149 2156 quo
1162 2093 1259 2154 sane,
1277 2092 1409 2154 magna

191 2198 260 2247 cum
279 2185 453 2247 charitate
475 2185 630 2265 excepti,
655 2185 838 2247 obtinuere
859 2182 1094 2248 concionandi
1118 2183 1323 2246 facultatem
1346 2198 1409 2261 per

194 2300 292 2354 totum
316 2291 556 2371 hispalensem
581 2291 936 2372 archiepiscopatum.
965 2291 1099 2371 Quibus
1118 2291 1226 2353 etiam
1250 2288 1410 2354 exhibuit

196 2413 366 2477 magnam,
390 2415 496 2478 quam
518 2414 605 2477 erga
625 2415 687 2461 eos
709 2398 920 2462 charitatem
939 2398 1100 2472 haberet,
1123 2397 1225 2460 simui
1246 2407 1280 2459 et
1300 2413 1409 2476 quam

198 2502 270 2568 bene
294 2505 336 2568 de
358 2503 535 2568 Societate
554 2505 710 2568 sentiret.
732 2504 891 2584 Quorum
913 2503 1053 2585 quidem
1080 2503 1240 2568 amicitia
1260 2504 1411 2567 multum

205 2625 311 2676 reuera
327 2613 427 2676 iuvat
442 2611 488 2675 ad
501 2612 653 2675 salutem
666 2621 700 2675 et
715 2611 915 2675 animarum
930 2610 1222 2674 aedificationem.

245 2717 380 2799 impulsi
395 2718 493 2782 suere
508 2736 529 2781 a
544 2718 697 2782 Domino
712 2736 793 2798 sex,
811 2719 869 2799 qui
891 2717 1078 2782 Societatis
1094 2734 1171 2780 esse
1191 2717 1411 2792 desideratae

203 2820 274 2887 inter
291 2843 378 2906 quos
398 2836 474 2888 erat
493 2825 637 2907 quidam
658 2826 760 2889 huius
781 2825 1110 2905 Proarchiepiscopi
1130 2823 1324 2902 sacrificus,
1347 2824 1409 2904 qui

202 2923 363 2995 Societatis
379 2949 500 2995 amore
515 2943 652 3013 captus,
669 2949 748 2994 eam
762 2932 865 2994 unice
885 2931 1063 3010 diligebat,
1081 2931 1314 3010 capiebatque
1330 2931 1408 3009 ipse

205 3035 303 3101 eodem
321 3049 417 3102 esset
439 3039 558 3102 animo
577 3038 938 3118 Proarchiepiscopus
957 3054 1044 3116 erga
1058 3037 1283 3101 Societatem.
1307 3035 1409 3100 Com·

207 3143 276 3217 pulsi
288 3146 331 3210 ad
348 3146 437 3209 haec
451 3144 549 3208 suere
564 3145 634 3208 duo
650 3145 710 3208 alii
722 3144 851 3207 iratres
862 3145 1076 3223 sacerdotes
1090 3144 1150 3223 qui
1164 3161 1186 3206 a
1197 3144 1317 3207 multis
1333 3143 1406 3223 qui·

206 3244 266 3312 dem
290 3253 391 3316 annis
414 3254 689 3333 grammaticam
716 3251 855 3331 Hispali
884 3250 1159 3331 profitebantur.
1187 3251 1287 3314 cuius
1317 3268 1405 3313 sane

206 3350 358 3422 facultatis
370 3358 465 3423 docti
477 3360 575 3436 satis
586 3359 806 3438 potissimum
818 3368 901 3420 natu
913 3356 1235 3421 maior.V0cantur
1245 3357 1282 3420 hi
1293 3355 1409 3420 Insan-

206 3463 440 3547 iasdixereque
455 3465 492 3528 P.
511 3465 744 3543 Gundisalv0,
762 3465 791 3526 si
806 3464 863 3528 hic
880 3464 1132 3545 reciperentur,
1147 3464 1294 3527 libenter
1311 3463 1407 3526 veni-

208 3579 266 3632 rent
277 3570 485 3637 Societatem
506 3573 714 3651 ingressuri;
731 3589 819 3652 quos
835 3570 872 3635 P.
889 3581 1011 3634 noster
1031 3569 1266 3634 Prouincialis
1281 3570 1411 3635 certio·

207 3686 249 3737 res
259 3678 344 3759 iecit,
360 3681 390 3744 si
405 3681 550 3761 cupiant
565 3681 698 3757 venire,
716 3697 777 3743 eos
789 3696 893 3759 posse
905 3698 986 3743 cum
1000 3679 1144 3743 Domini
1158 3678 1406 3742 benedictione

208 3785 312 3850 venire.

209 3934 379 3956 κῇ...

238 4024 244 4056 ¹
267 4027 483 4076 acnnatsatvum
494 4030 632 4075 Gonzalez.

236 4096 245 4127 ¹
266 4098 288 4145 P.
299 4103 458 4159 alphonsum
469 4105 500 4147 de
511 4103 603 4148 Avila.

235 4167 244 4199 ³
264 4171 288 4217 P.
300 4176 408 4221 utcuau
419 4177 450 4219 de
460 4175 565 4225 Torres,
576 4172 758 4218 Prouincialis.

235 4239 245 4272 ⁸
264 4248 274 4266 ⁴
282 4249 441 4299 proseucha,
453 4247 550 4291 Domus
560 4257 702 4301 pauperum
713 4246 826 4299 horpltio
837 4246 976 4300 deputata,
988 4246 1013 4289 in
1024 4256 1074 4299 qua
1085 4249 1111 4288 et
1123 4244 1244 4288 inventur
1254 4251 1279 4287 et
1295 4245 1409 4288 aluntur.

208 4303 265 4418 lilith·
275 4317 401 4365 Carruuza
412 4321 438 4362 in
448 4319 511 4362 Vita
523 4317 548 4362 S.
560 4318 681 4362 ildefonsi
692 4317 760 4360 inter
769 4317 847 4361 Cone.
858 4317 941 4372 flisp„
949 4322 967 4360 t.
977 4328 1003 4371 rt,
1014 4328 1074 4371 pag.
1084 4316 1147 4371 568...
1156 4315 1191 4360 Du
1199 4316 1298 4370 Cauca,
1306 4314 1413 4360 Glossa-

208 4385 264 4435 rumr
274 4396 289 4430 l.
300 4403 323 4440 V,
333 4394 381 4435 001·
391 4392 440 4434 Ὧι,

238 4450 247 4484 ³
268 4457 362 4506 Scilicet
373 4462 503 4507 Gonzaiez
513 4469 540 4505 et
551 4462 640 4505 Avila.

237 4523 247 4558 ⁸
267 4530 418 4589 Hispalensis
429 4535 703 4589 Proarchiepiscopum
716 4534 757 4576 vel
768 4533 854 4588 potius
870 4532 1067 4586 archiepiscopi
1083 4531 1216 4586 vicarius,
1232 4537 1290 4575 erat
1307 4529 1413 4583 caspar

209 4591 325 4649 terentes
339 4608 370 4650 de
388 4605 496 4650 Salam
506 4638 512 4655 .
523 4617 598 4660 quem
615 4606 661 4650 aiii
681 4611 775 4648 vocant
794 4605 824 4647 rie
835 4603 929 4647 Gaetu.
940 4601 1007 4647 Vide
1026 4602 1242 4647 caronoarstorta
1259 4603 1292 4646 de
1307 4600 1413 4651 Tuledo,

209 4671 293 4717 *ΜΡ-
304 4675 459 4722 Buthotom.
471 4677 594 4730 Alcanor,
605 4685 680 4732 parte
694 4678 738 4728 1.·,
749 4687 812 4731 pag.
825 4675 873 4720 235.
