3210 5392
600 477 666 536 ΑΝ.
689 477 758 535 lfx'b
889 519 892 522 »
1248 477 1303 536 675

91 628 180 691 ionis
193 627 324 690 timori.
343 624 445 705 Quod
457 643 502 689 ex
517 642 559 687 eo
574 626 700 687 saltem
725 624 921 687 ostenditur
946 624 1044 703 quod
1064 642 1146 687 cum
1161 623 1207 687 ad
1221 642 1299 705 por·

90 752 143 798 am
157 735 280 814 templi
294 733 451 810 maioriS,
469 734 504 795 in
520 749 589 813 quo
604 731 707 794 Pater
728 731 784 794 hic
807 732 1013 794 concionari
1038 733 1138 807 solet,
1162 731 1300 811 pericu-

90 852 363 906 mastaurorum
377 841 481 902 ludus
495 839 721 918 inciperetur,
742 847 776 900 et
796 839 872 918 ipse
893 839 1007 901 sancti
1028 839 1149 917 templi
1167 839 1299 901 irreue·

90 949 223 1012 entiam
233 957 268 1010 et
278 947 476 1009 animarum
487 946 681 1025 periculum
693 962 762 1007 non
773 944 892 1022 ferret,
906 955 1004 1007 stans
1015 945 1051 1007 in
1062 953 1164 1025 porta
1174 944 1298 1007 domus

90 1054 225 1131 lumini,
249 1065 323 1117 tam
341 1054 468 1116 deuote
491 1053 608 1131 coepit
623 1052 770 1115 verbum
786 1050 929 1115 Domini
944 1053 1177 1131 proclamare,
1200 1061 1238 1114 ut
1254 1052 1298 1114 ab

90 1172 235 1241 ncoepto
247 1160 329 1223 ludo
341 1160 551 1222 desistentes
562 1168 596 1221 et
609 1170 730 1221 tauros
741 1159 777 1220 in
790 1175 954 1237 campum
968 1158 1196 1235 dimittentes,
1217 1176 1299 1221 cum

90 1268 266 1348 achrymis
281 1267 428 1329 verbum
444 1266 616 1343 audirent,
634 1282 715 1328 cum
730 1264 904 1344 spirituali
919 1263 1079 1328 aedilicio
1106 1278 1140 1328 et
1167 1265 1300 1328 anima-

93 1393 151 1439 um
176 1390 324 1437 suarum
348 1372 605 1448 consolatione,
627 1390 698 1434 non
723 1374 837 1434 solum
860 1372 1070 1447 incolarum,
1098 1373 1160 1435 sed
1191 1372 1299 1435 etiam

90 1480 351 1559 lienigenarum
376 1479 529 1559 undique
547 1479 582 1541 in
608 1486 748 1557 portum
772 1478 866 1541 hunc
892 1477 1154 1554 confluentium,
1182 1479 1299 1559 quiin

90 1589 188 1651 :lasse
216 1585 333 1649 indica
358 1603 396 1648 se
424 1586 571 1648 subinde
604 1584 836 1663 nauigaturos
867 1594 1022 1666 sperant.
1052 1584 1154 1649 Unde
1183 1595 1299 1648 motus

90 1693 332 1757 llustrissimus
355 1691 482 1756 Comes
507 1693 551 1754 de
574 1691 698 1755 Niebla
725 1690 733 1721 ¹
764 1693 873 1754 semel
897 1701 1003 1773 atque
1028 1691 1155 1755 iterum
1175 1690 1299 1755 Patres

90 1801 277 1878 bsecrans,
295 1800 443 1862 obtinuit
458 1807 496 1861 vt
510 1799 546 1861 in
560 1799 639 1878 ipso
665 1799 773 1862 maris
787 1798 890 1861 litore
905 1797 948 1862 de
968 1799 1072 1861 rebus
1087 1815 1300 1862 concernen-

90 1906 169 1970 ibus
182 1906 382 1969 animarum
397 1906 500 1968 saluti
516 1915 551 1969 et
565 1906 718 1985 negotiis
731 1906 768 1968 in
782 1905 897 1985 ipsam
908 1905 1044 1969 Indiam
1056 1904 1227 1984 nauigare
1243 1922 1303 1969 cu·

90 2013 248 2077 >lentium
262 2029 461 2075 sermonem
485 2013 530 2076 ad
555 2014 726 2076 classicos
751 2012 908 2090 haberet;
934 2030 1004 2092 qua
1029 2014 1065 2076 in
1087 2028 1125 2074 re
1138 2014 1249 2092 multi,
1265 2015 1303 2076 in

90 2120 252 2183 »bliuione
266 2118 490 2197 dormientes,
507 2122 675 2183 commoti
693 2128 774 2183 sunt
799 2129 837 2183 ut
861 2119 1089 2183 conscientiis
1114 2118 1304 2199 pacifican-

90 2226 132 2289 lis
146 2226 290 2289 salubre
305 2226 490 2289 consilium
505 2243 525 2289 a
541 2225 645 2289 Patre
660 2224 904 2290 desiderarent
919 2236 953 2289 et
968 2234 1138 2305 peterent.

135 2332 176 2395 In
192 2331 297 2395 domo
313 2332 380 2395 hac
395 2349 516 2395 sumus
530 2333 731 2396 habitantes
746 2335 910 2413 quinque,
928 2349 1078 2413 quorum
1091 2332 1161 2397 duo
1183 2335 1304 2398 clerici

90 2448 170 2518 tunt,
187 2439 334 2517 scilicet,
353 2439 509 2521 Joannes
535 2437 664 2502 Paulus
678 2448 713 2501 et
736 2439 893 2522 Joannes
918 2439 962 2503 de
987 2437 1219 2518 Saluatierra;
1244 2441 1306 2505 alii

90 2560 150 2623 res
163 2544 305 2609 fratres:
321 2545 478 2627 Joannes
492 2545 688 2624 Guticrrez,
709 2546 866 2630 Joannes
886 2546 1039 2625 OrrultO,
1064 2547 1241 2610 Gonsalus
1261 2547 1305 2610 de

90 2649 309 2731 Valencuela,
325 2654 385 2733 qui
397 2670 519 2716 omnes
533 2653 570 2716 in
584 2654 714 2717 virtute
728 2652 811 2735 Xpi.
828 2654 873 2716 ad
899 2656 1035 2738 maiora
1054 2670 1091 2716 se
1111 2653 1306 2717 extendunt

90 2771 115 2824 et
129 2759 332 2839 prouehunt
356 2760 392 2823 in
419 2759 493 2822 suis
518 2761 698 2824 exercitiis
723 2760 966 2841 spiritualibus
991 2770 1025 2822 et
1049 2746 1250 2838 bumilibus,
1267 2772 1305 2824 'et

90 2862 155 2928 en·
175 2858 217 2930 T.
235 2866 453 2931 orationibus
469 2877 503 2929 et
517 2867 702 2930 sacrificiis
713 2876 748 2930 et
763 2867 912 2930 aliorum
927 2865 1072 2930 Patrum
1085 2884 1128 2931 ac
1139 2866 1306 2930 Fratrum

90 2987 118 3036 se
130 2973 231 3055 ipsos
245 2972 420 3037 humiliter
446 2974 693 3037 commendant
717 2973 754 3036 in
778 2972 870 3052 Xpo.
887 2971 983 3054 Jesu,
1000 2991 1105 3055 quem
1125 2990 1253 3054 precor
1267 2985 1307 3037 vt

90 3090 145 3144 nos
159 3088 284 3143 omnes
298 3077 423 3143 doceat
438 3080 521 3159 quid
536 3080 581 3143 sit
597 3080 855 3160 beneplacitum
870 3080 958 3156 Deo,
969 3089 1003 3143 et
1018 3080 1063 3144 ad
1083 3081 1118 3143 id
1133 3097 1305 3160 exequen-

90 3180 166 3250 dum
180 3187 308 3249 manus
322 3185 508 3249 confortet.
522 3184 649 3250 Amffl.

138 3291 195 3356 De
210 3289 297 3356 Sant
310 3284 428 3355 Lucar
443 3291 486 3355 de
500 3291 718 3358 Barrameda
733 3313 758 3375 y
775 3296 817 3358 de
834 3293 989 3358 Octubre
1004 3294 1023 3358 2
1042 3294 1130 3357 1555.

138 3394 212 3462 Por
228 3398 418 3461 comission
434 3399 489 3463 del
504 3398 542 3463 P.
555 3398 698 3464 Rector.
910 3396 912 3400 ’

203 3494 259 3568 De
273 3504 317 3568 V.
334 3500 373 3568 P.
390 3504 491 3568 invtil
505 3504 576 3585 hijo
592 3525 635 3570 en
651 3509 683 3570 el
698 3505 809 3571 Senos
824 3518 982 3587 nuestro,
1087 3488 1090 3493 ’

767 3720 888 3804 †Junn
910 3720 1151 3800 Garmakan

90 4136 93 4144 .
142 4034 411 4120 superscriptio
440 4042 478 4104 t'n
500 4042 616 4107 altera
640 4045 803 4124 pagina:
828 3973 914 4108 liris.
945 4045 991 4109 Al
1007 4064 1091 4127 muy
1115 4046 1192 4111 R.‘¹0
1213 4047 1252 4114 P.
1269 4067 1315 4114 en

95 4160 168 4207 esu
181 4140 248 4207 X.⁰
262 4159 405 4212 nuestro
421 4145 535 4213 Sellor
550 4152 582 4213 el
596 4151 633 4213 P.
651 4151 806 4216 Maestro
827 4152 972 4232 Ignacio
993 4152 1176 4235 Preposito
1198 4155 1313 4221 Gene-

90 4250 198 4419 ‘alge
213 4252 245 4313 la
255 4251 449 4335 Compallla
463 4256 507 4320 de
521 4257 624 4340 Jesus
640 4269 720 4338 etc,
739 4278 784 4323 en

179 4365 272 4420 orna.

144 4461 232 4525 Alia
242 4478 365 4528 manu:
383 4467 470 4531 1555.
483 4468 665 4537 Sanlucar.
681 4473 968 4555 Quadrimestres
980 4479 1001 4543 2
1012 4479 1188 4544 Octobris.
1202 4479 1244 4561 Q.
1258 4477 1305 4544 V.

130 4701 139 4732 ¹
168 4700 235 4745 Vlde
245 4713 334 4761 supra,
344 4717 403 4762 pag.
415 4708 463 4764 ³10,
473 4717 561 4755 annot.
569 4710 592 4755 2.

1221 4924 1532 5064 „ml
