3210 5392
731 425 796 486 An.
818 425 889 486 1554
1371 428 1421 487 111

184 584 259 631 non
272 570 457 650 proposuit
473 571 686 635 haeredibus
704 571 915 652 relinquere,
937 572 1000 635 sed
1019 571 1056 635 in
1071 573 1333 652 eleemosynam
1348 590 1423 637 ero·

184 690 288 754 gare.
310 675 486 758 Cupitque
506 676 723 742 Academiae
745 678 968 742 Billomeusis
987 695 1128 742 omnem
1147 678 1423 743 administratio·

184 799 269 846 nem
283 781 456 849 Societati
470 785 701 865 committere,
720 794 757 850 vt
771 802 881 866 penes
894 783 1108 848 Societatem
1119 801 1222 848 omne
1233 786 1421 850 arbitrium

184 906 230 953 ac
246 889 303 955 ius
316 891 460 956 existat.
477 890 579 955 Ram
592 892 768 957 Dominus
782 891 1056 956 Clarmontanus
1074 909 1147 956 vna
1163 908 1244 955 cum
1258 891 1420 956 Illustris·

183 996 278 1061 simo
304 997 384 1062 viro
408 997 562 1063 Domino
587 999 770 1078 Montano,
798 1000 996 1063 libellorum
1017 999 1198 1079 regiorum
1224 1000 1422 1080 praesecto,

183 1102 421 1169 Reuerentiae
436 1114 518 1171 tuae
530 1106 786 1171 officiosissime
799 1124 838 1170 se
856 1123 990 1186 suaque
1002 1106 1236 1170 commendat.

248 1210 358 1276 Ciues
371 1211 502 1278 Montis
517 1213 646 1295 Argiui
663 1213 684 1294 ¹,
701 1214 830 1278 oblatis
844 1224 985 1277 centum
998 1213 1098 1277 libris
1118 1213 1258 1293 annuis,
1275 1212 1423 1276 domici·

183 1318 247 1396 lio,
263 1335 308 1382 ac
321 1321 534 1400 supellectili
556 1322 771 1400 necessaria,
792 1319 979 1386 Societatis
1002 1319 1241 1400 praesentiam
1261 1319 1421 1384 erudien-

182 1425 254 1488 dae
269 1426 445 1490 iuueututi
460 1426 643 1507 affectant,
660 1445 703 1492 ac
718 1429 822 1492 tertio
837 1436 899 1491 aut
913 1435 1040 1508 quarto
1057 1426 1185 1490 abhinc
1199 1426 1257 1490 die
1270 1425 1425 1491 Praeses

181 1532 288 1595 vrbis
302 1549 368 1596 uos
382 1533 522 1613 inuiset,
545 1533 767 1599 familiariter
783 1551 864 1598 cum
884 1532 990 1597 Patre
1008 1533 1077 1597 hoc
1102 1533 1145 1596 de
1165 1533 1308 1613 negotio
1323 1543 1421 1597 actu·

182 1653 261 1716 rus;
277 1639 414 1703 vtinam
429 1642 571 1705 colonia
593 1641 676 1705 illuc
700 1641 872 1720 mittatur,
887 1658 971 1704 nam
992 1639 1225 1704 concionandi
1247 1650 1281 1703 et
1295 1639 1421 1705 Sacra·

179 1756 306 1810 menta
320 1746 592 1812 administrandi
608 1748 788 1812 liberrima
802 1747 947 1811 daretur
961 1748 1076 1827 copia,
1087 1747 1297 1827 praesertim
1311 1765 1421 1829 quum

178 1850 360 1917 dioecesis
384 1854 429 1918 sit
448 1853 675 1933 Senonensis,
690 1872 757 1919 nec
783 1854 845 1918 vlli
869 1854 919 1918 ibi
943 1863 1125 1917 morentur
1143 1854 1312 1934 religiosi.
1336 1852 1420 1936 Sed,

178 1960 277 2039 proh
293 1960 405 2025 dolor!
420 1963 667 2043 operariorum
681 1963 801 2043 inopia
815 1978 883 2024 nos
897 1961 1036 2042 premit.

244 2066 425 2147 Quantum
441 2069 487 2132 ad
501 2069 709 2149 Euangelici
726 2068 815 2132 lucri
831 2068 1088 2132 incrementum
1103 2069 1239 2145 attinet,
1255 2084 1328 2132 non
1343 2068 1421 2131 siue

178 2173 332 2237 foenore
347 2175 480 2240 laboris
495 2176 597 2239 nobis
612 2176 719 2239 cessit
738 2175 965 2255 impendium.
983 2174 1145 2255 Quinque
1165 2174 1344 2238 exercitiis
1366 2192 1420 2237 sa·

178 2280 256 2343 cris
271 2280 408 2361 imbuti,
425 2282 596 2346 vnctione
610 2280 762 2362 Spiritus
776 2279 899 2345 Sancti
914 2280 1070 2359 delibuti,
1087 2281 1260 2344 aduersus
1281 2279 1423 2344 hostem

180 2388 220 2450 in
234 2388 454 2467 palaestram
465 2389 628 2468 prodiere
642 2387 846 2469 pugnaturi,
863 2404 1014 2468 quorum
1028 2387 1110 2465 duo,
1127 2388 1216 2450 alter
1237 2386 1421 2466 sacerdos,

184 2494 277 2557 alter
296 2493 505 2559 adolescens
526 2495 640 2559 bonae
659 2494 747 2575 spei,
770 2492 940 2559 Societati
960 2510 998 2557 se
1013 2493 1236 2557 addixerunt.
1253 2491 1321 2572 Qui
1339 2510 1420 2557 con·

185 2601 296 2664 stanti
310 2602 431 2665 animo
446 2618 485 2665 se
501 2602 650 2666 vincunt
664 2617 706 2664 ac
722 2609 892 2682 superant
907 2601 942 2663 in
960 2600 1036 2664 dies
1050 2598 1223 2663 aduersus
1234 2609 1423 2681 peccatum

190 2717 402 2787 pugnantes.
417 2706 555 2773 Nobilis
567 2708 625 2772 ille
640 2726 659 2772 e
673 2705 808 2772 familia
820 2706 1021 2771 Cardinalis
1033 2705 1292 2770 Vendommaei
1303 2705 1327 2785 ²,
1336 2717 1420 2769 cas·

188 2830 245 2877 ses
263 2816 409 2897 elapsus
431 2831 551 2895 aegre,
571 2816 637 2879 reti
658 2814 867 2895 euangelico
887 2813 1079 2878 aduolauit.
1097 2811 1163 2876 Vir
1183 2813 1241 2876 ille
1259 2813 1421 2892 Burgun-

190 2919 275 2984 dus³
289 2922 443 3002 patriam
465 2923 629 3000 accessit,
645 2922 729 2985 data
743 2921 847 2985 nobis
860 2919 928 2984 lide
950 2937 989 2983 se
1004 2938 1026 2984 a
1041 2919 1156 2984 reditu
1171 2920 1280 2984 animi
1301 2920 1421 2984 decre·

192 3037 261 3091 tum
270 3029 373 3093 nobis
388 3029 681 3110 deprompturum
696 3029 885 3093 exanimo:
903 3027 946 3090 de
960 3027 1061 3090 cuius
1076 3043 1224 3090 accessu
1245 3027 1334 3090 satis
1349 3044 1420 3091 am-

196 3131 349 3212 bigimus.

247 3238 441 3306 Monachus
465 3242 524 3305 ille
543 3241 794 3306 Benedictinus
808 3241 1026 3305 vberrimum
1044 3238 1198 3303 fructum
1218 3239 1272 3304 sui
1287 3239 1423 3304 laboris

203 3347 312 3411 retulit.
329 3345 394 3412 Est
409 3348 468 3412 hic
483 3349 630 3430 quidam
649 3348 852 3413 Canonicus
877 3346 1054 3426 regularis
1071 3344 1195 3411 Sancti
1214 3345 1420 3427 Augustini,

205 3448 385 3533 theologiae
410 3455 597 3519 doctoratu
628 3467 708 3536 post
734 3454 872 3517 Pascha
901 3453 1157 3532 insigniendus
1179 3453 1417 3532 ecclesiastes,

208 3552 295 3623 diuini
316 3561 463 3625 honoris
482 3562 624 3640 zelotes,
651 3562 713 3642 qui
732 3560 920 3641 plurimum
941 3559 1043 3623 nobis
1063 3568 1162 3639 optat
1183 3557 1340 3640 adiungi:
1357 3559 1422 3624 sed

210 3658 269 3726 eius
280 3666 443 3731 allectum
457 3668 603 3732 alterius
617 3667 800 3748 religionis
814 3665 987 3747 professio
1006 3664 1163 3747 impedit,
1180 3682 1261 3729 cum
1280 3683 1422 3730 summo

213 3767 297 3835 anim
311 3774 422 3855 ipsius
436 3774 569 3838 dolore.

256 3873 333 3959 Ego,
350 3878 469 3945 Patris
484 3881 634 3961 imperio
649 3881 789 3957 missus
807 3879 844 3942 in
864 3879 1018 3959 quadam
1036 3876 1204 3954 Abbatia,
1221 3877 1351 3942 Portus
1367 3897 1422 3943 re·

214 3975 268 4051 dii‘
279 3986 416 4050 nomine
431 3986 613 4068 insignita,
631 4004 695 4051 sex
709 3986 910 4051 milliarium
924 3985 1135 4066 gallicorum
1148 3985 1336 4050 interuallo
1351 3985 1420 4051 Lu·

215 4085 279 4151 tella
288 4090 422 4172 dissita,
440 4093 672 4157 concionatus
687 4110 766 4157 sum
780 4111 822 4156 eo
838 4093 893 4156 die
909 4092 1098 4170 dominico,
1114 4109 1186 4173 quq
1205 4091 1349 4156 iubilaei
1364 4109 1421 4155 so·

215 4187 348 4264 lemitas
359 4218 405 4264 ex
419 4197 601 4264 Pontificis
617 4199 751 4264 indulto
766 4198 945 4263 celebrata
960 4198 1060 4262 estin
1076 4198 1228 4262 dioecesi
1243 4196 1420 4264 Parisien-

218 4345 401 4370 N—

248 4432 254 4465 ¹
276 4438 332 4487 Vlde
341 4454 431 4499 snpra,
442 4449 464 4487 t.
476 4453 505 4495 11,
517 4454 577 4498 pag.
585 4443 634 4497 662,
646 4450 733 4488 annot.
741 4445 761 4489 2.

245 4502 255 4532 ¹
275 4509 374 4559 Carolus
385 4513 506 4559 Bonrbon
517 4515 548 4559 de
559 4516 700 4560 vendome.
710 4514 776 4560 Vide
787 4515 901 4559 Potancr
913 4513 1016 4566 chron„
1026 4519 1044 4558 t.
1055 4524 1091 4567 rr,
1100 4524 1161 4568 pag.
1171 4511 1219 4568 m,
1228 4511 1310 4556 11693.

247 4572 256 4602 ²
275 4581 394 4631 Antonius
403 4584 516 4630 Lauar?
527 4584 593 4631 Vide
605 4587 720 4632 Potaact
731 4585 884 4640 chronicon,
895 4592 916 4630 t.
929 4597 965 4639 rv,
975 4596 1038 4640 pag.
1049 4584 1098 4641 321,
1109 4595 1136 4629 n.
1148 4583 1198 4627 687.

247 4644 258 4678 ⁴
275 4650 332 4702 Vide
342 4657 457 4704 Potarrcr
469 4657 623 4713 chronicon,
634 4666 653 4703 t.
663 4670 700 4712 rr,
711 4669 770 4713 pag.
780 4656 829 4713 ³2³,
840 4657 923 4701 11695.
