3240 5386
216 430 273 489 660
607 432 1066 500 erraanequnnutuusrnus

217 575 368 639 essendo
384 581 460 640 cosi
476 575 638 640 ordinato
656 577 700 640 da
716 577 762 640 V.
782 577 823 641 R.
842 588 876 642 et
891 579 1042 643 essendo
1057 590 1183 660 questo
1199 581 1224 643 il
1239 590 1377 644 costume
1390 591 1416 644 et

216 684 469 747 consuetudine
485 685 566 747 delli
581 685 734 764 collegii,
751 686 976 749 breuemente
991 686 1066 749 diro
1080 688 1197 768 quello
1210 688 1273 750 che
1288 688 1316 751 si
1329 689 1416 751 ricor-

216 791 347 854 diamo.

275 896 552 961 Primeramente
579 898 741 961 adoncha
767 899 844 961 diro
871 899 904 962 (Γ
922 917 969 963 un
999 910 1096 964 certo
1116 901 1141 963 il
1162 903 1244 981 qual
1260 919 1318 981 per
1331 917 1419 965 essor-

214 1005 327 1068 tation
354 1004 436 1068 delli
459 1004 566 1068 Padri
593 1005 639 1066 ha
666 1005 842 1068 restituito
869 1006 965 1069 circa
990 1006 1100 1070 sedici
1125 1008 1243 1086 scudi,
1268 1009 1325 1070 ulli
1346 1007 1420 1088 quali

213 1128 274 1174 era
291 1112 457 1191 obligato;
474 1129 544 1190 ma,
562 1114 651 1175 oltra
668 1111 703 1175 di
718 1122 854 1192 questo,
882 1114 965 1175 vuol
987 1130 1097 1177 ancor
1122 1116 1248 1193 logare
1268 1132 1335 1177 vna
1353 1114 1420 1177 dou·

212 1220 288 1282 zela
312 1221 349 1282 in
374 1229 475 1299 parte
501 1219 535 1282 di
561 1219 694 1299 proprii
720 1218 845 1282 danari
860 1219 896 1282 iu
911 1237 958 1282 un
978 1221 1210 1284 monasterio.
1237 1220 1335 1284 Delie
1357 1238 1421 1284 con·

210 1325 354 1389 lessioni
365 1326 400 1389 di
416 1325 486 1396 doi.
503 1344 524 1388 o
540 1336 605 1401 tre,
624 1343 644 1388 o
660 1342 745 1388 uero
761 1335 902 1405 quattro
915 1327 1009 1405 anni,
1026 1345 1097 1390 non
1112 1328 1189 1391 diro
1205 1329 1306 1406 altro,
1322 1345 1420 1391 essen·

211 1433 257 1496 do
272 1450 357 1496 cosa
372 1449 560 1495 commune
576 1443 610 1494 et
625 1432 810 1511 frequente
825 1434 928 1512 quasi
943 1434 978 1496 in
995 1435 1080 1514 ogni
1100 1435 1250 1513 luogho.
1275 1433 1364 1499 Sono
1377 1452 1421 1498 an·

210 1540 321 1603 chora
336 1538 455 1604 audite
470 1540 597 1602 alcune
620 1537 836 1602 confessioni
860 1541 1019 1618 generali
1045 1558 1117 1604 non
1141 1558 1250 1605 senza
1272 1542 1383 1605 dolore
1393 1552 1420 1603 et

208 1647 389 1727 proposito
415 1645 450 1709 di
482 1646 694 1709 emendarsi.
720 1644 800 1708 Non
825 1651 922 1709 staro
947 1664 969 1709 a
994 1664 1142 1711 narrare
1165 1649 1308 1729 (perche
1330 1664 1421 1729 penso

207 1754 253 1817 V.
270 1753 312 1816 R.
329 1756 417 1816 altre
432 1754 527 1816 volte
542 1769 639 1816 esser
654 1762 748 1815 stata
760 1752 911 1831 auisata)
932 1755 1135 1834 qualmente
1156 1756 1258 1818 molti
1279 1753 1420 1818 huomini

206 1871 240 1923 et
252 1862 368 1925 donne
384 1860 614 1940 frequentano
627 1860 661 1922 la
677 1858 901 1922 consessione
913 1869 947 1923 et
963 1862 1223 1940 communione,
1251 1879 1321 1925 non
1344 1862 1418 1924 sola·

205 1979 322 2031 mente
338 1967 416 2031 dico
432 1966 549 2029 alcuni
573 1965 596 2027 li
612 1965 730 2044 giorni
754 1965 789 2028 di
815 1965 1004 2046 dominica,
1027 1986 1086 2032 ma
1112 1986 1245 2032 ancora
1272 1969 1328 2033 doi
1343 1986 1361 2031 o
1375 1977 1419 2030 tre

204 2076 299 2137 volte
314 2076 348 2136 la
363 2074 562 2150 settimana,
580 2090 648 2134 con
662 2072 799 2150 grande
814 2072 1037 2137 edificatione
1051 2074 1143 2138 delle
1156 2091 1318 2155 persone.

262 2180 387 2244 Debbo
403 2180 488 2243 sorsi
502 2189 622 2242 tacere
638 2178 703 2242 che
715 2180 833 2242 alcuni
845 2189 945 2243 tanto
957 2181 988 2244 si
1000 2190 1265 2260 sottopongono
1285 2184 1340 2244 all'
1353 2181 1417 2243 obe·

202 2287 327 2351 dienza
342 2287 423 2350 delli
438 2286 515 2349 suoi
531 2286 633 2366 padri
650 2285 825 2365 spirituali
850 2287 886 2349 in
913 2287 998 2366 ogni
1023 2305 1119 2364 cosa,
1148 2289 1215 2351 che
1230 2289 1334 2351 niuna
1348 2303 1416 2350 cosa

201 2411 309 2456 senza
324 2396 376 2457 lor
391 2394 573 2472 conseglio
599 2403 634 2455 et
658 2409 763 2472 parer
788 2391 942 2472 iacian0,
967 2394 1004 2456 in
1029 2393 1136 2457 modo
1163 2395 1229 2457 che
1255 2408 1411 2474 superato

199 2501 297 2564 molti
314 2500 480 2579 religiosi.
498 2498 556 2561 Ma
571 2498 663 2561 delle
678 2516 761 2562 cose
776 2500 976 2563 occorrenti
992 2500 1076 2578 ogni
1098 2499 1240 2579 giorno,
1267 2498 1413 2564 comesor

199 2608 255 2671 far
268 2625 366 2687 pace,
383 2607 512 2670 retirar
529 2606 551 2668 li
581 2605 763 2685 peccatori
778 2606 872 2668 dalla
894 2608 990 2669 mala
1014 2606 1086 2683 via,
1112 2615 1147 2669 et
1172 2608 1272 2671 leuar
1285 2607 1333 2687 gli
1346 2607 1412 2669 huo·

199 2716 287 2778 mini
299 2714 378 2777 dall'
394 2713 501 2777 offesa
517 2713 553 2776 di
569 2711 649 2790 Dio,
666 2720 701 2775 et
715 2712 828 2774 simile
853 2729 948 2790 cose,
975 2731 1046 2776 non
1061 2714 1215 2793 parlero,
1244 2714 1338 2777 accio
1356 2727 1409 2774 non

200 2823 254 2885 sia
269 2823 417 2884 molesto
435 2838 455 2882 a
471 2820 516 2883 V.
534 2819 575 2882 R.

260 2930 398 2992 Adesso
413 2929 456 2990 de
473 2929 585 3006 quelle
602 2944 683 2988 cose
699 2926 764 2988 ene
780 2935 1048 3006 appartengono
1065 2930 1099 2989 al
1114 2926 1273 3006 Collegio
1293 2927 1369 3002 diro,
1382 2934 1406 2984 et

196 3037 329 3116 prima,
361 3051 461 3096 come
488 3034 511 3095 il
533 3050 680 3095 numero
706 3032 786 3094 delli
813 3032 967 3094 scholari
992 3032 1172 3096 forastieri
1198 3035 1281 3113 ogni
1305 3032 1406 3112 giorno

197 3159 335 3219 cresce,
370 3141 402 3202 rl’
432 3140 549 3202 alcuni
577 3139 658 3201 delli
685 3139 781 3218 quali
809 3139 838 3200 si
864 3148 980 3218 spetta
1005 3155 1096 3217 gran
1123 3139 1244 3203 frutto.
1272 3140 1359 3203 Oltra
1379 3133 1405 3194 di

194 3259 319 3328 questo
335 3249 459 3326 suppia
474 3245 516 3308 V.
536 3245 576 3307 R.
596 3247 796 3324 qualmente
823 3245 882 3307 alli
908 3245 1025 3323 giorni
1048 3247 1183 3325 passati
1212 3253 1231 3308 e
1248 3249 1366 3309 intrato
1377 3240 1402 3301 in

193 3373 279 3417 casa
296 3373 343 3416 vn
359 3355 563 3429 giouanetto
580 3352 614 3413 di
631 3352 744 3412 buone
760 3351 853 3430 parti
870 3350 939 3427 (fra
956 3352 977 3412 l'
996 3352 1085 3414 altre
1102 3369 1141 3414 sa
1165 3354 1329 3432 alquanto
1343 3363 1401 3428 par·

192 3463 246 3524 lar
261 3470 295 3523 et
310 3463 453 3539 leggere
469 3476 589 3537 greco,
609 3460 691 3537 qual
707 3464 726 3519 e
742 3457 784 3518 (le
800 3456 906 3536 quelli
923 3457 987 3519 che
1004 3455 1239 3537 frequentano
1260 3461 1290 3521 le
1307 3463 1401 3518 nostre

191 3569 337 3642 schole),
356 3584 418 3645 per
434 3583 551 3627 essere
567 3565 657 3626 della
675 3564 905 3642 compagnia.
921 3562 958 3625 ln
976 3581 1059 3625 casa
1076 3564 1188 3627 siumo
1205 3564 1339 3635 tredeci;
1351 3561 1398 3621 ben

190 3680 308 3738 veroe
325 3674 389 3735 che
407 3690 492 3734 sono
508 3673 636 3750 cinque
651 3672 707 3733 del
723 3671 873 3749 collegio
885 3670 921 3733 di
936 3669 1068 3749 Padoa,
1082 3672 1105 3734 li
1121 3673 1216 3751 quali
1235 3690 1296 3752 per
1307 3663 1397 3731 alcuni

188 3781 319 3861 giorni,
337 3799 357 3842 o
374 3797 458 3841 vero
475 3778 520 3839 fin
538 3779 603 3839 che
621 3778 766 3857 piacera
784 3779 841 3838 all’
861 3777 1053 3840 obedienza
1071 3775 1091 3855 ¹,
1106 3779 1187 3842 delli
1199 3780 1292 3859 quali
1307 3767 1396 3839 alcuni

187 3891 216 3950 s’
234 3887 451 3950 essercitano
480 3885 516 3947 in
529 3885 548 3947 l'
564 3884 753 3946 humanita
775 3894 807 3945 et
824 3883 1013 3961 rhetorica,
1032 3885 1114 3947 altri
1137 3886 1230 3948 nella
1249 3893 1394 3965 gramma·

189 3996 271 4072 tica,
289 3995 338 4074 gli
354 3993 434 4055 altri
451 3992 558 4054 fanno
574 3993 605 4053 le
623 4009 705 4053 cose
722 3991 755 4053 di
773 4008 868 4052 casa.
885 3989 980 4053 Tntti
998 4008 1065 4053 con
1081 3992 1205 4071 spirito
1221 4005 1358 4054 seruono
1370 3981 1393 4043 al

185 4100 347 4181 Signore.
367 4099 469 4162 Della
486 4099 559 4160 vita
585 4109 619 4160 et
646 4098 797 4159 costumi
823 4099 900 4159 loro
927 4116 996 4159 non
1023 4116 1066 4159 ne
1092 4116 1198 4177 posso
1225 4100 1279 4162 dir
1296 4104 1393 4159 senon

185 4211 287 4287 bene,
304 4207 506 4286 imperoche
524 4222 610 4267 sono
630 4222 691 4283 per
707 4205 824 4282 gratia
841 4205 883 4266 de
900 4204 968 4266 Dio
984 4204 1124 4282 pacifici
1141 4216 1175 4267 et
1188 4205 1304 4284 quieti,
1317 4210 1392 4264 corne

184 4317 232 4377 mi
248 4332 345 4394 pare,
363 4323 397 4375 et
413 4313 448 4374 in
464 4313 584 4391 parole
600 4321 634 4373 et
650 4311 685 4372 in
696 4311 787 4389 gesti
804 4309 1005 4372 edificatiui.
1024 4308 1093 4373 Dio
1117 4321 1241 4375 nostro
1266 4310 1391 4388 signore

189 4524 403 4535 ————·

226 4660 234 4692 ¹
265 4660 314 4710 Sic,
325 4659 462 4707 sententia,
473 4667 500 4700 ut
514 4659 624 4711 videtur,
637 4671 685 4702 non
696 4662 835 4712 completa.
