3210 5392
189 433 241 492 124
572 433 743 493 erranau
762 448 1035 501 ouaoarunsrnas

184 579 345 658 ipsarum
360 579 545 643 confessae
560 588 642 643 sunt
656 579 884 658 generaliter,
900 579 992 642 aliae
1007 587 1127 642 autem
1141 578 1256 658 ipsam
1271 594 1426 659 genera·

185 686 256 748 lem
270 684 529 750 confessionem
543 694 684 767 parant.
700 685 764 749 Est
779 694 876 749 certe
890 685 984 749 unde
996 687 1174 766 possimus
1188 685 1336 749 laudare
1352 684 1425 749 Do·

184 792 331 871 minum,
343 791 494 857 videndo
502 811 572 874 quo
580 793 721 857 feruore
729 792 866 871 (ducem
877 809 977 856 suam
989 791 1200 873 Principem,
1210 792 1425 872 discipulam

186 899 303 962 Patris
316 901 429 963 nostri
443 898 639 979 Francisci,
653 899 844 978 imitantes)
859 898 1059 979 profectum
1069 898 1291 980 spiritualem
1303 916 1426 980 prose

182 1016 349 1086 quantur,
361 1016 400 1070 ut
415 1016 511 1071 certe
522 1007 639 1087 potius
654 1005 907 1070 monasterium
921 1005 1125 1070 monialium
1136 1005 1301 1069 videatur
1313 1022 1424 1087 quam

183 1114 269 1176 aula
284 1114 395 1192 regia.
413 1113 564 1177 Caetera
581 1113 752 1177 exercitia
771 1122 806 1198 et
821 1113 1074 1194 occupationes
1088 1111 1215 1175 solitae
1230 1111 1424 1176 Societatis

186 1229 342 1298 nostrae,
359 1229 432 1283 tam
454 1220 547 1283 intra
569 1220 724 1298 domum,
747 1237 854 1301 quam
869 1228 984 1299 extra,
1001 1236 1092 1300 quae
1106 1218 1292 1282 breuitatis
1308 1236 1423 1283 causa

182 1326 321 1405 omitto,
347 1327 522 1407 largiente
537 1326 703 1406 Domino,
730 1344 800 1408 non
821 1326 1112 1404 intermittuntur,
1137 1325 1200 1389 sed
1219 1326 1340 1406 potius
1361 1344 1424 1389 au·

181 1440 324 1510 gentur.
341 1433 395 1497 Tu
409 1434 562 1511 interim,
578 1433 620 1498 R.
643 1434 678 1497 in
697 1432 839 1498 Christo
859 1431 981 1511 Pater,
1005 1432 1240 1495 sanctissimis
1259 1432 1332 1495 tuis
1356 1433 1423 1496 im·

182 1539 317 1618 primis
335 1538 460 1604 deinde
475 1541 625 1604 aliorum
644 1539 790 1604 Patrum
803 1556 848 1603 ac
861 1539 1013 1603 fratrum
1027 1538 1322 1603 charissimorum
1336 1557 1421 1603 ora·

184 1645 350 1724 tionibus,
368 1643 459 1728 [nos]
476 1647 742 1710 commendatos
757 1646 861 1710 habe

244 1749 300 1814 Ex
325 1752 454 1833 oppido
479 1738 690 1832 vallisoleti,
711 1754 826 1834 ptimo
850 1750 1019 1816 calendas
1044 1752 1261 1833 Septembris
1290 1753 1423 1818 milles.

181 1858 407 1937 quingentes.
424 1861 656 1942 quinquages
673 1869 812 1941 quarto.

1044 2074 1255 2140 Douanncu.

244 2503 512 2586 superscriptio
528 2504 567 2566 in
581 2509 713 2584 quarta
723 2511 881 2584 pagina:
903 2431 989 2567 IITIS.
1006 2500 1210 2566 Admodum
1224 2501 1305 2565 R.do
1320 2501 1423 2567 Patri

181 2613 219 2675 in
235 2610 377 2676 Christo
392 2611 490 2675 Patri
509 2620 634 2675 nostro
653 2610 700 2674 M.
717 2610 760 2673 de
775 2610 924 2690 Loyola,
949 2608 1157 2690 Praeposito
1172 2608 1341 2673 Generali
1356 2607 1425 2674 So·

178 2718 322 2782 cietatis
340 2717 430 2797 Iesu,
446 2717 594 2781 Romae.

241 2823 326 2888 Alia
341 2842 463 2888 manu.
483 2824 571 2888 1554.
588 2822 803 2887 Valladolid.
820 2822 956 2887 Vltimo
971 2822 1005 2886 d'
1022 2821 1171 2902 Agosto.

149 2991 152 3000 .
251 2932 449 3011 Vestigium
464 2948 564 2995 cerae
576 2931 707 2994 rubrae
721 2936 755 2993 et
770 2929 899 3010 sigilli.
