3240 5386
761 110 824 167 Au.
848 110 917 169 1555
1396 115 1453 174 493

182 251 351 319 simum
375 258 547 319 bonarum
577 256 704 318 artium
730 256 888 333 studiosi,
913 256 1121 335 ibidemque,
1144 258 1173 319 si
1199 259 1281 337 quid
1308 259 1392 323 boni
1413 262 1448 323 in

178 363 353 425 Scholis
369 364 576 440 didicerant,
600 363 635 424 id
659 379 761 424 omne
780 362 895 424 uentis
916 371 950 423 et
970 363 1136 425 obliuioni
1158 365 1356 428 tradebant.
1374 366 1447 430 Iam

179 477 264 533 ex
292 470 456 533 omnibus
480 470 543 532 vix
567 487 675 532 unum
700 469 873 549 reperias,
897 470 958 548 qui
984 469 1113 532 audeat
1134 472 1242 535 animi
1263 474 1450 537 relaxandi

178 586 343 652 causa,
361 578 452 640 ultra
468 577 612 639 biduum
625 577 700 639 ruri
720 576 863 639 morari.
887 576 1001 639 Fuere
1022 578 1065 639 ab
1089 579 1266 641 oratoriae
1288 579 1448 645 facultati

184 685 446 749 studentibus
470 684 713 747 oratiunculae
732 684 906 763 quaedam
927 685 963 746 in
984 695 1105 747 nostra
1128 687 1278 749 ecclesia
1294 688 1449 766 habitae,

187 804 312 872 quos
339 801 414 854 tarn
439 791 645 870 composite,
669 799 741 853 tam
768 798 891 853 ornate
907 790 1039 854 dixisse
1061 790 1212 869 (ferunt),
1235 803 1272 856 ut
1292 797 1448 857 omnium

192 898 426 979 opinionem
445 899 639 960 uincerent.

276 1003 389 1068 Domi
403 1020 525 1066 omnes
540 1014 635 1066 recte
651 1003 780 1080 ualent,
798 1012 831 1066 et
847 1003 882 1066 in
898 1021 1035 1066 summa
1049 1022 1138 1084 pace
1153 1005 1297 1085 degunt.
1311 1006 1374 1070 Est
1388 1026 1447 1071 no·

202 1109 271 1176 bis
289 1111 467 1174 hebraeus
483 1111 690 1173 adolescens
705 1111 867 1187 traditus
886 1120 924 1174 ut
939 1129 1019 1174 eum
1034 1112 1250 1176 christianae
1266 1115 1449 1194 religionis

212 1218 403 1282 elementis
423 1218 631 1280 imbuamus.
650 1216 828 1296 Quantum
847 1217 902 1280 his
921 1219 1091 1297 pauculis
1116 1219 1242 1300 quibus
1264 1221 1358 1300 apud
1379 1239 1446 1285 nos

214 1326 304 1406 egit,
323 1325 447 1388 diebus
461 1323 661 1404 profecerit,
678 1342 749 1387 non
775 1325 877 1387 facile
899 1324 1048 1388 dixeris:
1064 1336 1164 1388 tanta
1184 1336 1237 1389 est
1259 1327 1295 1390 in
1318 1345 1360 1390 eo
1385 1329 1445 1392 hu·

218 1431 387 1509 manitaS,
400 1440 498 1492 tanta
515 1448 653 1493 morum
668 1430 837 1510 probitaS,
855 1440 953 1493 tanta
972 1432 1066 1494 uitae
1081 1431 1279 1511 integritas,
1297 1436 1448 1499 tantuin

219 1555 387 1603 sermone
411 1536 613 1614 sinceritaS,
641 1537 790 1617 denique
817 1537 922 1616 (quod
946 1548 999 1600 est
1024 1539 1264 1618 praecipuum)
1288 1549 1387 1604 tanta
1411 1542 1450 1606 in

219 1655 389 1724 suscepto
405 1644 586 1723 proposito
610 1644 822 1721 constantia,
839 1652 877 1706 ut
891 1644 977 1706 nulli
991 1662 1062 1706 non
1077 1644 1350 1709 admirationem
1376 1665 1451 1712 mo·

185 1819 189 1828 ,
219 1760 315 1815 ueat.

281 1856 338 1920 De
362 1855 531 1919 Antistite
556 1855 640 1936 quid
666 1856 801 1919 dicam?
826 1873 932 1937 quam
958 1858 1003 1920 sit
1022 1858 1227 1938 beneuolus,
1255 1878 1362 1941 quam
1382 1879 1452 1926 nos

218 1972 327 2041 amet,
344 1963 507 2026 omnibus
522 1972 643 2025 notum
658 1973 728 2024 est:
745 1973 886 2026 caetera
899 1964 999 2026 bene.

282 2069 381 2132 Haec
400 2079 493 2139 sunt.
511 2068 587 2131 R.de
602 2067 719 2146 Pater,
745 2086 836 2149 quae
859 2080 956 2133 tuam
974 2070 1230 2136 Paternitatem
1245 2074 1337 2137 scire
1356 2076 1451 2139 uole-

218 2177 360 2240 bamus:
377 2186 425 2253 tu,
442 2192 585 2257 quaeso,
603 2193 666 2256 pro
682 2176 784 2239 nobis
799 2193 863 2240 ora
877 2195 921 2240 ac
935 2176 1011 2241 Deo
1027 2180 1247 2243 commenda.
1264 2179 1367 2245 Vale.

282 2283 454 2360 VenetiiS,
474 2280 495 2344 8
509 2280 644 2345 calend.
661 2282 768 2364 Junii.

283 2389 337 2453 Ex
352 2389 450 2452 iussu
464 2389 505 2451 R.
519 2387 556 2451 P.
573 2388 744 2452 Rectoris.

283 2495 394 2559 Filius
408 2495 586 2574 indignuS,

1082 2713 1285 2779 Aauouous.

283 3031 377 3094 Loco
391 3032 711 3111 superscriptionis
732 3033 817 3096 haec
830 3033 869 3095 in
883 3034 1039 3096 secunda
1054 3035 1199 3114 pagina
1214 3034 1410 3114 leguntur:
1425 3037 1451 3108 †

220 3137 507 3218 Quadrimestres
521 3139 659 3203 litterae
674 3139 824 3220 Collegii
840 3141 970 3204 veneti.

282 3243 368 3307 Ah‘a
383 3261 509 3308 manu:
526 3245 613 3308 1555.
631 3244 803 3311 Venetiis
819 3246 1104 3328 Quadrimestres
1118 3246 1158 3310 25
1171 3248 1267 3313 Maii.
