3210 5392
184 432 239 492 364
576 431 747 489 LITTERAE
761 444 1033 497 Quaoatussstkas

186 587 258 640 tate
275 576 369 640 haud
383 578 507 656 procul
523 575 748 639 discesserim
762 575 793 638 si
813 576 917 639 malis
936 574 1075 655 punicis
1102 573 1323 651 conferrem,
1341 591 1389 653 qu

187 701 266 747 cum
283 684 517 764 praerubeum
533 700 618 764 prae
633 702 671 745 se
686 684 802 746 ferant
816 684 984 759 colorem,
1001 682 1060 761 qui
1080 698 1161 744 eum
1176 681 1391 761 inspectant

188 790 366 854 oblectare
380 792 481 866 solet,
498 791 611 853 fracta
628 789 867 867 nihilominus,
884 788 1043 852 marcida
1054 787 1211 867 reperire
1224 787 1310 851 erit.
1328 785 1387 866 Qu

187 913 269 960 cum
283 896 321 961 P.
347 896 478 960 Rector
494 898 733 976 cognouisset,
754 898 859 976 paulo
885 905 1094 971 commotus,
1109 904 1272 957 attamen
1287 895 1388 958 hilar

187 1002 275 1066 haec
291 1004 433 1084 quidem
445 1003 672 1068 dilacerando
685 1004 720 1066 ui
735 1003 886 1083 effregit;
903 1003 991 1066 haec
1007 1011 1126 1065 autem
1141 1001 1306 1080 gladiolo
1324 1000 1390 1065 dis

187 1109 302 1173 dendo
314 1111 474 1190 proiecit,
490 1111 597 1174 credo
613 1110 775 1190 equidem
792 1120 910 1173 tantas
926 1109 1116 1190 perfrictae
1137 1108 1321 1171 audaciae
1337 1108 1390 1171 uir

187 1218 343 1297 perferre
358 1235 429 1280 non
444 1218 599 1297 potuisse
615 1218 698 1296 quin
711 1219 894 1296 repentino
906 1215 1060 1295 quodam
1075 1214 1209 1294 impetu
1221 1213 1271 1276 ad
1286 1230 1334 1277 ea
1347 1213 1390 1276 dit

187 1323 319 1388 nianda
334 1324 460 1387 ductus
475 1323 609 1387 fuisset.
628 1323 746 1386 Noluit
762 1334 878 1399 tamen
893 1321 1018 1385 Patres
1030 1329 1064 1383 et
1076 1321 1206 1383 fratres
1219 1329 1329 1383 tanta
1342 1320 1389 1383 de

187 1431 343 1493 ctatione
363 1430 516 1510 priuare,
539 1429 634 1509 quod
656 1429 875 1492 commodius
896 1426 971 1490 fieri
996 1444 1101 1507 posse
1124 1425 1280 1489 credidit
1303 1427 1339 1490 si
1354 1427 1390 1490 ht

188 1524 294 1599 resim
309 1554 352 1600 eo
377 1538 536 1613 allatam,
564 1536 623 1599 ubi
644 1536 748 1598 simul
770 1552 892 1598 omnes
918 1550 1214 1611 conueneramus,
1244 1532 1308 1597 ubi
1340 1532 1390 1613 igr

188 1646 407 1724 compositus
419 1643 547 1722 fuerat,
565 1643 894 1706 combussissemus.
923 1639 953 1704 Ο
979 1641 1073 1721 piam
1095 1640 1286 1707 laetitiam!
1310 1658 1335 1704 o
1350 1656 1390 1720 ge

187 1749 283 1812 dium
308 1767 379 1813 non
400 1749 571 1813 obliuioni
591 1747 843 1812 mandandum!
863 1748 942 1827 quis
967 1765 1037 1810 non
1057 1747 1282 1809 exhilaratus
1308 1746 1390 1811 fuis:

186 1856 216 1918 si
228 1853 370 1919 Patrem
385 1866 419 1919 et
434 1856 564 1919 fratres
578 1857 621 1933 ei,
648 1856 782 1919 scelera
809 1854 1011 1934 respiranti,
1035 1852 1285 1916 incendendae
1310 1855 1368 1917 sic

186 1963 291 2025 nixos
303 1962 462 2041 uidisset,
478 1972 514 2026 ut
530 1962 567 2025 hi
583 1961 724 2043 quidem
738 1963 874 2025 adeam
891 1963 927 2025 in
943 1961 1061 2039 ignem
1077 1959 1347 2024 immittendam
1364 1978 1389 2025 n

187 2070 258 2131 lam
272 2086 411 2132 moram
425 2069 620 2147 traherent,
637 2079 671 2131 et
686 2069 722 2131 hi
737 2069 844 2149 lignis
855 2085 927 2131 non
941 2069 1049 2130 semel
1061 2066 1212 2129 subditis
1228 2067 1278 2130 ad
1292 2078 1390 2147 pest<

187 2175 464 2253 extinguendam
478 2176 692 2239 laborarent!
704 2174 773 2238 Sed
784 2174 1006 2254 nescioquid,
1019 2192 1102 2237 ecce
1112 2190 1237 2236 eorum
1250 2176 1390 2254 quaeda

186 2281 376 2360 cernimus
392 2300 483 2362 quae
499 2283 535 2346 in
558 2284 639 2362 igne
664 2283 728 2346 vix
750 2281 948 2361 deflagrare
968 2281 1190 2358 videbantur,
1208 2292 1246 2343 et
1262 2298 1390 2361 quami

186 2387 260 2450 fere
276 2388 402 2452 horam
418 2389 580 2453 flammae
596 2390 801 2470 suppositae
820 2389 989 2466 iacerent,
1016 2387 1169 2451 cremari
1192 2388 1390 2453 nihilomin

185 2513 256 2557 non
272 2495 493 2560 uidebamus.
511 2497 589 2560 Non
606 2497 795 2560 defuerunt
811 2498 870 2577 qui
886 2496 1059 2559 dixissent
1073 2512 1154 2558 eum
1170 2495 1360 2575 spiritum,
1380 2517 1390 2560 <

186 2602 232 2665 ad
243 2603 303 2665 illa
321 2605 503 2668 exaranda
527 2604 817 2683 lucubrandaque
837 2605 1047 2684 deceptores
1066 2603 1149 2679 (non
1168 2603 1293 2666 dicam
1313 2603 1389 2669 doc

183 2710 254 2786 res)
270 2712 503 2791 compulerat,
521 2711 568 2773 ibi
590 2711 769 2789 latitasse;
797 2709 859 2773 sed
885 2711 973 2773 haec
999 2709 1159 2789 pluribus
1181 2710 1310 2773 forsan
1327 2729 1390 2792 qur

184 2816 401 2895 oportuisset
419 2818 580 2881 disserui.
599 2816 733 2880 Nobilis
748 2828 868 2880 autem
883 2817 951 2895 ille,
969 2816 1100 2897 pluries
1114 2817 1319 2895 confessuS,
1347 2817 1390 2883 Sa

185 2933 263 2986 ctae
277 2923 379 2987 Fidei
397 2924 580 2987 Romanae
595 2925 778 2987 Ecclesiae
794 2924 937 2987 innixus
953 2923 1123 3003 persistit.

246 3029 533 3093 Commemoratu
550 3032 659 3109 digna
675 3042 793 3093 essent
808 3031 960 3111 plurima
976 3030 1137 3106 dicenda,
1160 3031 1196 3093 in
1217 3033 1360 3111 quibus
1377 3054 1390 3098 1

184 3136 399 3200 scricordiae
418 3136 562 3200 Domini
588 3139 774 3217 perspicue
796 3137 953 3200 infinitae
979 3138 1226 3217 inspiciuntur.
1253 3137 1330 3203 Sed
1355 3161 1390 3223 qt

184 3243 351 3306 uniuersa
366 3260 554 3306 recensere
574 3245 708 3325 posset?
730 3255 935 3307 nontamen
955 3244 990 3307 id
1009 3245 1316 3327 praetermittam,
1337 3267 1390 3329 qu

183 3358 350 3427 operatus
367 3361 421 3413 est
439 3350 613 3414 Dominus
625 3351 660 3413 in
673 3351 955 3414 confessionibus
968 3351 1151 3430 proximis:
1166 3354 1366 3419 confessus
1382 3376 1390 3418 ε

183 3454 240 3516 ille
252 3465 286 3516 et
300 3459 534 3519 sacramentis
546 3456 700 3520 Sanctae
713 3458 896 3520 Ecclesiae
908 3457 1102 3536 restiturus,
1118 3458 1177 3537 qui
1188 3458 1240 3520 ita
1254 3473 1390 3527 contar

182 3571 287 3623 natus
303 3574 381 3626 erat
400 3574 448 3641 ut,
471 3565 724 3643 languescenS,
742 3565 778 3627 in
793 3566 1015 3645 putredinem
1031 3566 1167 3627 solutus
1182 3565 1348 3631 iamiam
1367 3571 1390 3633 d

183 3668 374 3731 soluendus
402 3670 682 3734 existimabatur.
714 3671 880 3734 Mulieres
901 3689 1056 3751 quoque,
1085 3689 1175 3751 quae
1202 3672 1274 3736 hoc
1300 3693 1389 3739 mor

181 3774 400 3852 laborabant,
419 3794 489 3839 non
503 3776 700 3854 defuerunt,
716 3779 904 3857 quominus
920 3777 1044 3840 sordes
1059 3789 1093 3840 ct
1113 3778 1220 3841 animi
1244 3781 1340 3844 uitia
1358 3801 1380 3845 a

185 3881 380 3945 abiicereut
392 3893 427 3945 et
439 3901 567 3946 nouam
579 3884 721 3947 uiuendi
729 3886 904 3947 rationem
914 3885 1177 3947 constituerent:
1189 3887 1306 3949 altera
1319 3892 1390 3953 eni*

181 4005 271 4067 quae
287 3989 440 4069 quinque
453 4007 568 4052 annos
581 3991 788 4054 haeresibus
798 3992 986 4065 institerat,
1000 3992 1113 4054 altera
1126 4008 1210 4054 uero
1220 4003 1321 4072 oct0,
1335 4015 1386 4077 qu

179 4112 251 4157 non
268 4113 394 4176 parum
411 4096 500 4175 (Deo
516 4097 647 4175 gratia)
672 4099 808 4161 fructus
829 4117 849 4160 a
874 4099 1121 4175 sacramentis
1148 4116 1241 4178 quae
1259 4099 1390 4184 freque

182 4210 256 4280 tat,
285 4203 460 4282 decerpit,
488 4222 509 4265 a
536 4205 687 4268 uinculis
713 4204 846 4267 inimici
871 4207 1023 4282 solutae,
1051 4206 1087 4267 in
1113 4205 1251 4285 campis
1277 4222 1387 4273 sanct

180 4307 260 4371 fidei
286 4310 587 4389 gratulabundae,
610 4312 774 4374 maximis
795 4311 1088 4375 delectationibus
1112 4312 1316 4392 capiuntur.
1346 4315 1390 4380 Pr

180 4417 299 4496 plures
323 4417 464 4480 fuerunt
479 4434 614 4496 eorum,
641 4418 702 4498 qui
723 4420 855 4482 nostris
877 4418 1041 4482 Patribus
1066 4430 1148 4482 sunt
1171 4420 1342 4497 confessi,
1368 4443 1390 4504 q

181 4534 265 4602 tres,
281 4525 340 4604 qui
356 4534 507 4604 quatuor
529 4542 642 4587 annos
667 4526 711 4587 ab
735 4524 802 4587 hoc
828 4535 1053 4589 sacramento
1079 4524 1309 4606 destiterant,
1333 4529 1390 4593 int«

181 4648 270 4711 quos
285 4629 350 4693 fuit
366 4631 503 4710 mulier,
521 4650 612 4712 quae
638 4630 675 4694 18
693 4650 808 4695 annos
834 4633 1072 4695 meretriciam
1094 4632 1301 4698 foeditatem
1322 4653 1389 4699 exe
