3210 5392
187 417 242 481 232
573 418 1024 487 Llrraaaeooauaurasraes

186 567 288 631 multi
300 567 490 630 auditores.
509 566 545 630 P.
560 567 735 646 Antonius
748 566 790 628 de
802 564 964 644 Quadros
978 566 1245 648 'idempensum
1261 563 1368 628 soluit
1380 564 1415 627 in

187 672 317 753 oppido
331 674 460 753 vicino,
477 677 535 738 ubi
553 675 689 741 fructus
703 689 890 759 perceptus
909 689 974 753 est,
990 675 1189 756 populoque
1203 672 1295 736 adeo
1310 672 1415 735 satis·

185 779 318 844 factum
330 791 380 859 vt,
397 792 584 863 postquam
600 783 680 847 inde
704 786 859 863 redierit,
883 783 1068 864 aliquoties
1095 779 1287 861 requisitus
1307 777 1415 843 fuerit

184 886 478 968 efflagitatusque‚
496 891 612 955 missis
626 892 733 955 etiam
748 893 858 957 literis
872 890 918 954 ad
933 890 973 954 R.
991 887 1252 955 Prouincialem
1268 904 1290 949 a
1304 883 1416 949 Sena·

184 1003 240 1072 tu,
258 995 383 1075 quibus
395 1013 465 1059 non
480 997 577 1060 licuit
592 999 755 1078 paralius
767 998 1019 1078 occupationes
1031 993 1250 1059 satisfacere.

246 1101 363 1166 Utitur
378 1102 466 1165 haec
480 1105 608 1167 ciuitas
628 1115 729 1169 tanta
754 1106 929 1168 charitate
947 1105 984 1167 in
997 1120 1064 1167 nos
1078 1102 1114 1165 in
1135 1099 1334 1180 largiendis
1349 1100 1416 1163 ele·

183 1209 376 1288 emosynis,
393 1221 432 1272 vt
446 1210 547 1274 nobis
561 1212 755 1293 praeripiat
768 1211 923 1292 patiendi
939 1211 1176 1275 occasionem.
1192 1206 1232 1271 In
1243 1207 1416 1287 tempium

181 1313 412 1381 conferuntur
422 1320 533 1381 multa
545 1330 752 1384 ornamenta
766 1320 933 1407 pretiosa,
948 1316 1123 1399 inquibus
1136 1324 1217 1379 sunt
1230 1313 1415 1388 frontalia,

182 1423 354 1501 cortinae,
371 1433 582 1506 caeteraque
594 1428 723 1505 templo
735 1426 949 1490 necessaria.
963 1423 1140 1488 Proximis
1151 1421 1278 1485 diebus
1289 1419 1417 1483 donati

183 1530 441 1594 suutaedituo5
455 1529 503 1601 π’
515 1532 561 1596 ad
569 1531 736 1596 emendos
744 1549 879 1611 cereoS,
889 1533 1199 1610 interrogatusque
1211 1537 1266 1592 est
1278 1536 1415 1608 quanta

184 1636 334 1715 singulis
348 1637 527 1701 mensibus
541 1639 691 1718 pecunia
707 1639 742 1701 in
757 1640 809 1703 eis
824 1636 1096 1719 expenderetur,
1112 1653 1157 1699 ne
1175 1642 1302 1697 nostra
1321 1650 1415 1697 eme·

184 1752 292 1809 retur.
306 1743 344 1808 in
356 1744 480 1808 aedem
493 1743 504 1773 ³
516 1744 745 1810 conferuntur
756 1756 808 1809 tot
822 1747 1083 1824 eleemosynae,
1095 1750 1134 1805 vt
1146 1741 1223 1805 sine
1241 1758 1329 1822 pera
1343 1741 1413 1803 ala-

182 1867 260 1917 mur
274 1868 412 1915 omnes:
429 1852 550 1930 multa,
567 1852 767 1916 hominibus
782 1852 1045 1916 delicatioribus
1059 1849 1287 1929 aegrotisque
1302 1864 1414 1928 appo-

183 1957 262 2033 sita,
286 1974 358 2019 non
383 1958 630 2037 admittuntur,
656 1975 735 2021 cum
763 1961 813 2021 eis
839 1974 1002 2020 caremus
1025 1954 1049 2015 ⁴.
1075 1956 1190 2020 Tanta
1212 1970 1267 2017 est
1291 1972 1413 2018 rerum

181 2064 408 2140 abundantia,
427 2074 467 2128 vt
480 2064 641 2129 uideatur
662 2065 816 2145 irrogari
836 2065 964 2128 iniuria
982 2063 1194 2145 paupertati.
1216 2060 1275 2125 Ad
1295 2060 1413 2127 aedifi·

182 2171 505 2245 cationemdomus
530 2173 633 2236 nobis
653 2173 802 2254 prouisit
826 2172 1000 2236 Dominus
1024 2170 1281 2244 liberalissime,
1305 2169 1414 2250 siqui·

181 2276 262 2340 dem
277 2278 376 2341 breui
391 2288 548 2358 tempore
568 2289 773 2343 constructa
799 2288 879 2343 sunt
904 2278 1083 2342 domicilia
1106 2275 1411 2353 commodissima,

183 2385 218 2447 in
243 2385 369 2464 quibus
394 2386 541 2465 expensi
566 2396 648 2450 sunt
676 2384 931 2465 1250anu110
957 2385 1073 2448 debito
1098 2384 1235 2447 relicto.
1257 2380 1412 2463 Quidam

182 2491 333 2570 largitus
346 2491 470 2567 est—375
485 2494 526 2569 2,
541 2493 600 2555 alii
611 2491 671 2555 200
687 2491 727 2572 a,
741 2493 802 2555 alii
812 2492 853 2555 50
872 2490 911 2571 ὅ,
922 2493 982 2555 alii
993 2509 1057 2572 pro
1069 2508 1132 2555 sua
1145 2490 1294 2571 quisque
1304 2490 1410 2555 deuo·

179 2598 285 2676 tione.
303 2596 510 2677 Propediem
525 2600 732 2680 incipiemus
748 2598 983 2663 exaedificare
998 2599 1166 2677 templum
1181 2596 1410 2661 commodum

180 2705 418 2787 amplumque:
434 2722 619 2785 speramus
633 2724 703 2769 non
719 2705 882 2770 defutura
900 2705 1102 2769 necessaria
1119 2703 1372 2768 aedificationi.
1400 2758 1405 2769 .

199 2881 200 2885 Ἰ
241 2808 409 2890 Superior
423 2829 508 2892 pars
522 2812 648 2875 domus
662 2814 818 2877 continet
841 2813 862 2875 8
888 2813 1060 2890 cubicula,
1086 2822 1169 2874 ante
1184 2828 1277 2892 quae
1303 2812 1414 2877 conti·

181 2919 303 2997 gnatio
320 2918 550 2996 protenditur.
568 2918 716 2982 Inferior
730 2921 750 2981 4
765 2921 938 2993 cubicula,
960 2928 1145 2999 praeterea
1172 2917 1415 2991 refectorium,

182 3025 346 3103 culinam,
361 3027 486 3088 cellam
494 3027 687 3106 penariam:
701 3028 872 3089 habemus
884 3027 1118 3104 horologium,
1135 3025 1229 3106 quod
1240 3042 1262 3088 a
1275 3024 1416 3106 Regina

181 3143 325 3212 propter
342 3132 457 3197 Deum
479 3132 649 3197 donatum
675 3143 739 3196 est.
767 3133 865 3197 Haec
881 3133 997 3196 omnia
1010 3140 1083 3195 tam
1108 3132 1209 3195 breui
1232 3144 1317 3197 sunt
1333 3150 1417 3198 con·

183 3248 328 3316 structa,
353 3249 391 3302 vt
417 3240 544 3302 mirum
569 3239 682 3303 uideri
702 3240 825 3320 possit.
853 3238 1001 3302 Videtur
1024 3237 1165 3319 quidem
1188 3236 1367 3304 Dominus
1381 3242 1416 3304 id

182 3345 309 3411 fecisse
324 3356 362 3408 ut
377 3357 521 3426 possent
536 3347 652 3427 excipi
666 3347 860 3427 profecturi
871 3345 917 3408 ad
929 3344 1127 3408 Pretiosum
1138 3346 1328 3429 Joannem‚
1340 3351 1416 3428 qui·

181 3453 248 3515 bus
263 3462 367 3516 antea
382 3470 455 3515 non
470 3464 547 3517 erat
561 3454 784 3536 locusinunc
799 3471 886 3517 vero
906 3452 1058 3517 et-nobis
1073 3461 1108 3515 et
1122 3452 1191 3516 illis
1203 3455 1414 3520 commodis·

180 3559 291 3623 simus
307 3569 371 3633 est,
389 3578 468 3624 cum
485 3568 567 3623 ante
582 3579 626 3623 ne
646 3561 748 3623 nobis
763 3562 903 3642 quidem
919 3572 1024 3625 esset.

240 3665 389 3745 Quidam
406 3667 574 3730 sacerdos
590 3685 627 3730 se
639 3676 800 3731 nostrum
815 3668 927 3746 finxit,
941 3668 1152 3749 petebatque
1164 3668 1416 3749 eleemosynas

183 3773 220 3836 in
235 3773 302 3836 hac
318 3774 419 3852 urbe;
435 3774 645 3838 credebatur
661 3792 773 3838 essee
794 3775 935 3854 nostris;
962 3774 1055 3855 quod
1078 3792 1158 3838 cum
1180 3774 1415 3839 intellexisset

179 3880 323 3960 quidam
351 3880 509 3958 deuotus,
537 3882 676 3943 curavit
697 3882 733 3943 in
756 3899 935 3944 carcerem
963 3881 1232 3959 coniiciendum,
1261 3881 1357 3946 unde
1378 3884 1415 3946 in

179 3987 324 4050 exilium
339 3988 467 4050 missus
482 3997 546 4062 est,
569 4004 631 4066 per
647 4006 778 4052 annum
793 3989 971 4052 malefacti
987 4007 1121 4069 poenas
1135 3987 1295 4052 daturus

241 4092 283 4156 R.
301 4093 339 4156 P.
357 4094 471 4156 Miron
491 4105 688 4157 commotus
707 4096 882 4158 charitate
904 4095 1146 4158 satisfaciendi
1164 4095 1341 4176 omnibus,
1359 4114 1413 4160 su·

227 4299 233 4329 ¹
263 4297 289 4341 Is
300 4309 373 4342 suam
384 4299 506 4343 emiserat
516 4299 703 4354 professionem
714 4299 802 4343 eadem
813 4300 854 4342 die
865 4311 915 4355 qua
927 4298 1048 4344 Silveira.
1059 4299 1127 4345 Ibid.

223 4370 234 4400 ²
263 4369 291 4413 ld
300 4379 347 4420 est,
359 4378 485 4424 argentea
495 4377 607 4424 scutata,
619 4383 663 4413 seu
675 4372 792 4414 ducatus.
811 4371 877 4415 Vide
888 4382 975 4426 supra,
986 4377 1048 4415 tom.
1059 4383 1086 4425 11,
1096 4384 1156 4428 pag.
1164 4373 1214 4427 676,
1230 4381 1321 4419 annot.
1335 4376 1357 4421 l.

224 4442 235 4473 ³
261 4441 344 4497 Magis
353 4445 486 4496 perspicue
498 4449 566 4485 esset
577 4443 605 4485 in
620 4444 737 4485 domum.

223 4514 235 4546 ὅ
261 4513 332 4557 Haec
343 4514 424 4566 magis
439 4514 574 4568 perspicue
586 4515 704 4568 exposuit
716 4514 856 4558 Polaticus:
868 4516 953 4558 muita
965 4517 1048 4559 ctiam
1059 4517 1095 4560 ad
1106 4517 1208 4560 vicium
1220 4522 1269 4561 aut
1279 4519 1412 4563 valetudi-

183 4586 274 4633 nariis
284 4587 418 4641 apposita,
427 4586 533 4639 quando
544 4587 630 4628 nostri
639 4586 775 4635 valebant,
785 4598 836 4629 non
847 4589 1070 4639 adrrrt'urbautur,
1081 4583 1144 4642 qrria
1155 4589 1318 4635 delicatiora
1333 4595 1414 4635 erant
1456 4571 1463 4585 ⁶

179 4668 267 4711 quam
279 4660 308 4699 ut
318 4658 395 4701 sanis
404 4658 564 4702 viderentur
573 4660 723 4703 convenire.
742 4658 844 4710 claron„
852 4666 870 4704 t.
882 4671 917 4709 rr,
929 4672 981 4715 pag
998 4660 1047 4713 aa,
1058 4672 1082 4705 u.
1095 4661 1157 4705 1¹51.
1188 4702 1190 4707 ,
