3210 5392
182 409 235 470 150
567 409 739 469 urrunnu
759 427 1031 478 ouamuussrnns

181 555 361 633 inuiseret,
385 554 539 619 nondum
565 556 681 619 rediit.
701 557 920 637 Expectatur
942 557 1111 620 tamenin
1126 557 1213 636 dieS,
1238 566 1272 620 et
1291 574 1416 620 morae

183 677 329 724 causam
344 662 521 725 credimus
536 679 614 726 esse
631 662 724 743 quod
738 663 927 744 Syracusis
941 675 976 727 et
998 663 1168 741 Calanae,
1189 663 1233 727 ob
1248 665 1415 743 collegia,

182 785 273 847 quae
288 768 336 831 ibi
351 769 546 832 extruenda
562 780 654 846 sunt,
672 770 876 851 aliquandiu
899 770 996 833 illum
1017 770 1167 833 detineri
1187 787 1334 834 necesse
1349 780 1416 832 est.

243 872 350 937 Plura
374 875 442 954 his,
468 892 559 956 quae
583 876 749 955 scribam,
777 893 847 939 non
873 886 1079 950 occurrunt,
1107 876 1358 940 colendissime
1381 878 1418 940 in

184 980 324 1045 Christo
335 981 452 1062 Pater;
465 993 501 1047 et
510 984 675 1064 quoniam
688 985 905 1065 paucissima
916 994 1011 1063 sunt,
1025 1001 1195 1063 rogamus
1208 983 1250 1047 R.
1268 983 1307 1047 P.
1320 984 1362 1048 T.
1379 995 1419 1047 ut

182 1088 276 1167 apud
290 1086 418 1168 Deum,
433 1090 492 1169 qui
506 1100 631 1170 potens
646 1100 699 1154 est
713 1089 831 1154 facere
847 1100 884 1153 ut
897 1091 932 1154 in
945 1108 1048 1154 omne
1060 1109 1148 1171 opus
1160 1092 1292 1154 bonum
1307 1091 1419 1155 abun·

182 1193 305 1258 demus
315 1196 391 1259 eius
405 1197 534 1276 gratia,
545 1215 609 1277 pro
624 1198 726 1261 nobis
741 1198 961 1261 intercedere
976 1197 1153 1277 dignetur,
1170 1215 1240 1279 quo
1256 1198 1421 1262 utiliores

183 1302 334 1381 posthac
350 1304 444 1366 serui
459 1322 537 1366 esse
551 1305 739 1385 possimus
757 1303 883 1368 Amen.

135 1395 136 1398 ¹
243 1408 441 1489 Messanae,
461 1410 497 1472 13
514 1408 692 1489 Septemb.
712 1407 805 1474 1554.

488 1517 529 1579 R.
546 1515 584 1581 P.
601 1517 641 1580 T.
656 1519 789 1581 inutilis
804 1535 931 1581 seruus
945 1519 981 1580 in
996 1516 1060 1581 X.⁰
1073 1517 1169 1599 Jesu,

843 1733 1009 1796 Aumuan
1031 1753 1055 1796 a
1078 1733 1256 1798 Conuero.

244 2055 291 2117 In
311 2061 442 2134 quarta
458 2054 602 2134 pagina
623 2053 707 2116 llaec
727 2059 869 2116 tantum
887 2053 1076 2133 leguntur.
1097 2055 1257 2130 †Mess.⁸
1272 2055 1422 2121 Settcm·

182 2162 245 2225 bre
263 2162 349 2225 1554.

548 2693 702 2747 Exemplum
715 2695 828 2737 alterum
839 2695 901 2737 item
911 2694 1111 2753 autographum.

691 2973 693 2978 .
767 2855 842 2973 uls

244 3125 371 3188 Gratia
387 3124 530 3187 Domini
544 3124 628 3205 Jesu
644 3123 700 3187 Χ]
723 3125 767 3187 sit
783 3141 863 3186 cum
879 3124 1005 3203 spiritu
1021 3133 1155 3187 nostro.
1173 3123 1301 3187 Arnen.

244 3231 428 3294 Profectus
444 3232 649 3311 spiritualis
667 3230 772 3293 Pater
788 3232 920 3310 optime
937 3231 972 3293 in
988 3230 1129 3294 Christo
1149 3231 1246 3314 Jesu,
1264 3240 1421 3311 quatuor

184 3340 238 3401 his
255 3339 433 3401 mensibus
447 3339 515 3400 hac
530 3338 565 3400 in
581 3338 667 3400 urbe
683 3337 875 3417 quaesitus,
893 3338 959 3400 etsi
974 3355 1045 3400 non
1061 3348 1115 3401 est
1127 3338 1271 3400 omnino
1286 3340 1418 3411 nullus,

184 3456 304 3507 tamen
327 3463 398 3508 non
422 3455 541 3507 tantus
565 3456 629 3522 est,
653 3454 691 3508 ut
714 3461 882 3522 magnum
905 3444 1036 3523 aliquid
1056 3443 1217 3524 proferre
1237 3445 1361 3526 possit,
1385 3457 1421 3508 et

185 3570 265 3616 cum
282 3553 335 3628 iis,
353 3570 443 3632 quae
458 3551 533 3614 fieri
549 3552 628 3614 aliis
643 3552 679 3613 in
694 3551 782 3614 locis
798 3551 972 3627 audimus,
990 3550 1254 3614 conserendum.
1272 3551 1421 3615 Praeter

184 3659 398 3722 domesticas
420 3659 610 3721 conciones
634 3659 736 3737 (quae
759 3674 889 3736 magna
912 3658 1053 3737 quidem
1075 3657 1273 3737 frequentia
1290 3658 1421 3721 haben·

185 3767 264 3844 tur),
279 3766 347 3828 duo
360 3784 404 3828 ex
416 3765 580 3828 Patribus
595 3765 745 3843 singulis
760 3764 1039 3827 hebdomadibus
1049 3766 1084 3827 in
1097 3765 1323 3828 monasteriis
1338 3783 1421 3828 con·

185 3875 385 3937 cionantur.
409 3873 504 3936 Idem
526 3873 636 3936 etalii
655 3892 699 3934 ex
720 3872 851 3934 nostris
870 3871 1005 3934 faciunt
1024 3873 1240 3949 sacerdotes
1264 3872 1326 3935 sed
1348 3890 1421 3935 non

185 3991 316 4043 statuto
337 3990 495 4059 tempore
515 3991 576 4041 aut
596 3981 686 4041 loco.
708 3980 831 4041 Lectio
848 3976 958 4055 Pauli,
977 3979 1182 4058 aliquandiu
1204 3979 1420 4057 intermissa,

186 4089 348 4168 proximo
365 4105 484 4150 mense
499 4094 679 4165 resumpta
696 4095 759 4162 est,
779 4103 994 4166 quamquam
1009 4104 1079 4148 non
1099 4086 1294 4164 abeodem,
1313 4103 1333 4148 a
1349 4104 1423 4166 quo

187 4203 269 4257 ante
295 4195 491 4272 legebatur,
508 4192 622 4255 Patre.
647 4192 720 4255 Nec
742 4192 870 4254 babent
891 4193 985 4272 quod
1007 4193 1050 4255 de
1070 4193 1167 4255 uerbi
1183 4192 1251 4256 Dei
1269 4194 1424 4274 penuria

190 4302 345 4364 Messani
369 4310 579 4381 querantur,
606 4310 679 4361 tres
699 4299 792 4361 enim
812 4298 912 4361 Pauli
937 4299 1104 4378 epistolas
1129 4300 1422 4380 interpretantur,

189 4411 307 4487 plures
330 4409 599 4484 concionantur,
627 4406 686 4469 alii
707 4405 815 4468 etiam
835 4407 905 4468 alia
925 4407 1058 4484 legunt.
1079 4405 1201 4488 Neque
1220 4407 1255 4470 id
1277 4409 1424 4470 omnino

189 4516 370 4579 inutiliter.
384 4514 530 4577 Praeter
546 4514 639 4576 enim
654 4530 726 4587 eoS,
744 4512 801 4592 qui
817 4513 911 4591 apud
933 4530 998 4575 nos
1019 4488 1241 4595 confitentur]
1258 4513 1318 4594 qui
1333 4531 1424 4577 sane

190 4623 290 4686 multi
308 4631 400 4697 sunt,
417 4622 496 4683 aliis
521 4638 659 4699 quoque
685 4622 720 4682 in
745 4619 885 4698 templis
910 4621 1074 4698 permulti
1099 4621 1302 4700 audiuntur,
1329 4621 1427 4685 etin
