3210 5392
207 418 263 478 210
593 417 764 477 errenus
782 431 1072 486 ouupmunsruss.

208 582 286 630 rum
310 580 403 629 nunc
427 565 502 629 sere
527 565 740 645 completum
764 566 946 629 habemus.
977 563 1080 628 Hanc
1105 565 1350 628 accessionem
1377 583 1450 628 nos

207 689 352 751 sperare
377 672 512 736 faciunt
532 671 673 752 plurimi
692 671 848 749 iuuenes
869 688 959 752 quos
974 682 1048 734 tum
1064 672 1189 734 crebra
1210 687 1291 734 cum
1306 673 1451 735 nostris-

206 780 381 859 colloquia
401 791 435 843 et
457 778 643 842 familiaris
659 779 896 856 conuersatio,
913 788 988 841 tum
1001 777 1168 857 frequens
1182 777 1376 858 confessio,
1394 779 1441 842 ad

208 896 368 950 nostrum
384 887 583 950 institutum
598 902 668 948 nou
684 902 812 966 parum
827 883 1037 948 accendunt.

266 992 531 1057 Concionantur
552 992 768 1072 germanice,
795 992 845 1056 uti
871 993 972 1069 solet,
999 992 1036 1055 in
1061 992 1213 1055 ecclesia
1239 991 1446 1058 cathedrali

203 1099 245 1162 R.
268 1098 306 1163 P.
329 1099 503 1178 CanisiuS,
525 1099 560 1162 in
579 1109 703 1162 nostra
722 1116 810 1161 vero
829 1098 1000 1162 Godanus
1024 1098 1031 1128 ¹
1056 1098 1242 1162 dominicis
1268 1118 1311 1163 ac
1339 1099 1450 1164 iestis·

203 1207 338 1270 diebus:
354 1206 484 1270 fratres
499 1216 618 1269 autem
632 1206 746 1268 nostri
759 1205 885 1269 adalia
900 1206 1043 1286 templa,
1053 1207 1341 1286 'praedicationis
1356 1209 1442 1288 quo-

204 1331 271 1392 que
293 1314 422 1393 gratia,
446 1315 669 1394 postulantur
682 1311 896 1396 frequenter,
912 1329 1063 1392 quorum
1082 1312 1274 1376 conciones
1288 1315 1448 1379 multum.

200 1429 325 1497 gratas
341 1436 418 1482 esse
433 1421 562 1500 populo
577 1436 745 1482 numerus
760 1418 897 1481 auctior
913 1427 1019 1498 atque
1030 1420 1210 1496 attentior,
1238 1437 1383 1484 necnon
1395 1421 1443 1485 ad

200 1526 305 1589 finem
326 1544 437 1607 vsque
463 1526 646 1589 concionis
672 1525 873 1588 auditorum
899 1526 1111 1600 constantia,
1138 1525 1241 1589 facile
1267 1538 1448 1607 arguunt,

200 1630 270 1696 Sed
285 1643 319 1695 et
334 1632 427 1696 Κέω*
439 1631 476 1694 Ρ.
493 1632 629 1712 Lanoy,
652 1632 773 1694 multis
788 1632 920 1710 alioqui
943 1631 1136 1694 distractus
1159 1633 1256 1695 curis
1279 1643 1315 1696 et
1330 1650 1444 1714 nego·

199 1739 275 1813 ciis,
292 1740 434 1803 tandem
449 1739 594 1802 foelices
610 1739 771 1802 laborum
785 1754 942 1815 suorum,
967 1739 1012 1800 ob
1029 1738 1122 1801 hanc
1142 1738 1302 1818 linguam
1318 1757 1441 1805 susce-

198 1855 339 1926 ptorum
358 1847 381 1923 ⁸,
404 1847 547 1909 molitur
567 1847 671 1909 edere
696 1854 831 1926 partus,
853 1845 954 1908 cuius
978 1847 1179 1925 exemplum
1199 1848 1363 1910 nonnulli
1377 1849 1447 1912 alii

197 1969 336 2033 quoque
352 1934 483 2016 imitari
496 1950 648 2026 student,
665 1961 704 2013 vt
729 1968 775 2013 ex
794 1951 972 2030 lapidibus
996 1950 1074 2013 istis
1093 1950 1265 2032 plurimos
1287 1953 1440 2018 suscitet

197 2057 295 2121 Deus
309 2076 373 2138 per
388 2076 448 2121 eos
463 2057 630 2121 Abrahae
646 2056 747 2120 filios:
764 2056 857 2137 quod
880 2055 1036 2119 futurum
1057 2058 1172 2137 magis
1192 2075 1383 2138 speramus
1406 2065 1440 2126 si

196 2166 327 2228 nostris
343 2166 420 2228 istis
434 2166 555 2244 paruis
571 2164 756 2228 conatibus
771 2174 917 2227 sanctae
938 2175 1082 2227 uestrae
1105 2165 1278 2228 accedant
1293 2184 1437 2246 preces,

256 2271 409 2335 Fructus
425 2283 553 2347 autem,
572 2272 632 2351 qui
646 2289 691 2334 ex
706 2271 761 2334 his
773 2271 1003 2334 concionibus
1017 2271 1191 2350 prouenit,
1208 2289 1280 2335 non
1291 2284 1348 2337 est
1363 2276 1444 2339 exi-

196 2394 301 2457 guus
319 2388 392 2441 tum
409 2379 440 2441 si
465 2377 722 2459 frequentiores
743 2376 996 2452 consessiones
1019 2388 1093 2439 tum
1108 2376 1262 2440 maxime
1277 2379 1308 2442 si
1324 2382 1439 2446 maio·

197 2502 272 2546 rem
288 2484 333 2546 ad
349 2487 481 2548 cultum
496 2484 655 2547 diuinum
670 2484 789 2564 populi
810 2500 937 2545 cernas
962 2483 1196 2547 deuotionem.
1212 2484 1305 2548 Nam
1320 2491 1438 2567 quoti·

201 2591 307 2653 diana
331 2610 447 2670 sacra,
463 2609 553 2672 quae
569 2591 612 2654 ab
628 2591 717 2653 hora
736 2590 785 2652 63¹
806 2590 965 2670 hyberno
987 2590 1128 2668 quidem
1143 2602 1303 2671 tempore
1319 2611 1444 2676 usque·

196 2699 240 2760 ad
255 2698 276 2760 9
291 2701 349 2762 vel
378 2697 465 2761 tuin
486 2700 615 2778 templo
639 2709 761 2760 nostro
781 2697 880 2774 fiunt,
902 2697 1068 2777 permulti
1090 2697 1275 2776 accedunt,
1292 2708 1369 2764 tam
1384 2702 1442 2765 hi·-

193 2806 295 2882 spani
310 2822 416 2885 quam
431 2804 605 2884 germani,
622 2821 710 2883 quos
727 2803 919 2882 singularis
935 2802 1109 2882 quaedam
1124 2803 1171 2866 ad
1184 2815 1309 2868 nostra
1325 2824 1436 2872 sacra

193 2912 302 2976 trahit
317 2913 471 2976 deuotio
489 2911 623 2974 Diebus
639 2920 757 2974 autem
769 2911 869 2974 festis
884 2913 990 2988 longe
1005 2912 1118 2974 maior
1134 2925 1186 2974 est
1201 2930 1308 2992 quam
1323 2926 1435 2979 antea

192 3021 311 3099 populi
335 3019 545 3099 frequentia,
568 3036 667 3098 quos,
695 3028 836 3098 praeter
863 3029 1067 3081 nostrorum
1090 3035 1206 3095 sacra,
1235 3021 1434 3100 singularis

192 3143 332 3207 quoque
344 3126 474 3206 optime
486 3141 579 3188 nunc
593 3125 748 3204 reparati
760 3125 879 3203 templi
893 3124 1007 3186 cultus
1018 3124 1155 3203 inuitat,
1172 3137 1211 3187 vt
1223 3128 1335 3192 etiam
1346 3129 1432 3194 huic

191 3233 353 3295 extranei
378 3233 581 3295 sacerdotes
606 3232 694 3294 moti
719 3232 883 3293 libentius
910 3232 946 3293 in
971 3241 1096 3294 nostro
1122 3234 1252 3311 templo
1272 3252 1338 3298 sua
1355 3254 1435 3317 per·

190 3342 331 3402 soluant
345 3357 461 3402 sacra.
479 3338 557 3401 Non
573 3339 677 3418 pauci
692 3339 799 3400 etiam
816 3338 860 3400 ad
872 3338 982 3417 ipsius
995 3340 1127 3400 cultum
1139 3348 1245 3419 atque
1258 3355 1427 3407 ornatum

192 3447 483 3527 promouendum,
497 3447 662 3524 religioso
674 3445 827 3524 quodam
839 3444 966 3507 affectu
978 3445 1084 3520 ducti,
1098 3446 1268 3527 pleraque
1283 3465 1352 3513 nec
1364 3468 1424 3531 pa-

188 3555 244 3617 rui
258 3554 399 3633 quidem
411 3553 520 3633 precii
532 3563 751 3628 ornamenta,
763 3563 836 3614 tum
849 3553 1024 3630 altarium,
1038 3563 1111 3615 tum
1124 3553 1277 3617 aliarum
1288 3573 1421 3632 rerum,

188 3661 477 3740 suppeditauere,
506 3661 596 3722 inter
623 3677 711 3738 quos
736 3660 908 3739 proximis
922 3659 1044 3722 diebus
1060 3670 1224 3723 matrona
1246 3665 1431 3741 quaedam.

186 3767 387 3845 bohemica,
413 3767 561 3828 multum
590 3764 761 3829 Societati
787 3766 926 3841 deuota,
953 3766 1100 3828 calicem
1125 3766 1329 3846 preciosum
1354 3789 1426 3834 vna

185 3890 265 3935 cum
291 3874 365 3937 suis
389 3873 643 3952 appendicibus
663 3872 765 3934 uobis
784 3873 941 3935 donauit.
965 3871 1070 3935 Plura
1091 3873 1161 3935 alia
1181 3873 1217 3935 in
1240 3874 1318 3938 dies
1344 3877 1429 3940 ofle-

184 3989 321 4058 runtur,
339 3997 429 4059 quae
445 3996 525 4042 cum
540 3978 777 4056 repudiamus
800 3997 844 4041 ne
864 3978 1041 4057 superflua
1063 3979 1193 4043 habere
1217 3981 1417 4060 videamur,

184 4103 351 4166 magnam
377 4086 650 4149 admirationem
676 4086 709 4147 id
731 4087 766 4147 in
791 4087 876 4164 ipsis
906 4087 1039 4149 excitat
1067 4096 1102 4148 et
1126 4086 1422 4154 aedificationem.

227 4223 234 4252 ί
264 4220 294 4263 Ρ.
309 4221 586 4264 NtcoluusGoudnnus.

224 4293 235 4321 ἱ
263 4291 334 4345 “Ipse
344 4293 423 4335 etlam
436 4293 462 4334 P.
474 4292 605 4346 Lanoyuu
617 4293 678 4334 licet
689 4292 776 4334 multis
786 4293 855 4333 curis
865 4297 890 4333 ct
906 4291 1021 4340 negociis
1032 4291 1175 4342 districtus,
1192 4292 1367 4339 Germanicae
1378 4297 1423 4340 lin·

182 4373 249 4416 guae
261 4363 440 4406 difficultatem
448 4374 572 4417 superare
584 4364 659 4416 (quod
671 4364 719 4417 ipsi
731 4365 805 4413 lonae
816 4363 973 4405 laboriosius
983 4370 1049 4413 erut,
1060 4364 1133 4418 cuius
1143 4364 1238 4407 idioma
1249 4368 1423 4412 vernaculum

180 4434 304 4485 gallicum
315 4435 371 4485 fult,
383 4447 460 4488 quarn
472 4435 530 4477 aliis
541 4436 631 4488 quibus
642 4435 794 4477 flandricum
805 4439 873 4483 erat)
888 4434 973 4477 studio
984 4441 1010 4477 et
1025 4435 1212 4479 exercitatione
1222 4437 1366 4487 ultebatur.
1377 4450 1420 4482 cu·

180 4506 222 4559 jus
233 4506 379 4559 exemplum
389 4515 415 4549 et
427 4508 471 4550 alii
482 4508 665 4559 sequebantur,
676 4512 704 4549 ut
716 4507 809 4549 saltem
821 4507 846 4548 iu
856 4506 991 4560 colloquiis
1002 4515 1027 4549 et
1036 4507 1249 4561 confessionibus,
1261 4510 1301 4554 els
1310 4512 1353 4565 qul
1364 4518 1420 4555 tan·

180 4581 236 4618 tum
246 4578 422 4630 germanicam
434 4579 547 4632 linguam
558 4580 689 4630 tenebant,
700 4578 822 4632 prodesse
834 4586 943 4631 posset„
961 4578 1103 4633 Focaneus,
1122 4580 1148 4624 in
1159 4579 1297 4636 Chronico,
1312 4589 1333 4627 t.
1343 4594 1368 4637 x,
1377 4585 1422 4628 ubl

181 4647 238 4700 aglu
246 4647 277 4690 de
285 4646 402 4703 collegio
413 4650 565 4694 Viennensi.
948 4671 950 4674 ⁴
