3210 5392
180 407 237 470 Q
568 409 740 469 errnana
758 423 1030 478 Quanamusms

184 572 313 618 sumus
332 554 497 634 ingressi,
517 554 787 635 expectantibus
800 554 883 617 hinc
902 554 984 617 inde
1009 553 1194 635 permultis
1213 570 1299 617 cum
1320 553 1425 617 clero

192 660 370 740 uniuers0,
398 662 456 743 qui
481 661 634 725 Domino
660 660 898 724 Gubernatori
915 676 979 740 pro
998 659 1133 724 foribus
1152 661 1279 741 templi
1300 659 1417 724 adsta·

184 768 281 831 bant.

251 873 441 939 Caeterum
449 892 527 953 nos,
543 875 656 939 obiter
668 876 830 939 omnibus
841 874 1016 953 salutatis
1028 874 1075 937 ad
1088 873 1338 956 pientissimae
1350 873 1424 938 Dei·

188 979 380 1047 Genitricis
393 983 637 1064 procurrimus
651 999 781 1063 genua,
804 999 895 1064 quae
908 998 975 1046 nos
989 997 1128 1045 summa
1151 979 1423 1062 quodammodo

191 1096 226 1153 et
236 1088 419 1170 inexperta
436 1089 681 1154 consolatione
701 1088 921 1154 resalutauit.
941 1087 1234 1153 Exaudiebantur
1252 1087 1292 1151 in
1314 1104 1427 1153 sacro

193 1195 393 1260 dominicae
414 1196 673 1261 Incarnationis
690 1197 822 1260 sacello
841 1204 1046 1260 nostrorum
1069 1194 1228 1259 omnium
1249 1194 1427 1276 gemitus,

192 1303 429 1367 cernebantur
444 1304 667 1367 dulcissimae
687 1302 887 1368 deuotionis
901 1301 1107 1368 lachrimae.

212 1451 214 1456 ·
250 1408 401 1475 Peracto
417 1418 536 1474 autem
550 1417 669 1474 tantae
684 1409 826 1491 pietatis
840 1408 967 1488 officio,
987 1425 1110 1473 omnes
1124 1409 1294 1473 canonici
1314 1420 1352 1474 et
1367 1427 1419 1474 sa·

191 1516 353 1581 cerdotes
367 1516 471 1581 huius
485 1517 612 1580 domus
625 1534 690 1581 nos
704 1518 742 1581 in
757 1517 878 1581 osculo
893 1524 1017 1580 sancto
1036 1515 1294 1582 humanissime
1319 1533 1423 1581 exce·

193 1633 333 1706 perunt,
350 1624 477 1706 quibus
491 1623 646 1688 officiose
660 1623 875 1703 resalutatis,
897 1633 933 1687 et
953 1640 1024 1687 una
1045 1639 1128 1687 cum
1150 1622 1223 1686 illis
1241 1623 1428 1704 spirituali

193 1748 237 1795 ac
253 1732 431 1812 corporali
447 1731 526 1795 cibo
538 1729 674 1810 refecti,
690 1730 737 1795 ad
758 1738 922 1810 paratam
939 1729 1043 1794 nobis
1060 1747 1083 1793 a
1100 1727 1146 1793 D.
1167 1728 1431 1794 Gubernatore·

194 1836 449 1902 habitationem
474 1854 595 1902 sumus
613 1835 781 1917 profecti,
801 1836 878 1900 Deo
897 1845 933 1899 et
952 1835 1194 1917 pientissimae
1220 1837 1332 1900 matri
1356 1853 1422 1917 pro

191 1944 301 2008 tantis
314 1942 494 2008 beneficiis
507 1943 644 2024 gratias
659 1953 817 2023 agentes.

250 2050 338 2115 Erat
360 2050 486 2114 domus
506 2050 610 2114 ualde
635 2051 754 2132 ampla
778 2060 814 2112 et
833 2049 1053 2129 excipiendis
1066 2048 1290 2131 principibus
1304 2050 1433 2130 potius

194 2174 302 2239 quam
315 2158 491 2238 religiosis
516 2167 728 2237 opportuna.
754 2157 907 2222 Eramus
926 2156 1021 2222 enim
1041 2157 1079 2220 in
1097 2157 1227 2237 amplis
1248 2157 1433 2221 cubiculis-

191 2281 263 2327 non
278 2273 352 2327 tam
367 2264 551 2327 commode
565 2281 672 2344 quam
685 2262 872 2344 magnifice
884 2263 1076 2342 constituti,
1093 2263 1137 2327 ob
1147 2263 1255 2344 idque
1266 2280 1430 2328 commo·

195 2370 330 2434 diorem
352 2370 607 2434 habitationem
619 2380 701 2451 post
714 2380 786 2434 tres
801 2386 940 2433 menses
956 2387 978 2433 a
992 2368 1146 2434 Domino
1166 2367 1424 2436 Gubernatore

193 2477 474 2557 impetrauimus,
491 2477 526 2540 in
542 2494 612 2558 qua
626 2493 730 2553 nunc,
748 2493 885 2539 summa
900 2476 1018 2556 quiete
1031 2486 1066 2540 et
1081 2477 1330 2541 consolatione
1341 2494 1428 2559 per·

196 2583 364 2663 fruentes,
381 2593 524 2647 nostrae
537 2582 726 2648 Societatis
739 2581 921 2663 fungimur
935 2581 1069 2646 officiis.

252 2691 494 2771 Expectamus
508 2692 649 2755 interim
669 2690 754 2755 noui
775 2689 925 2770 Collegii
943 2689 1169 2769 erectionem,
1192 2706 1303 2771 quam
1319 2691 1425 2755 breui

197 2806 231 2862 et
245 2799 280 2862 in
295 2798 533 2862 commodiore
547 2799 626 2861 loco
640 2796 795 2861 futuram
809 2797 1031 2877 pollicentur,
1053 2805 1160 2876 prout
1177 2796 1220 2861 R.
1239 2796 1281 2860 T.
1308 2795 1351 2860 P.
1377 2796 1434 2861 fa·

196 2905 263 2969 cile
277 2906 407 2986 poterit
421 2904 591 2982 iudicare,
608 2904 708 2968 cuius
722 2905 936 2984 promissum
950 2903 1144 2967 aduentum
1154 2905 1322 2968 maximo
1338 2903 1431 2968 desi·

194 3012 296 3076 derio.
307 3020 547 3092 expectamus.
563 3011 707 3074 Interim
722 3029 845 3074 omnes
860 3010 984 3075 Patres
998 3028 1041 3074 ac
1056 3010 1187 3075 fratres
1208 3010 1245 3075 in
1265 3011 1435 3075 ministe-

198 3120 251 3182 rio
267 3118 465 3184 uocationis
482 3119 549 3182 sibi
562 3119 752 3182 commisso
772 3117 1032 3183 feruentissime
1052 3136 1091 3182 se
1112 3127 1293 3197 exercent,
1319 3128 1356 3183 et
1374 3136 1432 3183 sa·

201 3225 364 3290 cerdotes
379 3227 519 3307 quidem
534 3226 570 3290 in
584 3226 713 3289 diuinis
728 3226 917 3307 obsequiis,
938 3226 974 3289 in
993 3224 1179 3289 audiendis
1195 3223 1436 3292 confessioni·

199 3333 276 3412 buS,
293 3342 327 3395 ct
342 3332 421 3396 aliis
436 3332 615 3413 perfectae
630 3332 772 3412 pietatis
786 3331 920 3396 officiis.

258 3437 295 3501 P.
313 3438 468 3520 Joanncs
482 3439 694 3503 Laurentius
709 3441 881 3504 hactenus
896 3440 1098 3521 frequenter
1110 3438 1350 3503 concionatus
1363 3446 1432 3503 est.

200 3544 279 3608 Hoc
294 3543 589 3626 quadragesimae
604 3555 773 3626 tempore,
790 3563 861 3608 una
876 3562 957 3608 curn
971 3545 1125 3609 Domino
1141 3545 1338 3609 Laurentio
1360 3544 1436 3610 Da·

198 3651 315 3716 uidico
331 3651 447 3732 (quem
462 3652 592 3732 optime
608 3653 706 3716 nouit
717 3650 758 3715 R.
770 3651 810 3714 T.
827 3651 880 3728 Ρ.)
892 3651 1038 3715 alternis
1049 3650 1333 3716 hebdomadibus
1348 3670 1433 3717 con·

201 3759 375 3838 cionatur,
392 3775 464 3821 non
478 3759 555 3822 sine
580 3775 718 3823 summa
736 3760 927 3824 multorum
946 3758 1198 3839 admiratione,
1220 3768 1347 3839 utpote
1371 3759 1436 3841 qui

202 3875 276 3930 tam
291 3865 422 3930 celebri
437 3865 680 3929 concionatori
694 3882 767 3930 non
789 3867 904 3929 solum
921 3866 1037 3948 potuit
1056 3865 1221 3942 conferri,
1242 3865 1438 3930 sedetiam

205 3973 397 4037 multorum
413 3972 545 4036 iudicio
559 3971 742 4053 praeferri.

265 4080 342 4159 Ego
357 4078 464 4143 etiam
479 4078 603 4142 diebus
617 4079 803 4143 dominicis
819 4089 854 4143 et
867 4077 967 4142 festis
990 4078 1204 4158 interpretor
1226 4077 1437 4144 doctrinam

206 4184 439 4251 christianam
449 4202 532 4250 cum
541 4202 673 4265 magna
684 4186 876 4250 multorum
887 4184 1130 4249 satisfactione
1144 4194 1179 4248 et
1190 4183 1322 4264 fructu,
1334 4201 1439 4266 prae·

207 4292 331 4357 sertim
350 4309 552 4375 puerorum,
576 4309 665 4374 quos
685 4303 873 4374 praesente
891 4292 1022 4372 populo
1047 4291 1084 4355 in
1104 4290 1307 4373 repetendis
1333 4309 1438 4373 prae·

205 4400 318 4478 ceptis
333 4400 517 4464 doctrinae
532 4399 748 4464 christianae
764 4416 926 4478 exerceo;
942 4415 1102 4479 quaeres
1117 4416 1188 4462 non
1204 4398 1438 4463 mediocriter

205 4516 406 4570 commouet
422 4504 638 4569 adstantium
652 4514 839 4585 parentum
855 4505 1003 4568 animos.
1026 4503 1107 4568 Fuit
1122 4514 1240 4568 autern
1256 4506 1326 4568 hoc
1350 4522 1439 4587 qua·

206 4610 430 4690 dragesimae
445 4619 602 4692 tempore
618 4611 706 4675 haec
721 4613 827 4676 lectio
850 4611 1063 4689 intermissa,
1085 4600 1258 4691 tum‘quia
1273 4611 1326 4675 sic
1343 4610 1445 4676 effla·
