3210 5392
695 464 756 522 Aa.
780 464 849 520 lito
1336 464 1390 521 ow

189 660 193 666 .
219 609 259 684 Id
273 610 412 685 mirare,
438 609 553 684 Pater,
571 610 696 688 magis;
713 621 883 689 quotquot
899 609 972 670 fere
988 617 1242 670 conuertuntur
1264 608 1389 670 eodem

163 718 283 779 statim
303 733 372 795 quo
392 735 457 779 nos
482 717 569 780 alios
595 717 828 779 conuertendi
852 716 1005 793 flagrare
1025 716 1217 792 desiderio,
1241 715 1330 777 adeo
1350 726 1387 777 ut

162 824 324 887 conuicia
346 841 417 885 non
433 833 589 886 metuant
605 825 692 898 ulla,
710 823 816 886 modo
831 841 914 886 suos
936 823 1104 885 adiuuare
1127 823 1271 902 possint.
1296 821 1389 900 Quid

162 931 258 993 miri?
274 928 364 992 Nam
381 931 493 992 uirtus
508 941 561 993 est
572 932 626 992 sui
641 929 816 992 diffusiua.

220 1036 400 1099 Antonius
416 1040 424 1071 ¹
441 1048 590 1099 nenatur
610 1038 765 1116 quotidie
779 1037 901 1099 sedulo
925 1038 1114 1107 animulas,
1136 1055 1225 1117 quas
1247 1035 1390 1100 Christo

162 1141 373 1215 lucrifaciat,
391 1151 424 1204 et
439 1142 535 1220 capit
548 1142 706 1221 quidem:
723 1160 787 1204 sua
802 1142 838 1204 in
854 1143 949 1204 omni
963 1160 1001 1204 re
1017 1143 1200 1220 diligentia
1215 1160 1280 1205 nos
1296 1143 1390 1206 aedi-

162 1249 256 1313 ficat:
275 1265 396 1311 rerum
410 1266 553 1311 suarum
571 1251 619 1311 ita
634 1249 777 1328 satagit,
796 1260 834 1311 ut
849 1249 977 1328 uolupe
992 1250 1054 1312 tibi
1068 1249 1160 1312 foret
1175 1249 1309 1324 audire,
1327 1250 1389 1312 sed

162 1357 221 1436 qui
236 1355 368 1418 isthinc
383 1355 452 1417 huc
467 1355 688 1417 accurrerint
704 1355 758 1431 (ut
774 1353 812 1416 fit
828 1354 1021 1432 interdum)
1038 1356 1144 1418 etiam
1162 1355 1281 1419 uidere
1296 1365 1392 1434 pote-

165 1473 247 1524 runt
263 1479 302 1523 re
319 1462 406 1540 ipsa.

225 1568 429 1631 Antoninus
444 1575 465 1642 ¹,
490 1584 552 1629 seu
577 1585 729 1647 coquum
746 1577 847 1646 agat,
862 1585 924 1630 seu
947 1577 1231 1647 praeceptorem,
1258 1585 1321 1630 seu
1341 1567 1392 1630 fa-

163 1677 278 1752 brum,
307 1693 368 1736 seu
394 1674 584 1750 medicum,
611 1691 673 1736 seu
695 1675 876 1737 asinorum
902 1685 1071 1752 actorem,
1094 1691 1233 1754 semper
1258 1683 1312 1737 est
1336 1676 1393 1736 sui

164 1783 373 1858 simillimus,
391 1782 458 1843 hoc
478 1792 541 1857 est,
559 1780 736 1859 perfectae
751 1780 972 1844 obedientiae
987 1781 1185 1858 studiosuS,
1203 1792 1241 1842 ut
1260 1781 1391 1844 iumen·

166 1899 239 1950 tum
254 1889 354 1950 dicas
370 1904 447 1949 esse
462 1889 565 1965 quale
581 1887 720 1949 deceret
737 1887 851 1949 omnis
865 1887 1091 1966 perfectionis
1102 1887 1351 1966 professorem.

225 1995 264 2057 ln
280 2003 431 2072 utraque
446 2011 531 2055 uero
546 1993 667 2055 schola
681 1993 850 2056 sementis
864 1994 1006 2073 quidem
1029 1993 1164 2070 habita,
1182 1993 1244 2056 sed
1267 1994 1393 2057 messis

167 2102 324 2164 nondum
340 2100 494 2162 aduenit.
511 2099 728 2178 Expectatur
744 2100 964 2180 inpatientia
983 2101 1045 2163 sed
1060 2101 1193 2179 optima
1213 2117 1285 2181 spe.
1304 2097 1394 2164 Sunt

171 2226 190 2271 e
212 2207 443 2283 doctioribus,
467 2207 525 2285 qui
546 2206 773 2285 Despauterii
797 2207 948 2287 primam
970 2208 1231 2287 secundamque
1257 2216 1395 2287 partem

170 2314 256 2377 satis
271 2314 381 2393 probe
396 2313 559 2388 calleant3
576 2313 638 2375 sed
653 2313 899 2376 inexercitatio
914 2313 998 2376 facit
1013 2326 1050 2376 ut
1066 2331 1137 2377 non
1152 2312 1187 2376 id
1201 2322 1393 2393 praestent,

167 2421 258 2502 quod
274 2419 444 2497 nonnulli,
462 2419 576 2481 minus
591 2418 775 2482 foelicibus
791 2419 1029 2484 fundamentis
1041 2419 1162 2500 jactis,
1180 2437 1394 2500 exequeren-

169 2538 223 2590 tur
239 2527 355 2590 facile.
575 2534 578 2540 ’

225 2633 301 2696 Nos
317 2635 522 2694 consolatur
541 2630 634 2711 quod
654 2631 724 2695 dici
745 2636 834 2696 solet
855 2634 1048 2697 iuuentutis
1071 2635 1330 2699 moderatorem
1352 2635 1395 2696 si-

169 2742 286 2804 milem
302 2739 494 2818 agricolae.
513 2738 631 2800 Prima
650 2741 842 2817 graecismi
861 2741 1059 2803 rudimenta
1080 2742 1255 2821 capimuS,
1272 2749 1396 2820 postea

170 2848 284 2926 magis
299 2847 393 2909 serio
408 2846 623 2925 graecaturi.
640 2843 815 2911 Numerus
831 2850 956 2912 horum
971 2850 1063 2911 idem
1078 2860 1144 2925 est;
1161 2848 1223 2911 sed
1238 2863 1329 2911 unus
1341 2864 1397 2909 ac·
1480 2851 1483 2857 '

169 2956 286 3032 cessit,
304 2964 337 3017 et
354 2955 493 3034 quidem
510 2958 592 3020 olim
607 2956 644 3020 P.
664 2954 866 3019 Desiderii³
886 2956 1090 3035 discipulus.
1114 2954 1310 3017 Duodecim
1331 2954 1396 3016 ele·

170 3061 364 3124 mentarios
389 3064 613 3126 exercuimus
634 3065 703 3127 iam
723 3063 842 3126 multis
861 3061 1138 3125 hebdomadibus
1159 3062 1195 3123 in
1216 3061 1286 3138 his,
1308 3077 1399 3140 quae

168 3166 445 3247 Despauterium
458 3169 631 3232 audituris
639 3170 708 3232 sint
718 3186 824 3248 quam
833 3169 1046 3231 necessaria.
1062 3166 1099 3230 ln
1111 3166 1271 3230 inferiori
1283 3167 1398 3230 classe

169 3274 269 3337 multi
283 3274 328 3336 ad
341 3275 548 3337 latinitatem
561 3285 831 3356 praeparantur.
846 3274 882 3337 Si
895 3274 1012 3337 omnia
1026 3283 1262 3354 prosequutus
1271 3290 1398 3348 essem,

169 3398 260 3461 quae
286 3391 499 3458 occurrunt,
526 3384 683 3462 apertius
709 3382 848 3445 uideres
872 3398 942 3444 non
968 3383 1111 3443 omnino
1137 3398 1267 3444 uanam
1291 3379 1400 3443 fuisse

169 3503 282 3566 spem,
304 3504 410 3566 quam
431 3488 499 3550 alio
525 3489 775 3568 quadrimestri
795 3487 1062 3550 nunciabamus.
1086 3486 1155 3551 Sed
1177 3487 1402 3567 superiorum

170 3593 271 3656 obliti
289 3593 334 3655 ad
349 3595 528 3657 anteriora
544 3597 623 3672 tuis,
641 3595 682 3658 R.
700 3594 751 3669 P.,
768 3595 849 3657 freti
865 3594 1085 3657 orationibus
1096 3594 1401 3673 sanctissimisque

170 3699 368 3778 sacrificiis,
385 3700 510 3781 quibus
526 3718 591 3764 nos
611 3702 783 3781 imprimis
802 3701 1109 3778 commendamus,
1132 3710 1396 3764 conuertamur.

171 3805 276 3885 Vale,
292 3806 333 3869 R.
350 3805 388 3871 P.
1408 3791 1415 3805 ⁰

232 3912 380 3992 Tyburi,
396 3932 442 3977 ex
456 3926 579 3977 nostro
595 3914 765 3994 Collegio,
786 3915 863 3978 1555
877 3914 1021 3980 Calend.
1038 3912 1265 3994 Septembris.

296 4019 351 4082 Ex
367 4021 613 4084 commissione
627 4020 665 4085 P.
683 4021 875 4098 Laurentii,

336 4127 602 4206 indignissimus
617 4129 948 4209 ingratissimusque
962 4127 1065 4203 filiuS,

914 4340 1053 4406 Pennus
1075 4340 1238 4406 Svturus.

182 4479 393 4492 m

215 4546 224 4578 ¹
255 4546 383 4589 Antonin·
393 4545 424 4589 de
435 4545 545 4592 Robore.

216 4618 227 4648 ¹
254 4616 579 4662 Antoninusllellenrlcls.

217 4690 228 4720 ⁵
254 4688 282 4733 P.
295 4687 565 4733 DeslderilGirardin.
