3210 5392
696 416 760 473 Aa.
783 416 853 474 1555
1336 419 1395 476 255

193 557 298 622 debitas
318 569 351 622 et
375 560 537 640 publicas
564 560 695 638 lueret,
723 561 859 623 nullum
883 577 956 623 non
981 578 1127 623 mouens
1151 561 1320 641 lapidem,
1349 575 1388 625 vt

191 675 331 730 errantem
346 668 391 730 ad
405 684 532 731 sanam
546 678 700 732 mentem
722 667 918 747 reduceret,
935 676 970 730 et
985 668 1157 748 quamuis
1182 669 1218 731 id
1238 686 1310 732 non
1329 688 1389 750 po·

191 773 270 836 tuerit
293 773 442 853 efficere,
476 776 639 838 omnibus
663 785 782 838 tamen
812 775 1000 837 catholicis
1033 784 1227 854 pergratus
1256 776 1321 838 fuit
1355 786 1390 839 et

189 895 305 958 magnae
318 880 574 945 aedificationis
588 891 662 945 tam
683 882 826 945 sedulus
843 882 920 944 eius
936 882 1038 944 labor
1054 899 1097 943 ac
1121 882 1201 961 pius
1226 892 1386 946 conatus.

231 984 376 1051 Eiusdem
390 987 507 1052 Patris
522 1006 565 1051 ac
579 989 687 1052 etiam
702 989 858 1052 omnium
873 998 1034 1051 nostrum
1054 1005 1163 1067 opera
1179 998 1214 1051 et
1239 990 1389 1052 consilio

186 1090 299 1156 libenter
313 1104 347 1157 et
360 1094 563 1175 frequenter
578 1105 725 1158 vtuntur
740 1096 855 1158 dictus
867 1094 1046 1158 Dominus
1063 1093 1298 1174 Gubernator,
1316 1115 1387 1159 ma-

187 1196 332 1280 gistratus
349 1220 392 1265 ac
408 1202 589 1283 utriusque
605 1219 712 1265 sexus
726 1202 862 1265 nobiles
876 1202 1031 1281 plurimi,
1052 1220 1203 1281 quorum
1223 1206 1388 1283 permulti

188 1307 380 1371 concionibus
395 1309 551 1373 eiusdem
563 1308 679 1372 Patris
694 1309 869 1372 intersunt
884 1308 1097 1390 frequenter.

229 1409 352 1478 Plurimi
365 1416 523 1497 quotidie
533 1433 599 1478 nos
611 1416 785 1479 accedunt
798 1416 1030 1479 consiliumet
1043 1416 1215 1479 auxilium
1233 1417 1269 1480 in
1281 1418 1391 1480 rebus

187 1520 386 1586 conscientiae
402 1540 489 1586 suae
501 1533 671 1603 petentes;
684 1523 792 1602 aliqui
810 1534 846 1585 vt
869 1522 1081 1587 dissidentes
1100 1524 1136 1586 in
1157 1524 1388 1587 concordiam

188 1624 364 1707 redigamus
383 1631 531 1693 maritos
558 1647 639 1692 cum
663 1630 835 1692 vxoribus
863 1630 938 1692 suis
963 1629 1242 1708 reconciliemus;
1277 1632 1387 1694 aliivt

189 1745 317 1808 aegrotos
328 1746 389 1799 aut
404 1736 516 1799 variis
527 1736 710 1816 spiritibus
723 1743 872 1799 vexatos
885 1735 1086 1798 inuisamus
1099 1744 1133 1798 et
1148 1739 1389 1815 consolemur,

188 1836 230 1899 alii
241 1855 270 1902 rt
280 1859 359 1906 snos
373 1843 509 1906 amicos
524 1853 585 1906 aut
603 1843 740 1906 vicinos
755 1859 962 1905 moneamus
977 1843 1013 1905 in
1028 1841 1095 1905 fide
1108 1853 1305 1923 suspectos,
1323 1855 1384 1908 aut

189 1939 368 2012 haesitantes
394 1951 613 2028 roboremus,
634 1949 818 2013 autetiam
838 1948 986 2012 haeresi
1006 1949 1155 2012 infectos
1176 1951 1222 2013 ad
1241 1953 1387 2015 catholi-

188 2052 344 2119 canfinem
358 2055 583 2135 reducamus;
600 2056 660 2119 alii
676 2066 748 2119 vta
764 2056 940 2134 scrupulis
960 2056 1173 2132 eximantur,
1190 2067 1252 2120 aut
1267 2059 1387 2121 simili·

188 2151 293 2237 buspiis
306 2163 473 2242 operibus
488 2164 664 2239 inventur,
685 2163 813 2242 quibus
835 2162 1050 2242 quandoque
1075 2180 1165 2242 pene
1190 2165 1384 2228 obruimur.

229 2261 379 2333 Dedimus
403 2286 542 2350 quoque
567 2269 765 2349 spiritualia
791 2269 962 2331 exercitia
987 2269 1209 2350 quibusdam,
1237 2272 1297 2351 qui
1314 2288 1384 2334 ma-

188 2380 268 2442 issum
279 2375 430 2441 fructum
449 2375 609 2439 lecerunt
631 2375 652 2440 ¹.
679 2376 772 2439 Inter
796 2386 935 2439 ceteros
954 2376 1095 2439 cuidam
1116 2375 1220 2440 fratri
1241 2376 1386 2441 Franci-

186 2486 274 2560 Stano,
288 2484 416 2547 eximio
431 2483 621 2547 admodum
636 2483 890 2560 concionatori,
915 2484 975 2562 qui
995 2483 1149 2545 fructum
1163 2484 1385 2563 singularem

185 2575 254 2665 lecit,
266 2599 295 2653 et
307 2607 378 2654 non
394 2589 538 2653 dubium
548 2591 633 2670 quin
645 2588 870 2668 Societatem,
887 2600 961 2653 tum
986 2591 1022 2652 in
1047 2591 1291 2670 concionibus,
1307 2601 1385 2656 tum

184 2682 210 2747 in
220 2694 348 2769 priuatis
362 2697 558 2779 colloquiiS,
573 2698 764 2777 plurimum
778 2713 844 2759 suo
862 2707 1023 2776 tempore
1041 2704 1077 2760 et
1092 2698 1173 2760 loco
1191 2715 1381 2778 promoue-

186 2788 219 2855 bit
229 2796 248 2876 ¹;
260 2818 330 2868 eam
346 2805 441 2868 enim
456 2821 593 2867 summe
607 2804 724 2882 diligit
738 2813 773 2866 et
788 2804 980 2884 plurimum
996 2813 1198 2866 veneratur.

224 2902 306 2975 Haec
318 2910 502 2989 ieresunt,
517 2909 595 2974 ΙΨ
613 2909 679 2988 P.¹,
696 2927 787 2991 quae
802 2927 897 2973 nunc
912 2910 998 2973 mihi
1013 2919 1206 2973 occurrunt
1223 2911 1380 2974 scriben-

181 3001 223 3085 da;
234 3025 261 3078 et
272 3019 335 3082 nisi
350 3035 431 3082 mea
445 3017 663 3098 negligentia
678 3028 713 3079 et
727 3017 1000 3097 pusillanimitas
1019 3016 1201 3094 obfuisset,
1224 3034 1296 3080 non
1318 3016 1383 3081 du·

181 3105 233 3178 bito
245 3126 315 3202 quin
329 3124 509 3189 Dominus
523 3127 627 3206 plura
641 3124 810 3201 dedisset,
824 3124 1016 3203 praecipue
1031 3123 1065 3185 in
1082 3123 1224 3186 ciuitate
1240 3132 1313 3186 tam
1332 3125 1382 3187 in-

179 3212 250 3288 secta
258 3230 390 3296 baeresi
402 3242 441 3295 et
453 3243 526 3294 tam
537 3232 643 3312 plena
655 3231 751 3294 omni
759 3247 890 3309 genere
903 3230 1083 3308 vitiorum;
1095 3230 1158 3293 sed
1169 3247 1275 3311 spero
1286 3233 1381 3312 quod

182 3316 211 3383 P·
223 3328 256 3397 T.
270 3339 436 3403 obtinebit
451 3339 553 3401 nobis
567 3357 587 3400 a
604 3338 758 3401 Domino
773 3337 927 3416 gratiam
947 3338 1050 3417 plura
1069 3336 1223 3400 faciendi
1243 3339 1311 3402 hoc
1331 3339 1381 3402 su·

180 3432 493 3524 t¹¹10quadrimestri
508 3444 554 3508 ad
567 3445 643 3508 eius
658 3445 811 3523 gloriam
823 3453 857 3506 et
869 3443 1052 3520 honorem,
1066 3444 1221 3508 maxime
1233 3445 1263 3508 si
1275 3447 1378 3509 nobis

179 3549 287 3627 litoque
313 3552 523 3616 concionari
545 3552 660 3614 liceat.
688 3550 831 3614 Interim
851 3566 918 3612 nos
938 3567 1060 3612 omnes
1085 3551 1264 3615 humiliter
1287 3570 1381 3616 com·

180 3655 353 3724 merdanus
367 3660 533 3740 precibus
558 3669 591 3722 et
617 3658 751 3721 sanctis
776 3656 960 3720 sacrificiis
981 3655 1027 3719 V.
1044 3657 1085 3721 R.
1103 3657 1141 3721 P.
1161 3676 1204 3722 ac
1220 3661 1377 3724 omnium

180 3744 294 3830 patrum
304 3778 339 3831 et
349 3766 513 3845 fratrum,
527 3766 650 3829 tamin
662 3763 829 3844 Collegiis
842 3781 949 3844 quam
963 3764 999 3826 in
1015 3765 1122 3828 domo
1136 3763 1148 3795 ⁸
1161 3765 1380 3845 degentium.

179 3851 420 3938 Febcitervale.

223 3969 370 4060 Tornaci,
392 3978 430 4042 16
445 3979 511 4043 cal.
532 3977 718 4042 Februarii
735 3976 823 4039 1555.

223 4075 255 4144 T·
268 4083 304 4151 R.
319 4086 358 4151 P.
375 4086 510 4150 inutilis
525 4102 652 4149 seruus
666 4085 704 4147 in
718 4083 873 4161 Christ0,

753 4245 968 4308 Bsaunnous
991 4242 1195 4309 Onrvererus.

184 4362 360 4394 χ.-

211 4422 219 4452 ⁸
239 4436 506 4487 ceperuntfflntanens.

212 4493 221 4525 ¹
239 4498 412 4555 Praecedentta
421 4509 473 4553 hac
482 4508 585 4553 ratione
595 4505 743 4550 emendavit
759 4504 894 4547 Polancns:
912 4504 1011 4547 eximio
1036 4503 1182 4548 admodum
1197 4508 1381 4554 concionatore·

181 4569 462 4635 ‘'‘lllructustngutarc
471 4582 497 4624 et
508 4591 559 4623 non
574 4578 686 4621 dubium
697 4577 763 4628 quin
772 4575 961 4618 Societatem...
974 4580 1133 4629 promovere
1142 4579 1253 4630 poterit.

214 4633 223 4667 ⁸
242 4640 266 4689 ln
274 4649 387 4708 Collegiis
396 4652 513 4697 Romano
523 4657 549 4694 et
560 4648 714 4693 Germanlco
725 4654 750 4691 et
762 4648 787 4691 ln
797 4647 872 4690 domo
881 4647 1058 4701 professorum
1069 4647 1195 4692 Romana.
