<?xml version="1.0" encoding="UTF-8"?>
<!DOCTYPE html PUBLIC "-//W3C//DTD XHTML 1.0 Transitional//EN"
    "http://www.w3.org/TR/xhtml1/DTD/xhtml1-transitional.dtd">
<html xmlns="http://www.w3.org/1999/xhtml" xml:lang="en" lang="en">
 <head>
  <title>
</title>
<meta http-equiv="Content-Type" content="text/html;charset=utf-8" />
  <meta name='ocr-system' content='tesseract 3.04.00' />
  <meta name='ocr-capabilities' content='ocr_page ocr_carea ocr_par ocr_line ocrx_word'/>
</head>
<body>
  <div class='ocr_page' id='page_1' title='image "./litteraequadrim02jesugoog_0235.png"; bbox 0 0 3210 5392; ppageno 0'>
   <div class='ocr_carea' id='block_1_1' title="bbox 188 407 1035 489">
    <p class='ocr_par' dir='ltr' id='par_1_1' title="bbox 188 407 1035 489">
     <span class='ocr_line' id='line_1_1' title="bbox 188 407 1035 489; baseline -0.001 -22"><span class='ocrx_word' id='word_1_1' title='bbox 188 408 244 467; x_wconf 74' lang='lat'>224</span> <span class='ocrx_word' id='word_1_2' title='bbox 317 475 325 489; x_wconf 50' lang='lat'>‚</span> <span class='ocrx_word' id='word_1_3' title='bbox 580 407 1035 475; x_wconf 76' lang='lat' dir='ltr'>Ltrruaanouanrrruasrnss</span> 
     </span>
    </p>
   </div>
   <div class='ocr_carea' id='block_1_2' title="bbox 179 556 1426 4699">
    <p class='ocr_par' dir='ltr' id='par_1_2' title="bbox 188 556 1424 1047">
     <span class='ocr_line' id='line_1_2' title="bbox 251 556 1424 637; baseline 0.002 -18"><span class='ocrx_word' id='word_1_4' title='bbox 251 557 304 620; x_wconf 90' lang='lat' dir='ltr'>De</span> <span class='ocrx_word' id='word_1_5' title='bbox 319 556 452 619; x_wconf 91' lang='lat' dir='ltr'>eisdem</span> <span class='ocrx_word' id='word_1_6' title='bbox 466 556 536 618; x_wconf 90' lang='lat' dir='ltr'>alia</span> <span class='ocrx_word' id='word_1_7' title='bbox 544 572 616 617; x_wconf 93' lang='lat' dir='ltr'>non</span> <span class='ocrx_word' id='word_1_8' title='bbox 629 572 745 635; x_wconf 90' lang='lat' dir='ltr'>pauca</span> <span class='ocrx_word' id='word_1_9' title='bbox 756 572 899 635; x_wconf 89' lang='lat' dir='ltr'>possem</span> <span class='ocrx_word' id='word_1_10' title='bbox 913 556 1069 619; x_wconf 90' lang='lat' dir='ltr'>scribere</span> <span class='ocrx_word' id='word_1_11' title='bbox 1080 556 1336 619; x_wconf 89' lang='lat' dir='ltr'>iocundissima</span> <span class='ocrx_word' id='word_1_12' title='bbox 1348 558 1424 637; x_wconf 91' lang='lat' dir='ltr'>qui·</span> 
     </span>
     <span class='ocr_line' id='line_1_3' title="bbox 188 661 1424 744; baseline 0.001 -17"><span class='ocrx_word' id='word_1_13' title='bbox 188 664 270 727; x_wconf 93' lang='lat' dir='ltr'>dem</span> <span class='ocrx_word' id='word_1_14' title='bbox 285 664 356 742; x_wconf 90' lang='lat' dir='ltr'>illa,</span> <span class='ocrx_word' id='word_1_15' title='bbox 373 663 435 726; x_wconf 89' lang='lat' dir='ltr'>sed</span> <span class='ocrx_word' id='word_1_16' title='bbox 450 663 617 743; x_wconf 92' lang='lat' dir='ltr'>quoniam</span> <span class='ocrx_word' id='word_1_17' title='bbox 632 661 824 725; x_wconf 89' lang='lat' dir='ltr'>minutiora</span> <span class='ocrx_word' id='word_1_18' title='bbox 835 662 1001 725; x_wconf 89' lang='lat' dir='ltr'>uidentur</span> <span class='ocrx_word' id='word_1_19' title='bbox 1012 679 1118 743; x_wconf 90' lang='lat' dir='ltr'>quam</span> <span class='ocrx_word' id='word_1_20' title='bbox 1129 663 1238 726; x_wconf 86' lang='lat' dir='ltr'><strong>scribi</strong></span> <span class='ocrx_word' id='word_1_21' title='bbox 1251 663 1424 744; x_wconf 87' lang='lat' dir='ltr'>debeant,</span> 
     </span>
     <span class='ocr_line' id='line_1_4' title="bbox 188 767 1424 850; baseline 0.001 -17"><span class='ocrx_word' id='word_1_22' title='bbox 188 788 232 833; x_wconf 88' lang='lat' dir='ltr'>ea</span> <span class='ocrx_word' id='word_1_23' title='bbox 247 770 386 833; x_wconf 89' lang='lat' dir='ltr'>silentio</span> <span class='ocrx_word' id='word_1_24' title='bbox 400 768 612 850; x_wconf 81' lang='lat' dir='ltr'><strong>praeteribo.</strong></span> <span class='ocrx_word' id='word_1_25' title='bbox 628 768 672 831; x_wconf 89' lang='lat' dir='ltr'>Et</span> <span class='ocrx_word' id='word_1_26' title='bbox 687 779 726 832; x_wconf 89' lang='lat' dir='ltr'>ut</span> <span class='ocrx_word' id='word_1_27' title='bbox 742 770 787 832; x_wconf 90' lang='lat' dir='ltr'>ad</span> <span class='ocrx_word' id='word_1_28' title='bbox 803 767 944 832; x_wconf 88' lang='lat' dir='ltr'>Patrem</span> <span class='ocrx_word' id='word_1_29' title='bbox 964 780 1136 848; x_wconf 90' lang='lat' dir='ltr'>reuertar,</span> <span class='ocrx_word' id='word_1_30' title='bbox 1153 786 1234 832; x_wconf 92' lang='lat' dir='ltr'>cum</span> <span class='ocrx_word' id='word_1_31' title='bbox 1253 780 1331 834; x_wconf 89' lang='lat' dir='ltr'>tam</span> <span class='ocrx_word' id='word_1_32' title='bbox 1348 789 1424 835; x_wconf 91' lang='lat' dir='ltr'>cre-</span> 
     </span>
     <span class='ocr_line' id='line_1_5' title="bbox 189 876 1424 958; baseline 0.002 -18"><span class='ocrx_word' id='word_1_33' title='bbox 189 879 254 940; x_wconf 94' lang='lat' dir='ltr'>bro</span> <span class='ocrx_word' id='word_1_34' title='bbox 269 876 428 940; x_wconf 92' lang='lat' dir='ltr'>diuinum</span> <span class='ocrx_word' id='word_1_35' title='bbox 441 877 590 939; x_wconf 90' lang='lat' dir='ltr'>uerbum</span> <span class='ocrx_word' id='word_1_36' title='bbox 605 876 798 956; x_wconf 89' lang='lat' dir='ltr'>praedicet,</span> <span class='ocrx_word' id='word_1_37' title='bbox 815 876 1088 958; x_wconf 82' lang='lat' dir='ltr'><strong>haudquaquam</strong></span> <span class='ocrx_word' id='word_1_38' title='bbox 1100 877 1167 941; x_wconf 93' lang='lat' dir='ltr'>hoc</span> <span class='ocrx_word' id='word_1_39' title='bbox 1182 894 1253 940; x_wconf 90' lang='lat' dir='ltr'>uno</span> <span class='ocrx_word' id='word_1_40' title='bbox 1271 894 1424 942; x_wconf 90' lang='lat' dir='ltr'>munere</span> 
     </span>
     <span class='ocr_line' id='line_1_6' title="bbox 189 992 457 1047; baseline -0.011 0"><span class='ocrx_word' id='word_1_41' title='bbox 189 992 378 1047; x_wconf 89' lang='lat' dir='ltr'>contentus</span> <span class='ocrx_word' id='word_1_42' title='bbox 392 993 457 1046; x_wconf 92' lang='lat' dir='ltr'>est.</span> 
     </span>
    </p>

    <p class='ocr_par' dir='ltr' id='par_1_3' title="bbox 186 1089 1426 2237">
     <span class='ocr_line' id='line_1_7' title="bbox 250 1089 1424 1171; baseline 0.003 -18"><span class='ocrx_word' id='word_1_43' title='bbox 250 1090 331 1154; x_wconf 91' lang='lat' dir='ltr'>Duo</span> <span class='ocrx_word' id='word_1_44' title='bbox 350 1091 492 1171; x_wconf 92' lang='lat' dir='ltr'>quidem</span> <span class='ocrx_word' id='word_1_45' title='bbox 510 1089 579 1152; x_wconf 92' lang='lat' dir='ltr'>uiri</span> <span class='ocrx_word' id='word_1_46' title='bbox 600 1089 759 1170; x_wconf 88' lang='lat' dir='ltr'>primarii</span> <span class='ocrx_word' id='word_1_47' title='bbox 785 1090 939 1153; x_wconf 92' lang='lat' dir='ltr'>ciuitatis</span> <span class='ocrx_word' id='word_1_48' title='bbox 958 1091 1063 1154; x_wconf 89' lang='lat' dir='ltr'>huius</span> <span class='ocrx_word' id='word_1_49' title='bbox 1085 1092 1239 1155; x_wconf 81' lang='lat' dir='ltr'>maxime</span> <span class='ocrx_word' id='word_1_50' title='bbox 1260 1092 1358 1156; x_wconf 92' lang='lat' dir='ltr'>inter</span> <span class='ocrx_word' id='word_1_51' title='bbox 1384 1109 1424 1156; x_wconf 89' lang='lat' dir='ltr'>se</span> 
     </span>
     <span class='ocr_line' id='line_1_8' title="bbox 187 1197 1424 1279; baseline 0.002 -18"><span class='ocrx_word' id='word_1_52' title='bbox 187 1198 417 1276; x_wconf 82' lang='lat' dir='ltr'>dissidebant,</span> <span class='ocrx_word' id='word_1_53' title='bbox 434 1213 586 1278; x_wconf 91' lang='lat' dir='ltr'>quorum</span> <span class='ocrx_word' id='word_1_54' title='bbox 600 1197 701 1275; x_wconf 87' lang='lat' dir='ltr'>alter,</span> <span class='ocrx_word' id='word_1_55' title='bbox 718 1198 839 1260; x_wconf 91' lang='lat' dir='ltr'>nescio</span> <span class='ocrx_word' id='word_1_56' title='bbox 854 1214 923 1278; x_wconf 90' lang='lat' dir='ltr'>qua</span> <span class='ocrx_word' id='word_1_57' title='bbox 943 1207 1069 1261; x_wconf 84' lang='lat' dir='ltr'>exorta</span> <span class='ocrx_word' id='word_1_58' title='bbox 1088 1197 1296 1279; x_wconf 84' lang='lat' dir='ltr'>offensione,</span> <span class='ocrx_word' id='word_1_59' title='bbox 1315 1200 1424 1263; x_wconf 85' lang='lat' dir='ltr'>alteri</span> 
     </span>
     <span class='ocr_line' id='line_1_9' title="bbox 189 1304 1422 1385; baseline 0.002 -16"><span class='ocrx_word' id='word_1_60' title='bbox 189 1306 383 1383; x_wconf 86' lang='lat' dir='ltr'>mulierem,</span> <span class='ocrx_word' id='word_1_61' title='bbox 400 1321 480 1368; x_wconf 92' lang='lat' dir='ltr'>cum</span> <span class='ocrx_word' id='word_1_62' title='bbox 496 1321 566 1385; x_wconf 89' lang='lat' dir='ltr'>qua</span> <span class='ocrx_word' id='word_1_63' title='bbox 581 1304 710 1367; x_wconf 88' lang='lat' dir='ltr'>multos</span> <span class='ocrx_word' id='word_1_64' title='bbox 726 1322 837 1367; x_wconf 93' lang='lat' dir='ltr'>annos</span> <span class='ocrx_word' id='word_1_65' title='bbox 857 1305 1008 1384; x_wconf 88' lang='lat' dir='ltr'>uixerat,</span> <span class='ocrx_word' id='word_1_66' title='bbox 1035 1306 1072 1368; x_wconf 93' lang='lat' dir='ltr'>ui</span> <span class='ocrx_word' id='word_1_67' title='bbox 1093 1305 1249 1368; x_wconf 82' lang='lat' dir='ltr'>adimere</span> <span class='ocrx_word' id='word_1_68' title='bbox 1272 1316 1422 1371; x_wconf 91' lang='lat' dir='ltr'>conten·</span> 
     </span>
     <span class='ocr_line' id='line_1_10' title="bbox 187 1410 1423 1491; baseline 0.002 -17"><span class='ocrx_word' id='word_1_69' title='bbox 187 1412 305 1476; x_wconf 85' lang='lat' dir='ltr'>debat.</span> <span class='ocrx_word' id='word_1_70' title='bbox 320 1410 420 1491; x_wconf 91' lang='lat' dir='ltr'>Quod</span> <span class='ocrx_word' id='word_1_71' title='bbox 436 1428 516 1475; x_wconf 93' lang='lat' dir='ltr'>cum</span> <span class='ocrx_word' id='word_1_72' title='bbox 531 1428 611 1474; x_wconf 90' lang='lat' dir='ltr'>eum</span> <span class='ocrx_word' id='word_1_73' title='bbox 627 1429 698 1474; x_wconf 94' lang='lat' dir='ltr'>non</span> <span class='ocrx_word' id='word_1_74' title='bbox 711 1411 779 1474; x_wconf 92' lang='lat' dir='ltr'>hoc</span> <span class='ocrx_word' id='word_1_75' title='bbox 793 1412 931 1490; x_wconf 90' lang='lat' dir='ltr'>lateret,</span> <span class='ocrx_word' id='word_1_76' title='bbox 948 1428 1002 1487; x_wconf 86' lang='lat' dir='ltr'>ea,</span> <span class='ocrx_word' id='word_1_77' title='bbox 1019 1428 1110 1490; x_wconf 90' lang='lat' dir='ltr'>quae</span> <span class='ocrx_word' id='word_1_78' title='bbox 1120 1411 1165 1474; x_wconf 87' lang='lat' dir='ltr'>ad</span> <span class='ocrx_word' id='word_1_79' title='bbox 1177 1413 1233 1475; x_wconf 92' lang='lat' dir='ltr'>sui</span> <span class='ocrx_word' id='word_1_80' title='bbox 1244 1412 1423 1477; x_wconf 86' lang='lat' dir='ltr'>defensio·</span> 
     </span>
     <span class='ocr_line' id='line_1_11' title="bbox 189 1517 1425 1601; baseline 0.004 -20"><span class='ocrx_word' id='word_1_81' title='bbox 189 1536 270 1582; x_wconf 89' lang='lat' dir='ltr'>nem</span> <span class='ocrx_word' id='word_1_82' title='bbox 284 1519 488 1582; x_wconf 88' lang='lat' dir='ltr'>necessaria</span> <span class='ocrx_word' id='word_1_83' title='bbox 503 1517 570 1580; x_wconf 90' lang='lat' dir='ltr'>sibi</span> <span class='ocrx_word' id='word_1_84' title='bbox 591 1517 813 1596; x_wconf 89' lang='lat' dir='ltr'>uidebantur,</span> <span class='ocrx_word' id='word_1_85' title='bbox 836 1535 967 1598; x_wconf 88' lang='lat' dir='ltr'>magna</span> <span class='ocrx_word' id='word_1_86' title='bbox 983 1518 1140 1581; x_wconf 90' lang='lat' dir='ltr'>adhibita</span> <span class='ocrx_word' id='word_1_87' title='bbox 1162 1519 1347 1584; x_wconf 88' lang='lat' dir='ltr'>celeritate</span> <span class='ocrx_word' id='word_1_88' title='bbox 1363 1538 1425 1601; x_wconf 89' lang='lat' dir='ltr'>pa-</span> 
     </span>
     <span class='ocr_line' id='line_1_12' title="bbox 188 1625 1425 1706; baseline 0.002 -18"><span class='ocrx_word' id='word_1_89' title='bbox 188 1626 302 1700; x_wconf 89' lang='lat' dir='ltr'>rabat;</span> <span class='ocrx_word' id='word_1_90' title='bbox 318 1635 353 1689; x_wconf 92' lang='lat' dir='ltr'>et</span> <span class='ocrx_word' id='word_1_91' title='bbox 367 1627 451 1689; x_wconf 91' lang='lat' dir='ltr'>dum</span> <span class='ocrx_word' id='word_1_92' title='bbox 466 1625 612 1689; x_wconf 85' lang='lat' dir='ltr'>alterius</span> <span class='ocrx_word' id='word_1_93' title='bbox 629 1626 769 1688; x_wconf 90' lang='lat' dir='ltr'>uolebat</span> <span class='ocrx_word' id='word_1_94' title='bbox 788 1634 937 1689; x_wconf 89' lang='lat' dir='ltr'>conatus</span> <span class='ocrx_word' id='word_1_95' title='bbox 956 1626 1167 1706; x_wconf 86' lang='lat' dir='ltr'>opprimere,</span> <span class='ocrx_word' id='word_1_96' title='bbox 1184 1644 1266 1690; x_wconf 90' lang='lat' dir='ltr'>eum</span> <span class='ocrx_word' id='word_1_97' title='bbox 1291 1638 1425 1691; x_wconf 90' lang='lat' dir='ltr'>contra</span> 
     </span>
     <span class='ocr_line' id='line_1_13' title="bbox 187 1731 1425 1813; baseline 0 -17"><span class='ocrx_word' id='word_1_98' title='bbox 187 1751 227 1796; x_wconf 93' lang='lat' dir='ltr'>se</span> <span class='ocrx_word' id='word_1_99' title='bbox 241 1733 485 1796; x_wconf 89' lang='lat' dir='ltr'>uehementius</span> <span class='ocrx_word' id='word_1_100' title='bbox 499 1731 727 1796; x_wconf 89' lang='lat' dir='ltr'>accendebat.</span> <span class='ocrx_word' id='word_1_101' title='bbox 743 1731 780 1795; x_wconf 90' lang='lat' dir='ltr'>P.</span> <span class='ocrx_word' id='word_1_102' title='bbox 794 1731 966 1813; x_wconf 85' lang='lat' dir='ltr'>Baptista,</span> <span class='ocrx_word' id='word_1_103' title='bbox 980 1733 1187 1813; x_wconf 86' lang='lat' dir='ltr'>recognita,</span> <span class='ocrx_word' id='word_1_104' title='bbox 1201 1731 1270 1796; x_wconf 86' lang='lat' dir='ltr'>Dei</span> <span class='ocrx_word' id='word_1_105' title='bbox 1280 1734 1425 1812; x_wconf 90' lang='lat' dir='ltr'>gloriae</span> 
     </span>
     <span class='ocr_line' id='line_1_14' title="bbox 188 1838 1426 1920; baseline 0.002 -17"><span class='ocrx_word' id='word_1_106' title='bbox 188 1840 385 1917; x_wconf 90' lang='lat' dir='ltr'>studiosus,</span> <span class='ocrx_word' id='word_1_107' title='bbox 411 1838 595 1920; x_wconf 84' lang='lat' dir='ltr'>praefatos</span> <span class='ocrx_word' id='word_1_108' title='bbox 618 1840 716 1902; x_wconf 90' lang='lat' dir='ltr'>uiros</span> <span class='ocrx_word' id='word_1_109' title='bbox 744 1838 990 1903; x_wconf 85' lang='lat' dir='ltr'>discordantes</span> <span class='ocrx_word' id='word_1_110' title='bbox 1019 1840 1110 1903; x_wconf 84' lang='lat' dir='ltr'>inter</span> <span class='ocrx_word' id='word_1_111' title='bbox 1139 1856 1177 1903; x_wconf 89' lang='lat' dir='ltr'>se</span> <span class='ocrx_word' id='word_1_112' title='bbox 1202 1856 1426 1920; x_wconf 84' lang='lat' dir='ltr'>componere</span> 
     </span>
     <span class='ocr_line' id='line_1_15' title="bbox 187 1945 1421 2027; baseline 0 -15"><span class='ocrx_word' id='word_1_113' title='bbox 187 1960 327 2012; x_wconf 85' lang='lat' dir='ltr'>summa</span> <span class='ocrx_word' id='word_1_114' title='bbox 342 1946 526 2025; x_wconf 80' lang='lat' dir='ltr'>diligentia</span> <span class='ocrx_word' id='word_1_115' title='bbox 541 1946 692 2024; x_wconf 89' lang='lat' dir='ltr'>curauit,</span> <span class='ocrx_word' id='word_1_116' title='bbox 709 1946 803 2026; x_wconf 91' lang='lat' dir='ltr'>quod</span> <span class='ocrx_word' id='word_1_117' title='bbox 819 1955 855 2008; x_wconf 92' lang='lat' dir='ltr'>et</span> <span class='ocrx_word' id='word_1_118' title='bbox 869 1945 1174 2010; x_wconf 89' lang='lat' dir='ltr'>adiutricediuina</span> <span class='ocrx_word' id='word_1_119' title='bbox 1188 1948 1308 2027; x_wconf 88' lang='lat' dir='ltr'>gratia</span> <span class='ocrx_word' id='word_1_120' title='bbox 1320 1947 1421 2012; x_wconf 85' lang='lat' dir='ltr'>iecit.</span> 
     </span>
     <span class='ocr_line' id='line_1_16' title="bbox 186 2052 1421 2133; baseline 0 -15"><span class='ocrx_word' id='word_1_121' title='bbox 186 2054 279 2118; x_wconf 91' lang='lat' dir='ltr'>Nam</span> <span class='ocrx_word' id='word_1_122' title='bbox 294 2055 432 2117; x_wconf 92' lang='lat' dir='ltr'>illorum</span> <span class='ocrx_word' id='word_1_123' title='bbox 448 2053 576 2116; x_wconf 90' lang='lat' dir='ltr'>animis</span> <span class='ocrx_word' id='word_1_124' title='bbox 590 2052 723 2115; x_wconf 90' lang='lat' dir='ltr'>sedatis</span> <span class='ocrx_word' id='word_1_125' title='bbox 738 2053 849 2132; x_wconf 91' lang='lat' dir='ltr'>ipsius</span> <span class='ocrx_word' id='word_1_126' title='bbox 864 2053 1019 2131; x_wconf 89' lang='lat' dir='ltr'>monitis,</span> <span class='ocrx_word' id='word_1_127' title='bbox 1035 2053 1071 2116; x_wconf 94' lang='lat' dir='ltr'>in</span> <span class='ocrx_word' id='word_1_128' title='bbox 1085 2053 1285 2133; x_wconf 86' lang='lat' dir='ltr'>pristinam,</span> <span class='ocrx_word' id='word_1_129' title='bbox 1302 2056 1363 2117; x_wconf 89' lang='lat' dir='ltr'>uel</span> <span class='ocrx_word' id='word_1_130' title='bbox 1377 2072 1421 2118; x_wconf 79' lang='lat' dir='ltr'>ea</span> 
     </span>
     <span class='ocr_line' id='line_1_17' title="bbox 188 2159 931 2237; baseline -0.011 -12"><span class='ocrx_word' id='word_1_131' title='bbox 188 2164 297 2225; x_wconf 91' lang='lat' dir='ltr'>multo</span> <span class='ocrx_word' id='word_1_132' title='bbox 312 2160 514 2237; x_wconf 88' lang='lat' dir='ltr'>firmiorem,</span> <span class='ocrx_word' id='word_1_133' title='bbox 532 2159 725 2222; x_wconf 89' lang='lat' dir='ltr'>amicitiam</span> <span class='ocrx_word' id='word_1_134' title='bbox 740 2159 931 2222; x_wconf 86' lang='lat' dir='ltr'>redierunt.</span> 
     </span>
    </p>

    <p class='ocr_par' dir='ltr' id='par_1_4' title="bbox 179 2265 1422 4699">
     <span class='ocr_line' id='line_1_18' title="bbox 247 2265 1422 2347; baseline -0.001 -16"><span class='ocrx_word' id='word_1_135' title='bbox 247 2268 328 2332; x_wconf 83' lang='lat' dir='ltr'>Alia</span> <span class='ocrx_word' id='word_1_136' title='bbox 344 2284 415 2330; x_wconf 90' lang='lat' dir='ltr'>non</span> <span class='ocrx_word' id='word_1_137' title='bbox 431 2268 556 2343; x_wconf 90' lang='lat' dir='ltr'>minor,</span> <span class='ocrx_word' id='word_1_138' title='bbox 577 2266 640 2328; x_wconf 90' lang='lat' dir='ltr'>sed</span> <span class='ocrx_word' id='word_1_139' title='bbox 660 2267 765 2345; x_wconf 91' lang='lat' dir='ltr'>longe</span> <span class='ocrx_word' id='word_1_140' title='bbox 780 2265 904 2344; x_wconf 88' lang='lat' dir='ltr'>maior,</span> <span class='ocrx_word' id='word_1_141' title='bbox 922 2267 1101 2330; x_wconf 91' lang='lat' dir='ltr'>contentio</span> <span class='ocrx_word' id='word_1_142' title='bbox 1116 2267 1210 2330; x_wconf 91' lang='lat' dir='ltr'>inter</span> <span class='ocrx_word' id='word_1_143' title='bbox 1224 2267 1422 2347; x_wconf 90' lang='lat' dir='ltr'>primarios</span> 
     </span>
     <span class='ocr_line' id='line_1_19' title="bbox 185 2371 1416 2453; baseline 0 -15"><span class='ocrx_word' id='word_1_144' title='bbox 185 2376 284 2439; x_wconf 86' lang='lat' dir='ltr'>ciues</span> <span class='ocrx_word' id='word_1_145' title='bbox 299 2374 484 2437; x_wconf 89' lang='lat' dir='ltr'>cuiusdam</span> <span class='ocrx_word' id='word_1_146' title='bbox 498 2371 618 2453; x_wconf 90' lang='lat' dir='ltr'>oppidi</span> <span class='ocrx_word' id='word_1_147' title='bbox 632 2371 821 2435; x_wconf 88' lang='lat' dir='ltr'>Valentiae</span> <span class='ocrx_word' id='word_1_148' title='bbox 835 2373 999 2453; x_wconf 85' lang='lat' dir='ltr'>proximi,</span> <span class='ocrx_word' id='word_1_149' title='bbox 1016 2373 1159 2436; x_wconf 90' lang='lat' dir='ltr'>nomine</span> <span class='ocrx_word' id='word_1_150' title='bbox 1174 2372 1203 2436; x_wconf 87' lang='lat' dir='ltr'>F</span> <span class='ocrx_word' id='word_1_151' title='bbox 1205 2374 1416 2453; x_wconf 76' lang='lat' dir='ltr'>ontinentlS,</span> 
     </span>
     <span class='ocr_line' id='line_1_20' title="bbox 186 2478 1421 2562; baseline 0.001 -17"><span class='ocrx_word' id='word_1_152' title='bbox 186 2500 258 2545; x_wconf 91' lang='lat' dir='ltr'>non</span> <span class='ocrx_word' id='word_1_153' title='bbox 273 2481 394 2544; x_wconf 90' lang='lat' dir='ltr'>multis</span> <span class='ocrx_word' id='word_1_154' title='bbox 406 2480 534 2543; x_wconf 88' lang='lat' dir='ltr'>abhinc</span> <span class='ocrx_word' id='word_1_155' title='bbox 549 2479 671 2543; x_wconf 91' lang='lat' dir='ltr'>diebus</span> <span class='ocrx_word' id='word_1_156' title='bbox 686 2489 810 2542; x_wconf 83' lang='lat' dir='ltr'>exorta</span> <span class='ocrx_word' id='word_1_157' title='bbox 826 2479 903 2542; x_wconf 82' lang='lat' dir='ltr'>suit.</span> <span class='ocrx_word' id='word_1_158' title='bbox 917 2478 1074 2561; x_wconf 89' lang='lat' dir='ltr'>Cumque</span> <span class='ocrx_word' id='word_1_159' title='bbox 1088 2481 1136 2559; x_wconf 92' lang='lat' dir='ltr'>hi,</span> <span class='ocrx_word' id='word_1_160' title='bbox 1150 2481 1210 2562; x_wconf 92' lang='lat' dir='ltr'>qui</span> <span class='ocrx_word' id='word_1_161' title='bbox 1221 2481 1322 2545; x_wconf 86' lang='lat' dir='ltr'>rixas</span> <span class='ocrx_word' id='word_1_162' title='bbox 1334 2500 1421 2546; x_wconf 91' lang='lat' dir='ltr'>con·</span> 
     </span>
     <span class='ocr_line' id='line_1_21' title="bbox 186 2586 1418 2670; baseline 0 -17"><span class='ocrx_word' id='word_1_163' title='bbox 186 2586 368 2670; x_wconf 89' lang='lat' dir='ltr'>citassent,</span> <span class='ocrx_word' id='word_1_164' title='bbox 385 2588 503 2668; x_wconf 88' lang='lat' dir='ltr'>capita</span> <span class='ocrx_word' id='word_1_165' title='bbox 518 2587 626 2649; x_wconf 90' lang='lat' dir='ltr'>totius</span> <span class='ocrx_word' id='word_1_166' title='bbox 643 2587 754 2666; x_wconf 88' lang='lat' dir='ltr'>plebis</span> <span class='ocrx_word' id='word_1_167' title='bbox 769 2586 995 2664; x_wconf 90' lang='lat' dir='ltr'>haberentur,</span> <span class='ocrx_word' id='word_1_168' title='bbox 1012 2588 1201 2652; x_wconf 75' lang='lat' dir='ltr'>uniuersus</span> <span class='ocrx_word' id='word_1_169' title='bbox 1215 2587 1290 2651; x_wconf 84' lang='lat' dir='ltr'>iere</span> <span class='ocrx_word' id='word_1_170' title='bbox 1307 2604 1418 2670; x_wconf 92' lang='lat' dir='ltr'>popu·</span> 
     </span>
     <span class='ocr_line' id='line_1_22' title="bbox 185 2694 1414 2775; baseline 0.001 -16"><span class='ocrx_word' id='word_1_171' title='bbox 185 2694 241 2760; x_wconf 90' lang='lat' dir='ltr'>lus</span> <span class='ocrx_word' id='word_1_172' title='bbox 255 2714 325 2759; x_wconf 92' lang='lat' dir='ltr'>una</span> <span class='ocrx_word' id='word_1_173' title='bbox 341 2694 487 2759; x_wconf 90' lang='lat' dir='ltr'>cumeis</span> <span class='ocrx_word' id='word_1_174' title='bbox 503 2702 556 2757; x_wconf 89' lang='lat' dir='ltr'>est</span> <span class='ocrx_word' id='word_1_175' title='bbox 571 2695 809 2775; x_wconf 87' lang='lat' dir='ltr'>perturbatus.</span> <span class='ocrx_word' id='word_1_176' title='bbox 826 2694 917 2759; x_wconf 88' lang='lat' dir='ltr'>Nam</span> <span class='ocrx_word' id='word_1_177' title='bbox 933 2696 993 2758; x_wconf 89' lang='lat' dir='ltr'>alii</span> <span class='ocrx_word' id='word_1_178' title='bbox 1007 2695 1087 2759; x_wconf 91' lang='lat' dir='ltr'>aliis</span> <span class='ocrx_word' id='word_1_179' title='bbox 1102 2695 1277 2775; x_wconf 83' lang='lat' dir='ltr'>fauentes,</span> <span class='ocrx_word' id='word_1_180' title='bbox 1297 2714 1339 2760; x_wconf 89' lang='lat' dir='ltr'>se</span> <span class='ocrx_word' id='word_1_181' title='bbox 1354 2696 1414 2760; x_wconf 88' lang='lat' dir='ltr'>ad·</span> 
     </span>
     <span class='ocr_line' id='line_1_23' title="bbox 187 2800 1417 2883; baseline 0 -17"><span class='ocrx_word' id='word_1_182' title='bbox 187 2802 367 2866; x_wconf 89' lang='lat' dir='ltr'>uersarios</span> <span class='ocrx_word' id='word_1_183' title='bbox 381 2802 532 2864; x_wconf 89' lang='lat' dir='ltr'>aliorum</span> <span class='ocrx_word' id='word_1_184' title='bbox 547 2800 787 2878; x_wconf 87' lang='lat' dir='ltr'>declarabant,</span> <span class='ocrx_word' id='word_1_185' title='bbox 812 2802 975 2883; x_wconf 87' lang='lat' dir='ltr'>aquibus</span> <span class='ocrx_word' id='word_1_186' title='bbox 991 2803 1062 2865; x_wconf 89' lang='lat' dir='ltr'>iarn</span> <span class='ocrx_word' id='word_1_187' title='bbox 1080 2803 1227 2882; x_wconf 89' lang='lat' dir='ltr'>perinde</span> <span class='ocrx_word' id='word_1_188' title='bbox 1241 2813 1281 2866; x_wconf 91' lang='lat' dir='ltr'>ut</span> <span class='ocrx_word' id='word_1_189' title='bbox 1302 2804 1417 2867; x_wconf 90' lang='lat' dir='ltr'>inimi·</span> 
     </span>
     <span class='ocr_line' id='line_1_24' title="bbox 185 2907 1419 2990; baseline 0.001 -17"><span class='ocrx_word' id='word_1_190' title='bbox 185 2910 320 2973; x_wconf 92' lang='lat' dir='ltr'>cissimi</span> <span class='ocrx_word' id='word_1_191' title='bbox 334 2909 456 2972; x_wconf 89' lang='lat' dir='ltr'>hostes</span> <span class='ocrx_word' id='word_1_192' title='bbox 467 2908 697 2970; x_wconf 90' lang='lat' dir='ltr'>habebantur.</span> <span class='ocrx_word' id='word_1_193' title='bbox 714 2907 836 2989; x_wconf 89' lang='lat' dir='ltr'>Itaque</span> <span class='ocrx_word' id='word_1_194' title='bbox 851 2909 894 2971; x_wconf 92' lang='lat' dir='ltr'>de</span> <span class='ocrx_word' id='word_1_195' title='bbox 909 2910 1038 2989; x_wconf 91' lang='lat' dir='ltr'>populo</span> <span class='ocrx_word' id='word_1_196' title='bbox 1054 2910 1121 2972; x_wconf 93' lang='lat' dir='ltr'>hoc</span> <span class='ocrx_word' id='word_1_197' title='bbox 1130 2911 1178 2972; x_wconf 91' lang='lat' dir='ltr'>ita</span> <span class='ocrx_word' id='word_1_198' title='bbox 1191 2911 1319 2988; x_wconf 92' lang='lat' dir='ltr'>diuiso,</span> <span class='ocrx_word' id='word_1_199' title='bbox 1334 2912 1419 2990; x_wconf 84' lang='lat' dir='ltr'>quid</span> 
     </span>
     <span class='ocr_line' id='line_1_25' title="bbox 186 3015 1421 3097; baseline 0.002 -18"><span class='ocrx_word' id='word_1_200' title='bbox 186 3018 292 3094; x_wconf 88' lang='lat' dir='ltr'>aliud,</span> <span class='ocrx_word' id='word_1_201' title='bbox 309 3017 350 3080; x_wconf 93' lang='lat' dir='ltr'>R.</span> <span class='ocrx_word' id='word_1_202' title='bbox 368 3015 483 3093; x_wconf 91' lang='lat' dir='ltr'>Pater,</span> <span class='ocrx_word' id='word_1_203' title='bbox 500 3032 645 3094; x_wconf 88' lang='lat' dir='ltr'>sperare</span> <span class='ocrx_word' id='word_1_204' title='bbox 659 3016 791 3094; x_wconf 90' lang='lat' dir='ltr'>liceret,</span> <span class='ocrx_word' id='word_1_205' title='bbox 809 3033 916 3097; x_wconf 91' lang='lat' dir='ltr'>quam</span> <span class='ocrx_word' id='word_1_206' title='bbox 932 3016 1026 3097; x_wconf 94' lang='lat' dir='ltr'>quod</span> <span class='ocrx_word' id='word_1_207' title='bbox 1040 3016 1214 3080; x_wconf 90' lang='lat' dir='ltr'>Dominus</span> <span class='ocrx_word' id='word_1_208' title='bbox 1229 3018 1273 3080; x_wconf 93' lang='lat' dir='ltr'>de</span> <span class='ocrx_word' id='word_1_209' title='bbox 1295 3019 1421 3097; x_wconf 83' lang='lat' dir='ltr'>regnis</span> 
     </span>
     <span class='ocr_line' id='line_1_26' title="bbox 188 3123 1419 3205; baseline 0 -18"><span class='ocrx_word' id='word_1_210' title='bbox 188 3126 278 3187; x_wconf 89' lang='lat' dir='ltr'>inter</span> <span class='ocrx_word' id='word_1_211' title='bbox 293 3142 332 3187; x_wconf 90' lang='lat' dir='ltr'>se</span> <span class='ocrx_word' id='word_1_212' title='bbox 358 3123 481 3186; x_wconf 91' lang='lat' dir='ltr'>diuisis</span> <span class='ocrx_word' id='word_1_213' title='bbox 501 3123 537 3185; x_wconf 93' lang='lat' dir='ltr'>in</span> <span class='ocrx_word' id='word_1_214' title='bbox 556 3123 742 3201; x_wconf 86' lang='lat' dir='ltr'>evangelio</span> <span class='ocrx_word' id='word_1_215' title='bbox 768 3123 940 3187; x_wconf 86' lang='lat' dir='ltr'>minatur?</span> <span class='ocrx_word' id='word_1_216' title='bbox 962 3124 1099 3187; x_wconf 90' lang='lat' dir='ltr'>cladem</span> <span class='ocrx_word' id='word_1_217' title='bbox 1124 3124 1284 3205; x_wconf 82' lang='lat' dir='ltr'>proiecto</span> <span class='ocrx_word' id='word_1_218' title='bbox 1304 3126 1419 3189; x_wconf 88' lang='lat' dir='ltr'>maxi·</span> 
     </span>
     <span class='ocr_line' id='line_1_27' title="bbox 187 3231 1419 3311; baseline 0.001 -17"><span class='ocrx_word' id='word_1_219' title='bbox 187 3248 293 3308; x_wconf 91' lang='lat' dir='ltr'>mam,</span> <span class='ocrx_word' id='word_1_220' title='bbox 309 3247 568 3311; x_wconf 89' lang='lat' dir='ltr'>corporumque</span> <span class='ocrx_word' id='word_1_221' title='bbox 583 3239 618 3292; x_wconf 92' lang='lat' dir='ltr'>et</span> <span class='ocrx_word' id='word_1_222' title='bbox 634 3231 833 3293; x_wconf 90' lang='lat' dir='ltr'>animarum</span> <span class='ocrx_word' id='word_1_223' title='bbox 849 3231 1051 3309; x_wconf 87' lang='lat' dir='ltr'>perniciem.</span> <span class='ocrx_word' id='word_1_224' title='bbox 1069 3231 1168 3294; x_wconf 91' lang='lat' dir='ltr'>Multi</span> <span class='ocrx_word' id='word_1_225' title='bbox 1189 3231 1258 3294; x_wconf 92' lang='lat' dir='ltr'>uiri</span> <span class='ocrx_word' id='word_1_226' title='bbox 1278 3232 1419 3296; x_wconf 87' lang='lat' dir='ltr'>nobiles</span> 
     </span>
     <span class='ocr_line' id='line_1_28' title="bbox 185 3336 1419 3417; baseline 0.001 -17"><span class='ocrx_word' id='word_1_227' title='bbox 185 3349 220 3400; x_wconf 90' lang='lat' dir='ltr'>et</span> <span class='ocrx_word' id='word_1_228' title='bbox 234 3337 402 3417; x_wconf 85' lang='lat' dir='ltr'>religiosi,</span> <span class='ocrx_word' id='word_1_229' title='bbox 420 3353 550 3417; x_wconf 89' lang='lat' dir='ltr'>magno</span> <span class='ocrx_word' id='word_1_230' title='bbox 564 3337 690 3399; x_wconf 88' lang='lat' dir='ltr'>timore</span> <span class='ocrx_word' id='word_1_231' title='bbox 704 3338 870 3416; x_wconf 91' lang='lat' dir='ltr'>perculsi,</span> <span class='ocrx_word' id='word_1_232' title='bbox 887 3336 1099 3401; x_wconf 87' lang='lat' dir='ltr'>dissociatos</span> <span class='ocrx_word' id='word_1_233' title='bbox 1114 3338 1255 3401; x_wconf 90' lang='lat' dir='ltr'>illorum</span> <span class='ocrx_word' id='word_1_234' title='bbox 1274 3339 1419 3403; x_wconf 90' lang='lat' dir='ltr'>animos</span> 
     </span>
     <span class='ocr_line' id='line_1_29' title="bbox 185 3443 1413 3526; baseline 0.002 -18"><span class='ocrx_word' id='word_1_235' title='bbox 185 3461 399 3524; x_wconf 89' lang='lat' dir='ltr'>componere</span> <span class='ocrx_word' id='word_1_236' title='bbox 415 3444 562 3507; x_wconf 90' lang='lat' dir='ltr'>summis</span> <span class='ocrx_word' id='word_1_237' title='bbox 578 3444 741 3521; x_wconf 87' lang='lat' dir='ltr'>precibus</span> <span class='ocrx_word' id='word_1_238' title='bbox 756 3453 985 3507; x_wconf 90' lang='lat' dir='ltr'>attentarunt.</span> <span class='ocrx_word' id='word_1_239' title='bbox 1003 3443 1072 3508; x_wconf 90' lang='lat' dir='ltr'>Sed</span> <span class='ocrx_word' id='word_1_240' title='bbox 1088 3446 1214 3508; x_wconf 89' lang='lat' dir='ltr'>mirum</span> <span class='ocrx_word' id='word_1_241' title='bbox 1225 3462 1336 3526; x_wconf 88' lang='lat' dir='ltr'>quam</span> <span class='ocrx_word' id='word_1_242' title='bbox 1353 3464 1413 3526; x_wconf 88' lang='lat' dir='ltr'>pa·</span> 
     </span>
     <span class='ocr_line' id='line_1_30' title="bbox 185 3550 1415 3632; baseline 0.002 -18"><span class='ocrx_word' id='word_1_243' title='bbox 185 3568 264 3614; x_wconf 91' lang='lat' dir='ltr'>rum</span> <span class='ocrx_word' id='word_1_244' title='bbox 280 3550 491 3613; x_wconf 88' lang='lat' dir='ltr'>contentiosi</span> <span class='ocrx_word' id='word_1_245' title='bbox 508 3550 575 3612; x_wconf 91' lang='lat' dir='ltr'>uiri</span> <span class='ocrx_word' id='word_1_246' title='bbox 590 3550 718 3612; x_wconf 90' lang='lat' dir='ltr'>horum</span> <span class='ocrx_word' id='word_1_247' title='bbox 732 3551 944 3614; x_wconf 88' lang='lat' dir='ltr'>iustissimas</span> <span class='ocrx_word' id='word_1_248' title='bbox 969 3569 1093 3632; x_wconf 88' lang='lat' dir='ltr'>preces</span> <span class='ocrx_word' id='word_1_249' title='bbox 1109 3561 1285 3629; x_wconf 91' lang='lat' dir='ltr'>curarent,</span> <span class='ocrx_word' id='word_1_250' title='bbox 1305 3568 1415 3632; x_wconf 86' lang='lat' dir='ltr'>quam</span> 
     </span>
     <span class='ocr_line' id='line_1_31' title="bbox 186 3654 1417 3722; baseline 0.001 -1"><span class='ocrx_word' id='word_1_251' title='bbox 186 3654 307 3721; x_wconf 87' lang='lat' dir='ltr'>eorum</span> <span class='ocrx_word' id='word_1_252' title='bbox 322 3657 555 3719; x_wconf 87' lang='lat' dir='ltr'>saluberrima</span> <span class='ocrx_word' id='word_1_253' title='bbox 571 3657 719 3719; x_wconf 92' lang='lat' dir='ltr'>consilia</span> <span class='ocrx_word' id='word_1_254' title='bbox 735 3667 1011 3721; x_wconf 90' lang='lat' dir='ltr'>contemnerent.</span> <span class='ocrx_word' id='word_1_255' title='bbox 1029 3658 1130 3722; x_wconf 91' lang='lat' dir='ltr'>Adeo</span> <span class='ocrx_word' id='word_1_256' title='bbox 1144 3658 1285 3721; x_wconf 90' lang='lat' dir='ltr'>illorum</span> <span class='ocrx_word' id='word_1_257' title='bbox 1304 3659 1417 3722; x_wconf 86' lang='lat' dir='ltr'>animi</span> 
     </span>
     <span class='ocr_line' id='line_1_32' title="bbox 184 3763 1418 3846; baseline 0.002 -19"><span class='ocrx_word' id='word_1_258' title='bbox 184 3764 493 3828; x_wconf 85' lang='lat' dir='ltr'>excandescebant</span> <span class='ocrx_word' id='word_1_259' title='bbox 513 3763 577 3839; x_wconf 89' lang='lat' dir='ltr'>ira,</span> <span class='ocrx_word' id='word_1_260' title='bbox 603 3774 640 3826; x_wconf 91' lang='lat' dir='ltr'>vt</span> <span class='ocrx_word' id='word_1_261' title='bbox 655 3781 725 3826; x_wconf 93' lang='lat' dir='ltr'>non</span> <span class='ocrx_word' id='word_1_262' title='bbox 748 3765 861 3827; x_wconf 87' lang='lat' dir='ltr'>solum</span> <span class='ocrx_word' id='word_1_263' title='bbox 883 3767 1111 3828; x_wconf 88' lang='lat' dir='ltr'>admouentes</span> <span class='ocrx_word' id='word_1_264' title='bbox 1136 3782 1174 3828; x_wconf 90' lang='lat' dir='ltr'>se</span> <span class='ocrx_word' id='word_1_265' title='bbox 1192 3782 1321 3846; x_wconf 90' lang='lat' dir='ltr'>pacem</span> <span class='ocrx_word' id='word_1_266' title='bbox 1343 3783 1418 3829; x_wconf 90' lang='lat' dir='ltr'>uon</span> 
     </span>
     <span class='ocr_line' id='line_1_33' title="bbox 184 3869 1416 3951; baseline -0.002 -17"><span class='ocrx_word' id='word_1_267' title='bbox 184 3871 359 3948; x_wconf 89' lang='lat' dir='ltr'>audirent,</span> <span class='ocrx_word' id='word_1_268' title='bbox 376 3870 439 3933; x_wconf 88' lang='lat' dir='ltr'>sed</span> <span class='ocrx_word' id='word_1_269' title='bbox 454 3869 489 3932; x_wconf 91' lang='lat' dir='ltr'>id</span> <span class='ocrx_word' id='word_1_270' title='bbox 504 3870 743 3949; x_wconf 87' lang='lat' dir='ltr'>consequendi</span> <span class='ocrx_word' id='word_1_271' title='bbox 759 3888 857 3951; x_wconf 90' lang='lat' dir='ltr'>spem</span> <span class='ocrx_word' id='word_1_272' title='bbox 883 3889 1023 3935; x_wconf 92' lang='lat' dir='ltr'>omnem</span> <span class='ocrx_word' id='word_1_273' title='bbox 1044 3871 1181 3935; x_wconf 88' lang='lat' dir='ltr'>cunctis</span> <span class='ocrx_word' id='word_1_274' title='bbox 1202 3871 1416 3936; x_wconf 86' lang='lat' dir='ltr'>adimerent.</span> 
     </span>
     <span class='ocr_line' id='line_1_34' title="bbox 184 3977 1419 4058; baseline 0.002 -18"><span class='ocrx_word' id='word_1_275' title='bbox 184 3977 287 4040; x_wconf 90' lang='lat' dir='ltr'>Hanc</span> <span class='ocrx_word' id='word_1_276' title='bbox 302 3978 346 4040; x_wconf 93' lang='lat' dir='ltr'>ob</span> <span class='ocrx_word' id='word_1_277' title='bbox 367 3993 513 4040; x_wconf 91' lang='lat' dir='ltr'>causam</span> <span class='ocrx_word' id='word_1_278' title='bbox 533 3977 580 4053; x_wconf 92' lang='lat' dir='ltr'>hi,</span> <span class='ocrx_word' id='word_1_279' title='bbox 602 3977 660 4056; x_wconf 93' lang='lat' dir='ltr'>qui</span> <span class='ocrx_word' id='word_1_280' title='bbox 682 3994 807 4056; x_wconf 90' lang='lat' dir='ltr'>pacem</span> <span class='ocrx_word' id='word_1_281' title='bbox 832 3979 1060 4058; x_wconf 84' lang='lat' dir='ltr'>exoptabant,</span> <span class='ocrx_word' id='word_1_282' title='bbox 1088 3979 1158 4041; x_wconf 93' lang='lat' dir='ltr'>iam</span> <span class='ocrx_word' id='word_1_283' title='bbox 1178 3978 1253 4042; x_wconf 91' lang='lat' dir='ltr'>suis</span> <span class='ocrx_word' id='word_1_284' title='bbox 1278 3979 1419 4044; x_wconf 89' lang='lat' dir='ltr'>uiribus</span> 
     </span>
     <span class='ocr_line' id='line_1_35' title="bbox 182 4080 1417 4163; baseline 0.003 -17"><span class='ocrx_word' id='word_1_285' title='bbox 182 4083 390 4160; x_wconf 69' lang='lat' dir='ltr'>diffidentes</span> <span class='ocrx_word' id='word_1_286' title='bbox 408 4084 453 4146; x_wconf 86' lang='lat' dir='ltr'>ad</span> <span class='ocrx_word' id='word_1_287' title='bbox 469 4082 505 4145; x_wconf 91' lang='lat' dir='ltr'>P.</span> <span class='ocrx_word' id='word_1_288' title='bbox 522 4080 731 4163; x_wconf 89' lang='lat' dir='ltr'>Baptistam,</span> <span class='ocrx_word' id='word_1_289' title='bbox 749 4085 849 4163; x_wconf 85' lang='lat' dir='ltr'>quasi</span> <span class='ocrx_word' id='word_1_290' title='bbox 861 4085 905 4146; x_wconf 88' lang='lat' dir='ltr'>ab</span> <span class='ocrx_word' id='word_1_291' title='bbox 921 4102 962 4148; x_wconf 91' lang='lat' dir='ltr'>eo</span> <span class='ocrx_word' id='word_1_292' title='bbox 978 4085 1092 4149; x_wconf 92' lang='lat' dir='ltr'>solum</span> <span class='ocrx_word' id='word_1_293' title='bbox 1107 4084 1303 4149; x_wconf 90' lang='lat' dir='ltr'>remedium</span> <span class='ocrx_word' id='word_1_294' title='bbox 1315 4103 1417 4150; x_wconf 89' lang='lat' dir='ltr'>acce·</span> 
     </span>
     <span class='ocr_line' id='line_1_36' title="bbox 184 4189 1414 4274; baseline 0.003 -21"><span class='ocrx_word' id='word_1_295' title='bbox 184 4191 289 4272; x_wconf 93' lang='lat' dir='ltr'>pturi,</span> <span class='ocrx_word' id='word_1_296' title='bbox 307 4189 552 4269; x_wconf 85' lang='lat' dir='ltr'>confugerunt.</span> <span class='ocrx_word' id='word_1_297' title='bbox 570 4189 638 4268; x_wconf 89' lang='lat' dir='ltr'>Qui</span> <span class='ocrx_word' id='word_1_298' title='bbox 653 4208 733 4253; x_wconf 91' lang='lat' dir='ltr'>cum</span> <span class='ocrx_word' id='word_1_299' title='bbox 749 4192 858 4270; x_wconf 89' lang='lat' dir='ltr'>probe</span> <span class='ocrx_word' id='word_1_300' title='bbox 873 4191 1086 4271; x_wconf 81' lang='lat' dir='ltr'>intelligeret</span> <span class='ocrx_word' id='word_1_301' title='bbox 1108 4207 1278 4270; x_wconf 89' lang='lat' dir='ltr'>magnam</span> <span class='ocrx_word' id='word_1_302' title='bbox 1304 4210 1414 4274; x_wconf 90' lang='lat' dir='ltr'>popu·</span> 
     </span>
     <span class='ocr_line' id='line_1_37' title="bbox 184 4295 1416 4377; baseline 0.004 -17"><span class='ocrx_word' id='word_1_303' title='bbox 184 4299 255 4361; x_wconf 94' lang='lat' dir='ltr'>lum</span> <span class='ocrx_word' id='word_1_304' title='bbox 278 4298 374 4361; x_wconf 92' lang='lat' dir='ltr'>illum</span> <span class='ocrx_word' id='word_1_305' title='bbox 395 4295 533 4360; x_wconf 85' lang='lat' dir='ltr'>cladem</span> <span class='ocrx_word' id='word_1_306' title='bbox 556 4308 801 4377; x_wconf 90' lang='lat' dir='ltr'>accepturum,</span> <span class='ocrx_word' id='word_1_307' title='bbox 825 4298 893 4360; x_wconf 89' lang='lat' dir='ltr'>nisi</span> <span class='ocrx_word' id='word_1_308' title='bbox 912 4309 1011 4362; x_wconf 90' lang='lat' dir='ltr'>tanto</span> <span class='ocrx_word' id='word_1_309' title='bbox 1036 4300 1130 4363; x_wconf 92' lang='lat' dir='ltr'>malo</span> <span class='ocrx_word' id='word_1_310' title='bbox 1150 4310 1416 4377; x_wconf 88' lang='lat' dir='ltr'>occurreretur,</span> 
     </span>
     <span class='ocr_line' id='line_1_38' title="bbox 181 4403 1415 4486; baseline 0.003 -20"><span class='ocrx_word' id='word_1_311' title='bbox 181 4405 346 4468; x_wconf 89' lang='lat' dir='ltr'>omnibus</span> <span class='ocrx_word' id='word_1_312' title='bbox 361 4403 439 4467; x_wconf 89' lang='lat' dir='ltr'>aliis</span> <span class='ocrx_word' id='word_1_313' title='bbox 455 4403 614 4481; x_wconf 82' lang='lat' dir='ltr'>negociis</span> <span class='ocrx_word' id='word_1_314' title='bbox 629 4404 824 4484; x_wconf 83' lang='lat' dir='ltr'>expeditus,</span> <span class='ocrx_word' id='word_1_315' title='bbox 841 4405 887 4467; x_wconf 92' lang='lat' dir='ltr'>ad</span> <span class='ocrx_word' id='word_1_316' title='bbox 908 4408 1077 4485; x_wconf 91' lang='lat' dir='ltr'>populum</span> <span class='ocrx_word' id='word_1_317' title='bbox 1096 4407 1193 4470; x_wconf 91' lang='lat' dir='ltr'>illum</span> <span class='ocrx_word' id='word_1_318' title='bbox 1214 4408 1415 4486; x_wconf 90' lang='lat' dir='ltr'>contendit,</span> 
     </span>
     <span class='ocr_line' id='line_1_39' title="bbox 180 4510 1416 4592; baseline 0.002 -18"><span class='ocrx_word' id='word_1_319' title='bbox 180 4511 310 4592; x_wconf 89' lang='lat' dir='ltr'>ibique,</span> <span class='ocrx_word' id='word_1_320' title='bbox 323 4528 391 4590; x_wconf 92' lang='lat' dir='ltr'>per</span> <span class='ocrx_word' id='word_1_321' title='bbox 403 4519 497 4573; x_wconf 88' lang='lat' dir='ltr'>totos</span> <span class='ocrx_word' id='word_1_322' title='bbox 511 4511 712 4591; x_wconf 90' lang='lat' dir='ltr'>quindecim</span> <span class='ocrx_word' id='word_1_323' title='bbox 727 4510 803 4573; x_wconf 88' lang='lat' dir='ltr'>dies</span> <span class='ocrx_word' id='word_1_324' title='bbox 818 4522 1070 4591; x_wconf 87' lang='lat' dir='ltr'>commoratus,</span> <span class='ocrx_word' id='word_1_325' title='bbox 1083 4514 1263 4577; x_wconf 92' lang='lat' dir='ltr'>multoties</span> <span class='ocrx_word' id='word_1_326' title='bbox 1274 4513 1416 4578; x_wconf 79' lang='lat' dir='ltr'>dissidii</span> 
     </span>
     <span class='ocr_line' id='line_1_40' title="bbox 179 4618 1416 4699; baseline 0.003 -18"><span class='ocrx_word' id='word_1_327' title='bbox 179 4618 359 4699; x_wconf 90' lang='lat' dir='ltr'>principes</span> <span class='ocrx_word' id='word_1_328' title='bbox 374 4626 428 4681; x_wconf 91' lang='lat' dir='ltr'>est</span> <span class='ocrx_word' id='word_1_329' title='bbox 442 4618 626 4680; x_wconf 89' lang='lat' dir='ltr'>allocutus.</span> <span class='ocrx_word' id='word_1_330' title='bbox 641 4618 739 4696; x_wconf 85' lang='lat' dir='ltr'>Quos</span> <span class='ocrx_word' id='word_1_331' title='bbox 750 4635 844 4680; x_wconf 92' lang='lat' dir='ltr'>nunc</span> <span class='ocrx_word' id='word_1_332' title='bbox 858 4618 1043 4683; x_wconf 87' lang='lat' dir='ltr'>dulcedine</span> <span class='ocrx_word' id='word_1_333' title='bbox 1054 4621 1229 4685; x_wconf 90' lang='lat' dir='ltr'>sermonis</span> <span class='ocrx_word' id='word_1_334' title='bbox 1236 4622 1416 4698; x_wconf 87' lang='lat' dir='ltr'>alliciens,</span> 
     </span>
    </p>
   </div>
   <div class='ocr_carea' id='block_1_3' title="bbox 0 0 1610 5392">
    <p class='ocr_par' dir='ltr' id='par_1_5' title="bbox 0 0 1610 5392">
     <span class='ocr_line' id='line_1_41' title="bbox 0 0 1610 5392; baseline 0 2"><span class='ocrx_word' id='word_1_335' title='bbox 0 0 1610 5392; x_wconf 95' lang='lat' dir='ltr'> </span> 
     </span>
    </p>
   </div>
  </div>
 </body>
</html>
