3240 5386
185 395 241 456 488
568 395 739 456 errsnae
758 413 1029 465 ounoantnsrass

185 551 338 622 quantus
354 542 399 603 sit
412 541 543 618 feruor,
560 551 713 622 quantus
728 560 867 624 quoque
881 560 1061 622 numerus
1079 561 1124 607 ex
1139 543 1221 607 aliis
1236 541 1420 622 cognitum

187 658 241 711 est
254 648 375 711 literis.
391 647 489 710 Haec
504 658 625 711 nostra
640 658 732 727 sunt,
749 648 826 712 R.de
849 647 965 713 Pater.

247 754 301 817 De
320 752 534 817 Siracusano
556 772 642 817 uero
662 756 812 835 collegio
833 756 919 819 illud
940 774 1048 820 unum
1070 766 1125 821 est
1140 755 1420 831 admonendum,

186 878 256 924 uno
271 860 399 924 abhinc
415 879 535 924 mense
550 861 692 925 Patrem
707 861 906 943 Philippum
922 862 1110 927 Cassinum
1123 879 1295 926 unacum
1311 862 1421 926 fratre

186 986 228 1032 eo
243 968 440 1048 profectum
457 985 546 1046 esse,
563 969 791 1050 coepisseque
806 970 1012 1033 concionari
1026 969 1183 1034 maximo
1199 987 1285 1033 cum
1301 969 1420 1051 populi

186 1076 375 1155 applausu:
398 1077 458 1156 qui
477 1076 618 1156 quidem
637 1075 836 1138 certissima
852 1056 924 1138 iam
946 1078 1078 1140 amoris
1093 1092 1181 1156 erga
1201 1075 1421 1141 Societatem

185 1182 315 1245 indicia
330 1200 402 1245 non
417 1199 531 1262 pauca
546 1183 720 1263 praebuit.
736 1181 879 1260 Eorum,
896 1183 955 1262 qui
971 1182 1096 1246 lecturi
1111 1191 1204 1261 sunt,
1222 1183 1420 1247 aduentum

185 1289 389 1352 auidissime
404 1297 604 1368 expectant,
620 1290 682 1370 qui
695 1289 806 1368 breui,
824 1297 863 1352 ut
878 1306 1000 1352 eorum
1015 1288 1166 1353 satisfiat
1189 1289 1373 1352 uoluntati
1387 1297 1419 1351 et

186 1394 443 1459 ardentissimis
457 1397 561 1470 uotiS,
578 1396 770 1459 mittentur.

246 1501 283 1564 ln
305 1502 393 1565 Itala
414 1520 554 1583 quoque
574 1503 703 1582 oppido
725 1503 848 1566 eadem
869 1513 951 1565 sunt
972 1502 1196 1581 concionum,
1223 1502 1416 1566 consessio·

187 1626 269 1670 num
289 1619 323 1671 et
343 1609 533 1672 lectionum
552 1609 740 1687 exercitia,
761 1626 826 1672 nec
848 1626 961 1689 parua
981 1627 1062 1672 cum
1081 1608 1203 1688 fruge:
1227 1611 1303 1672 iam
1326 1609 1416 1672 enim

187 1715 427 1778 confitentium
452 1727 486 1778 et
511 1716 845 1779 communicantium
865 1733 1034 1778 numerus
1059 1716 1219 1780 nonnihil
1242 1716 1416 1779 adauctus
1464 1768 1466 1773 .

186 1831 250 1884 est.
271 1821 526 1885 Verumtamen
545 1823 721 1903 quoniam,
746 1832 896 1901 urgente
915 1822 1024 1901 fame,
1041 1825 1210 1903 templum
1228 1841 1297 1903 pro
1319 1840 1414 1887 more

184 1928 408 2008 frequentare
420 1947 491 1991 non
502 1938 677 2010 poterant,
691 1929 726 1992 id
738 1930 909 2009 imprimis
920 1927 1116 1992 curandum
1128 1929 1192 1993 fuit
1203 1928 1285 1992 R.d⁰
1296 1928 1334 1993 P.
1350 1929 1414 1992 Da·

185 2036 267 2099 nieli
284 2035 304 2111 ¹,
329 2037 388 2115 qui
403 2054 494 2098 vnus
514 2037 561 2100 ibi
583 2046 647 2114 est,
665 2054 745 2098 cum
760 2036 870 2099 fratre
885 2052 1039 2115 graecae
1053 2037 1258 2116 latinaeque
1274 2037 1414 2116 linguae

185 2141 398 2222 professore,
415 2152 453 2206 ut
469 2142 581 2206 sames
603 2152 712 2221 tanta,
729 2143 759 2205 si
781 2143 958 2222 quomodo
973 2143 1048 2206 fieri
1062 2143 1184 2224 possit,
1198 2143 1414 2206 subleuetur.

187 2247 422 2329 Quapropter,
440 2250 609 2330 quaesitis
628 2249 807 2313 hincinde
827 2251 1072 2330 eleemosynis,
1087 2266 1195 2330 saepe
1220 2267 1417 2330 pauperum

185 2356 326 2436 inopiae
353 2356 562 2420 subuentum
588 2366 652 2435 est,
679 2358 728 2419 ita
754 2367 791 2420 ut
816 2358 926 2434 multi,
953 2357 1012 2437 qui
1038 2357 1142 2420 morti
1163 2358 1237 2420 iam
1264 2358 1417 2437 proximi

187 2474 299 2540 erant,
316 2463 387 2526 sint
402 2463 661 2543 quodammodo
677 2463 711 2526 in
726 2465 836 2526 uitam
854 2464 1022 2542 restituti;
1038 2466 1157 2542 palam
1173 2464 1268 2527 enim
1284 2463 1417 2527 fereba·

187 2578 245 2632 tur
259 2570 376 2632 multis
391 2588 432 2632 ea
448 2587 558 2634 causa
573 2569 793 2632 moriendum
808 2569 927 2644 fuisse,
949 2571 1017 2634 nisi
1031 2588 1072 2633 eo
1087 2588 1190 2650 pane,
1207 2586 1315 2650 quem
1335 2571 1419 2635 diui·

186 2676 280 2739 nitus
300 2677 447 2739 missum
466 2693 544 2740 esse
565 2675 837 2756 confitebantur,
861 2676 983 2740 relecti
1004 2677 1162 2741 nonnihil
1187 2687 1322 2741 essent.
1352 2676 1422 2742 Sed

187 2783 258 2846 iam
273 2783 377 2846 finem
393 2784 570 2847 scribendi
580 2783 721 2859 faciam,
739 2784 769 2846 si
780 2800 887 2847 unum
899 2784 995 2862 illud,
1013 2783 1106 2864 quod
1121 2784 1229 2846 totius
1245 2786 1422 2864 epistolae

188 2900 294 2970 caput
310 2900 373 2968 est,
391 2890 573 2966 addidero,
599 2901 636 2954 ut
652 2890 734 2952 Pias
751 2891 791 2953 T.
814 2891 907 2971 apud
922 2890 1037 2953 Deum
1052 2890 1285 2954 obnixissime
1302 2909 1424 2971 prece·

191 3005 260 3074 tur,
279 3015 323 3059 ne
339 3015 482 3059 suorum
498 3015 682 3060 seruorum
699 2999 731 3060 in
749 2998 903 3060 futurum
920 3015 1027 3077 opera
1042 2997 1094 3059 vti
1109 2997 1336 3076 dedignetur.

250 3103 449 3183 Messanae,
466 3105 536 3167 XV
552 3104 629 3167 Kal.
647 3105 741 3187 Junii
757 3123 850 3167 anno
870 3105 955 3166 1555.

250 3210 305 3273 Ex
322 3212 568 3274 commissione
584 3211 654 3273 R.d¹
670 3211 787 3274 Patris
802 3211 974 3273 Rectoris.

364 3318 405 3381 R.
425 3317 459 3380 P.
478 3318 517 3381 Τ.

292 3436 372 3487 tuus
388 3426 422 3487 in
439 3425 579 3488 Christo
593 3426 806 3487 humillimus
817 3441 952 3500 seruus,

818 3613 1035 3675 Fanuctscus
1057 3609 1268 3676 §dannanus
1284 3618 1306 3675 ².

233 3842 241 3874 ¹
272 3843 299 3886 Ρ.
313 3843 414 3887 Danieli
424 3845 576 3900 Paeybrotlr
586 3856 601 3887 a
612 3844 805 3887 'leneremonda
814 3845 856 3886 vcl
867 3843 1088 3886 Denderamonda.
1098 3842 1259 3887 “Messanam
1271 3846 1315 3888 ubi
1327 3847 1431 3901 attlglt,

192 3929 208 3959 a
218 3916 315 3968 Joanne
327 3915 425 3965 dauns.
438 3918 478 3959 cui
489 3916 600 3959 Itnlcnsc
612 3917 790 3959 Sacerdotium
801 3919 952 3966 obvenerat,
963 3916 1100 3968 expetitus,
1112 3927 1169 3958 curn
1180 3923 1315 3969 potestate
1333 3917 1430 3963 Italam

194 3989 279 4037 venit,
297 3988 400 4031 Siciliae
416 3988 536 4040 oppidum
554 4000 632 4041 propo
649 3986 802 4039 Messanam,
819 3987 1006 4029 Basilianorum
1024 3986 1178 4029 blonnsterlo
1195 3987 1229 4029 ibi
1242 4000 1258 4030 u
1275 3987 1395 4043 Rogerio
1405 3998 1430 4033 et

197 4059 249 4103 fillo
261 4061 314 4114 ejus
326 4067 483 4107 constructo,
495 4059 555 4102 olim
567 4060 710 4101 obnoxium.
720 4058 785 4100 llirn
798 4061 872 4111 plane
883 4066 950 4106 sunt.
962 4069 1026 4111 quac
1040 4057 1116 4101 Pater
1127 4057 1220 4101 Daniel
1235 4059 1272 4103 ibl
1283 4064 1432 4116 peregerit.

193 4130 335 4172 illonnriros'
347 4131 515 4177 admonendo,
528 4130 663 4178 hortando,
675 4130 829 4171 obtestando
840 4140 871 4170 ex
884 4130 956 4171 bouis
966 4129 1075 4181 optimos
1092 4128 1160 4171 lecit.
1173 4160 1178 4171 .
1196 4127 1351 4182 Oppidanos
1368 4144 1432 4175 vero

197 4202 333 4244 ,linitncliis
344 4202 503 4247 conciliavit.
515 4211 540 4243 ct
552 4201 651 4243 crebris
662 4201 826 4242 concionibus
837 4211 852 4242 a
866 4211 961 4242 morum
977 4199 1081 4242 lieentia
1093 4199 1233 4242 deterritos
1251 4201 1289 4243 ita
1307 4204 1434 4247 emenda·

193 4275 242 4324 vlt,
254 4281 281 4315 ut
292 4273 325 4315 ad
337 4274 472 4326 pristinum
484 4272 614 4314 nascentis
624 4272 757 4325 religionis
769 4272 928 4314 christianae
940 4270 1112 4312 innocentiam
1124 4269 1273 4314 traduxerit
1285 4303 1298 4322 „
1314 4274 1433 4319 Aeoni-

195 4357 237 4396 aa,
248 4344 408 4386 Provinciae
417 4345 519 4386 sicutne
531 4344 555 4386 S.
565 4344 590 4397 J.
602 4346 677 4385 ortus
688 4349 745 4389 etc..
756 4356 779 4395 p.
792 4353 807 4393 ι,
820 4354 842 4385 c.
854 4354 878 4390 v,
890 4354 914 4383 n.
923 4353 1000 4383 xxxv.
1013 4341 1078 4382 l'idc
1092 4341 1171 4383 ctiam
1181 4341 1278 4385 ibidem
1294 4355 1320 4386 n.
1336 4357 1436 4390 xxxvi·

195 4415 324 4465 Saccutxr,
337 4415 475 4458 Historiae
485 4416 510 4457 S.
520 4416 545 4469 J.
554 4422 621 4468 pars
632 4415 758 4463 scemata,
770 4415 813 4457 lib.
824 4424 849 4459 ιι.
860 4424 901 4455 nn.
911 4412 938 4453 93
948 4419 973 4453 et
982 4412 1016 4464 91,
1024 4420 1049 4453 et
1061 4410 1182 4453 Litterae
1190 4410 1436 4462 Quadrrinestres.

195 4494 216 4530 t.
232 4499 248 4539 1,
260 4500 319 4541 pag.
330 4489 364 4535 28,
380 4497 467 4530 annot.
481 4490 501 4530 1.

235 4559 246 4590 ¹
275 4559 388 4602 l‘rtmum
398 4559 588 4612 autographum
599 4559 743 4610 exemplum
755 4565 835 4600 totum
847 4565 885 4600 cst
897 4569 973 4600 manu
985 4556 1070 4600 Patris
1081 4557 1214 4611 Stephani,
1226 4554 1254 4599 in
1263 4560 1357 4601 altero
1369 4572 1433 4604 vero

198 4632 253 4674 aola
263 4631 416 4684 subscriptio
427 4644 441 4674 n
453 4632 539 4673 verbis
553 4629 591 4671 Ει·
601 4630 796 4671 commissione.
