3210 5392
629 429 690 488 As.
712 428 783 488 init
1287 418 1322 487 71

83 573 221 654 pressa)
236 574 361 637 hanno
376 574 510 638 vietato
525 591 545 636 a
561 574 586 637 ii
596 574 674 637 suoi
688 573 830 638 subietti
841 573 876 638 di
891 574 1013 637 venire
1026 570 1072 636 da
1086 573 1112 637 li
1126 573 1239 637 nostri
1255 572 1324 637 Pa·

81 679 139 743 dri
153 697 217 761 per
233 679 453 744 consessarsi
473 688 507 743 et
524 678 676 761 pigliare
694 680 745 761 gii
764 681 857 743 santi
878 677 1118 758 sacramenti,
1142 677 1321 744 dicendoli

79 787 151 851 che
167 786 198 850 si
218 797 347 851 contra
362 787 413 850 tal
428 784 762 851 commandamento
787 786 978 865 facessero,
998 787 1070 850 mai
1084 786 1120 849 in
1143 787 1216 850 uita
1233 787 1269 851 ni
1284 780 1321 852 in

82 901 198 974 punto
212 893 248 958 di
272 904 388 958 morte
402 894 453 975 gii
467 891 827 959 administrarebbero
850 893 901 974 gii
926 894 1018 957 santi
1033 891 1267 973 Sacramenti;
1285 892 1321 957 ei

81 1001 141 1064 cid
156 999 297 1065 udendo
311 1002 362 1082 gli
376 1002 490 1066 nostri
503 1000 625 1079 Padri,
647 999 881 1064 confortando
903 1000 1009 1081 quelli
1032 1000 1099 1063 che
1114 1000 1169 1063 cio
1189 1000 1212 1062 ii
1228 1000 1320 1064 rese·
1416 1009 1427 1017 ‘
1449 954 1454 963 Ι

82 1108 203 1188 riano,
220 1109 435 1173 lidiceuano
455 1109 520 1173 che
546 1124 617 1173 non
631 1110 663 1173 si
686 1118 960 1189 spanentassero
984 1124 1049 1189 per
1073 1108 1144 1171 taie
1168 1109 1318 1188 parone,

80 1216 421 1281 conciosiacosache
439 1217 517 1279 loro
545 1224 580 1279 et
607 1213 689 1279 tutti
713 1213 724 1277 i
749 1214 855 1279 Padri
874 1215 967 1279 delia
991 1213 1319 1294 compagniasono

85 1323 269 1404 preparati
296 1340 361 1404 per
384 1340 456 1387 non
480 1322 665 1386 manchar’
701 1322 738 1386 in
757 1322 808 1386 tal
828 1332 946 1402 tempo
961 1330 996 1388 et
1019 1337 1159 1402 sempre
1174 1337 1195 1383 a
1211 1319 1223 1384 i
1237 1321 1318 1384 suoi

81 1428 207 1510 figiioii
221 1430 408 1511 spirituali.
424 1429 557 1494 Faccia
571 1428 669 1493 Iddio
684 1426 894 1506 Benedetto,
917 1428 982 1492 che
1001 1428 1117 1508 questi
1143 1429 1279 1508 pastori
1296 1426 1321 1490 ii

82 1555 168 1617 peso
182 1553 293 1619 sopra
304 1536 339 1601 di
350 1540 428 1601 loro
438 1547 543 1617 porto
554 1537 700 1617 possino
720 1552 826 1600 senza
849 1535 1100 1600 intermission'
1114 1535 1157 1598 de
1171 1532 1192 1597 i'
1204 1534 1320 1599 officio

85 1646 159 1707 loro
183 1646 221 1707 al
240 1642 344 1708 felice
365 1654 468 1724 porto
493 1643 670 1725 riportar'.
696 1642 896 1706 Habbiamo
920 1643 1078 1707 anchora
1103 1641 1150 1705 da
1176 1641 1316 1722 ringra-

83 1751 161 1814 tiar'
178 1752 277 1814 assai
290 1751 327 1814 la
341 1751 462 1814 diuina
477 1751 665 1815 clementia
684 1750 750 1813 che
764 1749 791 1812 s'
807 1748 993 1829 edegnata
1007 1747 1043 1813 di
1054 1747 1264 1829 prouederci
1282 1748 1316 1812 d'

84 1875 129 1920 un
144 1858 251 1922 homo
278 1858 313 1922 di
337 1859 465 1938 graud’
493 1857 647 1922 dottrina
663 1868 698 1920 et
712 1857 749 1921 di
773 1856 923 1936 magior'
951 1855 1101 1934 santita,
1123 1854 1200 1928 cioe
1220 1852 1319 1918 Mon·

87 1964 228 2044 signore
254 1963 356 2030 Rmo.
383 1965 550 2030 Vescouo
564 1964 600 2029 di
614 1964 766 2030 Modena
792 1964 813 2040 ¹,
842 1963 865 2027 il
885 1964 968 2044 quai
982 1962 1016 2025 ci
1035 1961 1232 2026 dimonstra
1249 1978 1320 2025 uno

85 2071 208 2150 grand·
226 2084 262 2136 et
276 2084 382 2136 santo
397 2089 498 2136 amor
512 2088 619 2136 verso
631 2070 667 2135 di
686 2072 760 2149 noi,
782 2070 932 2135 dandosi
952 2071 1061 2134 molta
1082 2085 1256 2150 speranza
1275 2069 1318 2134 de

88 2180 260 2259 aggiutar'
276 2179 313 2242 in
327 2191 460 2260 quanto
475 2185 579 2260 porra
591 2180 624 2243 ia
639 2192 764 2243 nostra
779 2177 1001 2259 Compagnia
1021 2177 1077 2240 nel
1101 2192 1168 2239 suo
1183 2187 1316 2258 tempo.

89 2287 128 2350 Et
146 2295 249 2367 parte
271 2286 306 2350 di
329 2295 454 2367 questo
479 2289 591 2350 amor’
619 2287 771 2350 hauemo
795 2285 1029 2364 cognosciuto'
1050 2282 1193 2364 quando
1215 2283 1318 2348 diede

87 2393 105 2454 i'
120 2393 231 2457 ordini
246 2410 350 2456 sacre
365 2411 387 2457 a
401 2394 489 2458 certi
503 2393 614 2456 nostri
630 2392 760 2456 irateiii
785 2391 808 2470 ¹,
834 2392 954 2472 percio
974 2390 1041 2454 che
1061 2391 1095 2453 ia
1120 2390 1256 2471 iatigha
1272 2390 1318 2454 da

91 2502 111 2562 ii
134 2501 214 2564 aitri
238 2499 353 2580 iugita
376 2501 458 2564 nelli
483 2500 592 2581 tempi
615 2498 799 2578 prohibiti,
828 2497 987 2562 uedendo
1008 2499 1042 2561 ia
1062 2496 1204 2577 patente
1228 2497 1273 2561 de
1294 2499 1318 2562 ii

89 2608 192 2671 nostri
207 2606 230 2686 ⁸,
248 2624 317 2670 con
332 2608 414 2670 iieta
429 2606 544 2671 faccia
559 2622 624 2670 sua
639 2604 805 2685 Signoria
820 2603 921 2668 ana.
939 2605 986 2668 ha
1001 2606 1161 2686 pigiiato.
1177 2604 1313 2669 Mostra

89 2713 188 2777 ctiam
202 2714 235 2777 d’
253 2715 400 2778 hauerci
413 2713 449 2776 in
463 2712 600 2793 grande
620 2713 859 2791 estimatione,
884 2712 908 2775 ii
927 2711 982 2776 ch’
1012 2712 1048 2775 in
1073 2714 1198 2792 questo
1214 2713 1269 2775 cio
1284 2712 1316 2774 si

92 2820 289 2897 puoveder:
305 2818 435 2900 perche
462 2819 626 2883 hauendo
651 2818 723 2883 Sua
746 2817 914 2898 Signoria
930 2817 1032 2881 Rma.
1055 2818 1227 2882 instituito
1241 2835 1313 2882 uno

92 2926 232 3006 collegio
247 2927 291 2990 de
305 2926 421 2991 donne
436 2924 566 3005 uedue,
582 2925 759 2991 credendo
776 2925 825 2988 lui
839 2942 912 2989 non
927 2927 1039 3005 poter'
1057 2925 1213 2988 ritrouar
1228 2926 1316 2989 huo·

97 3031 168 3095 mini
195 3050 258 3113 per
277 3045 402 3114 questo
423 3034 543 3097 carico
568 3033 629 3113 piu
654 3031 840 3096 sufficienti
866 3032 932 3095 che
955 3031 978 3094 ii
1004 3032 1116 3095 nostri
1136 3030 1261 3111 Padri,
1292 3033 1316 3096 ii

98 3144 193 3219 prego
206 3141 303 3204 assai
317 3142 411 3204 nolte
431 3140 497 3203 che
513 3141 695 3204 uoiessero
717 3141 741 3202 il
762 3141 813 3202 tal
837 3140 981 3218 negotio
1007 3149 1177 3203 accettar.
1199 3138 1226 3202 li
1248 3141 1314 3203 che

99 3259 158 3308 non
170 3247 321 3327 potendo
337 3249 412 3311 loro
427 3247 557 3328 pigiiar
572 3264 635 3327 per
650 3249 681 3310 le
697 3256 817 3310 nostre
840 3246 1098 3324 constitutioni,
1120 3247 1150 3309 si
1172 3246 1312 3327 dolena,

100 3355 212 3429 perche
226 3356 275 3417 tal
291 3355 435 3434 negotio
449 3371 522 3418 non
536 3354 650 3418 haurd
664 3353 798 3418 hauuto
814 3353 917 3434 queii'
940 3351 1057 3416 effetto
1079 3352 1125 3416 da
1145 3351 1217 3418 Sua
1232 3353 1309 3434 Sig-

101 3461 185 3524 noria
199 3460 300 3526 Rma.
322 3462 479 3525 dessiato
500 3459 523 3524 ⁴.
545 3460 766 3524 Finaimente
781 3460 816 3523 in
832 3461 913 3524 tutti
939 3461 963 3523 ii
987 3460 1100 3523 nostri
1120 3461 1259 3539 bisogni
1281 3463 1314 3525 lo

102 3568 257 3632 trouiamo
282 3569 520 3648 paratissimo.
552 3567 629 3631 Con
653 3569 687 3630 la
718 3568 896 3631 medesma
922 3568 1061 3631 charita
1092 3577 1127 3630 et
1151 3567 1313 3631 [eruente

100 3670 306 3739 delectatione
321 3676 352 3738 si
366 3692 544 3739 recevono
557 3683 648 3738 tutte
659 3686 782 3756 queste
796 3685 915 3738 nostre
928 3675 964 3738 in
979 3674 1096 3738 Cristo
1109 3673 1315 3737 venerande

103 3781 222 3846 nadri⁸
240 3784 370 3863 perche
394 3783 521 3847 dicono
547 3782 743 3862 (credendo
767 3783 843 3845 ioro
865 3783 898 3844 la
918 3782 993 3844 vita
1018 3790 1141 3844 nostra
1169 3791 1312 3845 strettu-

107 3972 294 3988 h,

137 4096 142 4124 ¹
166 4096 204 4143 Fr.
216 4099 344 4154 aegidius
358 4098 507 4154 Fosearari,
522 4099 551 4144 0.
565 4100 596 4146 Ρ.

132 4165 141 4198 ¹
163 4171 277 4216 Andreas
288 4171 477 4227 Bonainsegna,
486 4170 598 4224 Joannes
608 4171 765 4217 Franciscus
775 4179 801 4215 et
812 4170 959 4216 Ludovicus
970 4172 1140 4215 Coloniensis.

132 4237 141 4268 ⁸
163 4240 276 4298 iureiiioee
287 4243 455 4298 Apostoiicas
464 4243 576 4296 litteras.
587 4245 679 4299 quihus
689 4245 785 4288 nostris
796 4255 947 4290 concessum
957 4255 997 4288 est
1015 4253 1091 4288 extra
1107 4253 1225 4299 tempora
1242 4242 1312 4287 ordi-

104 4314 225 4358 ⁰t⁸saeroa
235 4316 378 4369 suscipere.

133 4382 142 4413 ⁸
163 4386 224 4431 Audi
236 4394 324 4431 tamen
334 4388 474 4432 Ponascnrr
485 4388 510 4432 in
521 4387 657 4443 Chronico,
667 4399 726 4444 pag.
737 4389 773 4442 97,
784 4400 808 4432 n.
821 4389 869 4433 181.

133 4451 142 4484 ¹
164 4454 233 4503 Haud
243 4466 310 4503 satis
321 4459 456 4514 perspicue
468 4461 622 4505 vocabulum
638 4460 685 4505 hoc
700 4462 751 4514 ieri
766 4468 862 4515 potest.
874 4461 935 4515 quia
949 4459 1027 4513 diurn.
1039 4470 1088 4514 quo
1104 4466 1214 4504 consuta
1230 4461 1256 4504 in
1274 4470 1315 4503 co·

103 4520 282 4576 ditehaecioiia
294 4539 362 4585 sunt,
372 4532 494 4576 chartam
503 4530 547 4576 uhi
557 4534 714 4577 vocabulum
724 4534 772 4578 hoc
788 4534 914 4588 scriptum
929 4538 969 4577 est
985 4532 1140 4588 perforavit.
1155 4531 1205 4575 Vix
1223 4539 1311 4576 tarsen

103 4591 182 4645 dubiun
191 4614 246 4647 ease
256 4610 346 4658 potest
356 4604 417 4658 quin
427 4614 510 4648 sermo
525 4604 559 4648 sit
576 4607 607 4648 de
624 4606 664 4650 hir
676 4606 811 4659 matronis,
829 4604 982 4650 Constantia
1001 4604 1171 4657 Paliavicina,
1184 4603 1312 4659 Hierony·

104 4674 135 4710 ¹⁰¹
142 4669 256 4730 Peaaana,
269 4684 330 4729 etc„
340 4686 407 4730 quae
418 4673 569 4720 Mutinensis
579 4676 691 4732 Coiiepii
701 4678 860 4733 praecipuae
872 4678 999 4722 fautrices
1009 4683 1096 4721 erant.
