<?xml version="1.0" encoding="UTF-8"?>
<!DOCTYPE html PUBLIC "-//W3C//DTD XHTML 1.0 Transitional//EN"
    "http://www.w3.org/TR/xhtml1/DTD/xhtml1-transitional.dtd">
<html xmlns="http://www.w3.org/1999/xhtml" xml:lang="en" lang="en">
 <head>
  <title>
</title>
<meta http-equiv="Content-Type" content="text/html;charset=utf-8" />
  <meta name='ocr-system' content='tesseract 3.04.00' />
  <meta name='ocr-capabilities' content='ocr_page ocr_carea ocr_par ocr_line ocrx_word'/>
</head>
<body>
  <div class='ocr_page' id='page_1' title='image "./litteraequadrim02jesugoog_0294.png"; bbox 0 0 3210 5392; ppageno 0'>
   <div class='ocr_carea' id='block_1_1' title="bbox 629 1096 838 1183">
    <p class='ocr_par' dir='ltr' id='par_1_1' title="bbox 629 1096 838 1183">
     <span class='ocr_line' id='line_1_1' title="bbox 629 1096 838 1183; baseline -0.019 -1"><span class='ocrx_word' id='word_1_1' title='bbox 629 1096 838 1183; x_wconf 80' lang='lat' dir='ltr'>OGOLIV</span> 
     </span>
    </p>
   </div>
   <div class='ocr_carea' id='block_1_2' title="bbox 164 1432 1050 1813">
    <p class='ocr_par' dir='ltr' id='par_1_2' title="bbox 164 1432 1050 1813">
     <span class='ocr_line' id='line_1_2' title="bbox 164 1432 564 1522; baseline 0.02 -24"><span class='ocrx_word' id='word_1_2' title='bbox 164 1432 368 1506; x_wconf 87' lang='lat' dir='ltr'>Edmundus</span> <span class='ocrx_word' id='word_1_3' title='bbox 382 1446 564 1522; x_wconf 81' lang='lat' dir='ltr'>AugeriuS,</span> 
     </span>
     <span class='ocr_line' id='line_1_3' title="bbox 211 1541 1050 1612; baseline 0.002 -10"><span class='ocrx_word' id='word_1_4' title='bbox 211 1541 266 1602; x_wconf 79' lang='lat' dir='ltr'>Ex</span> <span class='ocrx_word' id='word_1_5' title='bbox 278 1545 520 1604; x_wconf 82' lang='lat' dir='ltr'>commissione</span> <span class='ocrx_word' id='word_1_6' title='bbox 535 1545 644 1605; x_wconf 86' lang='lat' dir='ltr'>Patris</span> <span class='ocrx_word' id='word_1_7' title='bbox 659 1544 822 1605; x_wconf 88' lang='lat' dir='ltr'>Everardi</span> <span class='ocrx_word' id='word_1_8' title='bbox 836 1545 1050 1612; x_wconf 87' lang='lat' dir='ltr'>Mercuriani,</span> 
     </span>
     <span class='ocr_line' id='line_1_4' title="bbox 248 1642 691 1718; baseline 0.002 -18"><span class='ocrx_word' id='word_1_9' title='bbox 248 1642 340 1702; x_wconf 86' lang='lat' dir='ltr'>Patri</span> <span class='ocrx_word' id='word_1_10' title='bbox 356 1644 483 1718; x_wconf 84' lang='lat' dir='ltr'>ignatio</span> <span class='ocrx_word' id='word_1_11' title='bbox 496 1644 538 1702; x_wconf 89' lang='lat' dir='ltr'>de</span> <span class='ocrx_word' id='word_1_12' title='bbox 551 1644 691 1718; x_wconf 87' lang='lat' dir='ltr'>Loyola.</span> 
     </span>
     <span class='ocr_line' id='line_1_5' title="bbox 284 1738 773 1813; baseline -0.002 -15"><span class='ocrx_word' id='word_1_13' title='bbox 284 1738 434 1813; x_wconf 83' lang='lat' dir='ltr'>Petusio,</span> <span class='ocrx_word' id='word_1_14' title='bbox 449 1741 467 1798; x_wconf 87' lang='grc'>4</span> <span class='ocrx_word' id='word_1_15' title='bbox 480 1740 655 1800; x_wconf 88' lang='lat' dir='ltr'>Februarii</span> <span class='ocrx_word' id='word_1_16' title='bbox 671 1742 773 1802; x_wconf 72' lang='lat'><strong>15551.</strong></span> 
     </span>
    </p>
   </div>
   <div class='ocr_carea' id='block_1_3' title="bbox 700 1976 774 2092">
    <p class='ocr_par' dir='ltr' id='par_1_3' title="bbox 700 1976 774 2092">
     <span class='ocr_line' id='line_1_6' title="bbox 700 1976 774 2092; baseline 0.014 -1"><span class='ocrx_word' id='word_1_17' title='bbox 700 1976 774 2092; x_wconf 69' lang='lat' dir='ltr'>ilis</span> 
     </span>
    </p>
   </div>
   <div class='ocr_carea' id='block_1_4' title="bbox 53 2260 1362 3948">
    <p class='ocr_par' dir='ltr' id='par_1_4' title="bbox 165 2260 494 2333">
     <span class='ocr_line' id='line_1_7' title="bbox 165 2260 494 2333; baseline 0 -6"><span class='ocrx_word' id='word_1_18' title='bbox 165 2260 259 2333; x_wconf 82' lang='lat' dir='ltr'>Pax</span> <span class='ocrx_word' id='word_1_19' title='bbox 275 2268 413 2332; x_wconf 79' lang='lat' dir='ltr'>Christi</span> <span class='ocrx_word' id='word_1_20' title='bbox 428 2278 494 2332; x_wconf 91' lang='lat' dir='ltr'>etc.</span> 
     </span>
    </p>

    <p class='ocr_par' dir='ltr' id='par_1_5' title="bbox 53 2374 1359 3415">
     <span class='ocr_line' id='line_1_8' title="bbox 167 2374 1354 2455; baseline 0.002 -18"><span class='ocrx_word' id='word_1_21' title='bbox 167 2375 376 2455; x_wconf 75' lang='lat' dir='ltr'><em>Quoniam,</em></span> <span class='ocrx_word' id='word_1_22' title='bbox 395 2375 502 2438; x_wconf 82' lang='lat' dir='ltr'>Pater·</span> <span class='ocrx_word' id='word_1_23' title='bbox 524 2376 558 2438; x_wconf 92' lang='lat' dir='ltr'>in</span> <span class='ocrx_word' id='word_1_24' title='bbox 579 2374 721 2438; x_wconf 85' lang='lat' dir='ltr'>Christo</span> <span class='ocrx_word' id='word_1_25' title='bbox 741 2377 979 2453; x_wconf 87' lang='lat' dir='ltr'>obseruande,</span> <span class='ocrx_word' id='word_1_26' title='bbox 1006 2376 1114 2438; x_wconf 65' lang='lat' dir='ltr'>Iturius</span> <span class='ocrx_word' id='word_1_27' title='bbox 1139 2377 1354 2439; x_wconf 72' lang='lat' dir='ltr'><strong>narrationis</strong></span> 
     </span>
     <span class='ocr_line' id='line_1_9' title="bbox 61 2460 1356 2562; baseline 0.005 -23"><span class='ocrx_word' id='word_1_28' title='bbox 61 2460 192 2539; x_wconf 62' lang='lat' dir='ltr'>tale</span> <span class='ocrx_word' id='word_1_29' title='bbox 214 2482 426 2545; x_wconf 75' lang='lat' dir='ltr'>ritstt&#39;tutum</span> <span class='ocrx_word' id='word_1_30' title='bbox 447 2499 525 2544; x_wconf 84' lang='lat' dir='ltr'>esse</span> <span class='ocrx_word' id='word_1_31' title='bbox 545 2481 709 2559; x_wconf 76' lang='lat' dir='ltr'>uoluisti,</span> <span class='ocrx_word' id='word_1_32' title='bbox 728 2488 768 2545; x_wconf 84' lang='lat' dir='ltr'>ut</span> <span class='ocrx_word' id='word_1_33' title='bbox 784 2482 899 2546; x_wconf 72' lang='lat' dir='ltr'>miella</span> <span class='ocrx_word' id='word_1_34' title='bbox 915 2483 1044 2562; x_wconf 79' lang='lat' dir='ltr'><em>paucis</em></span> <span class='ocrx_word' id='word_1_35' title='bbox 1065 2482 1356 2562; x_wconf 79' lang='lat' dir='ltr'><em>complectamur,</em></span> 
     </span>
     <span class='ocr_line' id='line_1_10' title="bbox 58 2574 1355 2668; baseline 0.002 -19"><span class='ocrx_word' id='word_1_36' title='bbox 58 2574 227 2651; x_wconf 69' lang='lat' dir='ltr'>&#39;¹¹er</span> <span class='ocrx_word' id='word_1_37' title='bbox 241 2605 297 2651; x_wconf 79' lang='lat' dir='ltr'>me</span> <span class='ocrx_word' id='word_1_38' title='bbox 312 2605 384 2650; x_wconf 87' lang='lat' dir='ltr'>non</span> <span class='ocrx_word' id='word_1_39' title='bbox 399 2594 475 2651; x_wconf 86' lang='lat' dir='ltr'>tam</span> <span class='ocrx_word' id='word_1_40' title='bbox 487 2588 601 2667; x_wconf 74' lang='lat' dir='ltr'>coptu,</span> <span class='ocrx_word' id='word_1_41' title='bbox 617 2606 724 2668; x_wconf 70' lang='lat' dir='ltr'>qulam</span> <span class='ocrx_word' id='word_1_42' title='bbox 738 2590 841 2652; x_wconf 83' lang='lat' dir='ltr'>modo</span> <span class='ocrx_word' id='word_1_43' title='bbox 857 2589 1036 2667; x_wconf 78' lang='lat' dir='ltr'><em>indigere:</em></span> <span class='ocrx_word' id='word_1_44' title='bbox 1048 2606 1115 2668; x_wconf 87' lang='lat' dir='ltr'>quo</span> <span class='ocrx_word' id='word_1_45' title='bbox 1131 2590 1279 2651; x_wconf 80' lang='lat' dir='ltr'>tametsi</span> <span class='ocrx_word' id='word_1_46' title='bbox 1286 2590 1355 2651; x_wconf 84' lang='lat' dir='ltr'>sim</span> 
     </span>
     <span class='ocr_line' id='line_1_11' title="bbox 53 2678 1355 2775; baseline 0.005 -24"><span class='ocrx_word' id='word_1_47' title='bbox 53 2678 298 2758; x_wconf 64' lang='lat' dir='ltr'>prorsum</span> <span class='ocrx_word' id='word_1_48' title='bbox 320 2694 536 2772; x_wconf 67' lang='lat' dir='ltr'>destitutae,</span> <span class='ocrx_word' id='word_1_49' title='bbox 560 2695 643 2757; x_wconf 80' lang='lat' dir='ltr'>t&#39;nde</span> <span class='ocrx_word' id='word_1_50' title='bbox 662 2701 781 2758; x_wconf 84' lang='lat' dir='ltr'>tumen</span> <span class='ocrx_word' id='word_1_51' title='bbox 797 2695 923 2758; x_wconf 80' lang='lat' dir='ltr'>ordiar</span> <span class='ocrx_word' id='word_1_52' title='bbox 944 2696 1036 2758; x_wconf 82' lang='lat' dir='ltr'>vnde</span> <span class='ocrx_word' id='word_1_53' title='bbox 1051 2694 1156 2758; x_wconf 86' lang='lat' dir='ltr'>finem</span> <span class='ocrx_word' id='word_1_54' title='bbox 1177 2706 1355 2775; x_wconf 85' lang='lat' dir='ltr'>postremo</span> 
     </span>
     <span class='ocr_line' id='line_1_12' title="bbox 58 2794 1358 2882; baseline 0.001 -19"><span class='ocrx_word' id='word_1_55' title='bbox 58 2794 391 2881; x_wconf 63' lang='lat' dir='ltr'>Slltnpseramus</span> <span class='ocrx_word' id='word_1_56' title='bbox 412 2800 436 2860; x_wconf 86' lang='lat'>¹.</span> <span class='ocrx_word' id='word_1_57' title='bbox 458 2801 552 2863; x_wconf 86' lang='lat' dir='ltr'>Nam</span> <span class='ocrx_word' id='word_1_58' title='bbox 572 2802 727 2865; x_wconf 89' lang='lat' dir='ltr'>omnium</span> <span class='ocrx_word' id='word_1_59' title='bbox 746 2802 896 2864; x_wconf 84' lang='lat' dir='ltr'>fratrum</span> <span class='ocrx_word' id='word_1_60' title='bbox 916 2801 1025 2865; x_wconf 87' lang='lat' dir='ltr'>animi</span> <span class='ocrx_word' id='word_1_61' title='bbox 1041 2802 1156 2882; x_wconf 82' lang='lat' dir='ltr'>magis</span> <span class='ocrx_word' id='word_1_62' title='bbox 1176 2820 1219 2865; x_wconf 86' lang='lat' dir='ltr'>ac</span> <span class='ocrx_word' id='word_1_63' title='bbox 1241 2804 1358 2881; x_wconf 83' lang='lat' dir='ltr'>magis</span> 
     </span>
     <span class='ocr_line' id='line_1_13' title="bbox 59 2892 1357 2989; baseline 0 -17"><span class='ocrx_word' id='word_1_64' title='bbox 59 2892 297 2973; x_wconf 66' lang='lat' dir='ltr'>uirtutum</span> <span class='ocrx_word' id='word_1_65' title='bbox 311 2906 429 2971; x_wconf 89' lang='lat' dir='ltr'>studio</span> <span class='ocrx_word' id='word_1_66' title='bbox 443 2908 606 2973; x_wconf 88' lang='lat' dir='ltr'>roborari</span> <span class='ocrx_word' id='word_1_67' title='bbox 622 2909 797 2972; x_wconf 89' lang='lat' dir='ltr'>uidentur:</span> <span class='ocrx_word' id='word_1_68' title='bbox 814 2926 927 2989; x_wconf 88' lang='lat' dir='ltr'>neque</span> <span class='ocrx_word' id='word_1_69' title='bbox 942 2926 1028 2971; x_wconf 89' lang='lat' dir='ltr'>uero</span> <span class='ocrx_word' id='word_1_70' title='bbox 1044 2910 1090 2972; x_wconf 85' lang='lat' dir='ltr'>ud</span> <span class='ocrx_word' id='word_1_71' title='bbox 1104 2909 1171 2972; x_wconf 91' lang='lat' dir='ltr'>hoc</span> <span class='ocrx_word' id='word_1_72' title='bbox 1187 2909 1312 2972; x_wconf 89' lang='lat' dir='ltr'>modus</span> <span class='ocrx_word' id='word_1_73' title='bbox 1323 2920 1357 2972; x_wconf 93' lang='lat' dir='ltr'>et</span> 
     </span>
     <span class='ocr_line' id='line_1_14' title="bbox 63 3009 1357 3094; baseline 0.002 -18"><span class='ocrx_word' id='word_1_74' title='bbox 63 3009 392 3094; x_wconf 67' lang='lat' dir='ltr'>compendiaria</span> <span class='ocrx_word' id='word_1_75' title='bbox 404 3013 580 3094; x_wconf 87' lang='lat' dir='ltr'>quaedam</span> <span class='ocrx_word' id='word_1_76' title='bbox 591 3015 650 3078; x_wconf 86' lang='lat' dir='ltr'>uia</span> <span class='ocrx_word' id='word_1_77' title='bbox 662 3015 770 3079; x_wconf 84' lang='lat' dir='ltr'>deest.</span> <span class='ocrx_word' id='word_1_78' title='bbox 781 3015 927 3079; x_wconf 85' lang='lat' dir='ltr'>Praeter</span> <span class='ocrx_word' id='word_1_79' title='bbox 936 3016 1029 3079; x_wconf 90' lang='lat' dir='ltr'>enim</span> <span class='ocrx_word' id='word_1_80' title='bbox 1040 3015 1184 3078; x_wconf 88' lang='lat' dir='ltr'>solitam</span> <span class='ocrx_word' id='word_1_81' title='bbox 1197 3016 1357 3078; x_wconf 87' lang='lat' dir='ltr'>laborum</span> 
     </span>
     <span class='ocr_line' id='line_1_15' title="bbox 69 3114 1357 3202; baseline 0.006 -25"><span class='ocrx_word' id='word_1_82' title='bbox 69 3114 419 3199; x_wconf 76' lang='lat' dir='ltr'>magnitudinem,</span> <span class='ocrx_word' id='word_1_83' title='bbox 437 3120 610 3183; x_wconf 91' lang='lat' dir='ltr'>accedunt</span> <span class='ocrx_word' id='word_1_84' title='bbox 632 3132 666 3185; x_wconf 93' lang='lat' dir='ltr'>et</span> <span class='ocrx_word' id='word_1_85' title='bbox 690 3139 785 3185; x_wconf 91' lang='lat' dir='ltr'>noua</span> <span class='ocrx_word' id='word_1_86' title='bbox 805 3122 961 3202; x_wconf 87' lang='lat' dir='ltr'>quotidie</span> <span class='ocrx_word' id='word_1_87' title='bbox 981 3121 1187 3199; x_wconf 87' lang='lat' dir='ltr'>certamina,</span> <span class='ocrx_word' id='word_1_88' title='bbox 1204 3121 1357 3185; x_wconf 83' lang='lat' dir='ltr'>fortasse</span> 
     </span>
     <span class='ocr_line' id='line_1_16' title="bbox 76 3205 1359 3306; baseline 0.002 -17"><span class='ocrx_word' id='word_1_89' title='bbox 76 3205 367 3306; x_wconf 67' lang='lat' dir='ltr'>inexpectata,</span> <span class='ocrx_word' id='word_1_90' title='bbox 386 3227 613 3291; x_wconf 89' lang='lat' dir='ltr'>nihilominus</span> <span class='ocrx_word' id='word_1_91' title='bbox 626 3237 744 3290; x_wconf 91' lang='lat' dir='ltr'>tamen</span> <span class='ocrx_word' id='word_1_92' title='bbox 759 3228 975 3306; x_wconf 77' lang='lat' dir='ltr'>gratissima.</span> <span class='ocrx_word' id='word_1_93' title='bbox 990 3227 1193 3291; x_wconf 89' lang='lat' dir='ltr'>Studiorum</span> <span class='ocrx_word' id='word_1_94' title='bbox 1204 3228 1296 3292; x_wconf 91' lang='lat' dir='ltr'>ratio</span> <span class='ocrx_word' id='word_1_95' title='bbox 1307 3229 1359 3292; x_wconf 91' lang='lat' dir='ltr'>sic</span> 
     </span>
     <span class='ocr_line' id='line_1_17' title="bbox 82 3330 1358 3415; baseline 0.002 -18"><span class='ocrx_word' id='word_1_96' title='bbox 82 3330 381 3412; x_wconf 69' lang='lat' dir='ltr'>Propemodum</span> <span class='ocrx_word' id='word_1_97' title='bbox 398 3350 436 3396; x_wconf 89' lang='lat' dir='ltr'>se</span> <span class='ocrx_word' id='word_1_98' title='bbox 451 3334 567 3408; x_wconf 89' lang='lat' dir='ltr'>habet,</span> <span class='ocrx_word' id='word_1_99' title='bbox 585 3342 624 3396; x_wconf 88' lang='lat' dir='ltr'>vt</span> <span class='ocrx_word' id='word_1_100' title='bbox 639 3346 889 3415; x_wconf 87' lang='lat' dir='ltr'>praeceptores</span> <span class='ocrx_word' id='word_1_101' title='bbox 904 3335 1076 3414; x_wconf 91' lang='lat' dir='ltr'>reliquum</span> <span class='ocrx_word' id='word_1_102' title='bbox 1093 3353 1113 3397; x_wconf 92' lang='lat' dir='ltr'>a</span> <span class='ocrx_word' id='word_1_103' title='bbox 1128 3335 1260 3398; x_wconf 86' lang='lat' dir='ltr'>scholis</span> <span class='ocrx_word' id='word_1_104' title='bbox 1275 3347 1358 3399; x_wconf 90' lang='lat' dir='ltr'>tem-</span> 
     </span>
    </p>

    <p class='ocr_par' dir='ltr' id='par_1_6' title="bbox 92 3435 1357 3628">
     <span class='ocr_line' id='line_1_18' title="bbox 92 3435 1357 3522; baseline 0.002 -19"><span class='ocrx_word' id='word_1_105' title='bbox 92 3435 213 3515; x_wconf 70' lang='lat' dir='ltr'>DUS,</span> <span class='ocrx_word' id='word_1_106' title='bbox 232 3441 371 3520; x_wconf 81' lang='lat' dir='ltr'>graecis</span> <span class='ocrx_word' id='word_1_107' title='bbox 390 3438 502 3503; x_wconf 81' lang='lat' dir='ltr'>ferme</span> <span class='ocrx_word' id='word_1_108' title='bbox 522 3440 634 3503; x_wconf 89' lang='lat' dir='ltr'>literis</span> <span class='ocrx_word' id='word_1_109' title='bbox 653 3440 868 3519; x_wconf 89' lang='lat' dir='ltr'>impendant.</span> <span class='ocrx_word' id='word_1_110' title='bbox 891 3439 1032 3505; x_wconf 86' lang='lat' dir='ltr'>Caeteri</span> <span class='ocrx_word' id='word_1_111' title='bbox 1049 3441 1217 3505; x_wconf 82' lang='lat' dir='ltr'>inferiora</span> <span class='ocrx_word' id='word_1_112' title='bbox 1238 3452 1271 3505; x_wconf 90' lang='lat' dir='ltr'>et</span> <span class='ocrx_word' id='word_1_113' title='bbox 1292 3459 1357 3522; x_wconf 92' lang='lat' dir='ltr'>pro</span> 
     </span>
     <span class='ocr_line' id='line_1_19' title="bbox 101 3540 623 3628; baseline 0.013 -25"><span class='ocrx_word' id='word_1_114' title='bbox 101 3540 198 3603; x_wconf 76' lang='lat' dir='ltr'>Sua</span> <span class='ocrx_word' id='word_1_115' title='bbox 215 3547 355 3628; x_wconf 87' lang='lat' dir='ltr'>quisque</span> <span class='ocrx_word' id='word_1_116' title='bbox 371 3547 466 3610; x_wconf 91' lang='lat' dir='ltr'>uirili</span> <span class='ocrx_word' id='word_1_117' title='bbox 481 3555 623 3610; x_wconf 87' lang='lat' dir='ltr'>tractat.</span> 
     </span>
    </p>

    <p class='ocr_par' dir='ltr' id='par_1_7' title="bbox 105 3645 1362 3948">
     <span class='ocr_line' id='line_1_20' title="bbox 187 3645 1357 3735; baseline 0 -18"><span class='ocrx_word' id='word_1_118' title='bbox 187 3645 346 3717; x_wconf 77' lang='lat' dir='ltr'>Numero</span> <span class='ocrx_word' id='word_1_119' title='bbox 362 3653 466 3716; x_wconf 87' lang='lat' dir='ltr'>solito</span> <span class='ocrx_word' id='word_1_120' title='bbox 481 3655 632 3717; x_wconf 86' lang='lat' dir='ltr'>accessit</span> <span class='ocrx_word' id='word_1_121' title='bbox 647 3655 849 3735; x_wconf 85' lang='lat' dir='ltr'>nuperrime</span> <span class='ocrx_word' id='word_1_122' title='bbox 868 3656 1076 3719; x_wconf 87' lang='lat' dir='ltr'>adolescens</span> <span class='ocrx_word' id='word_1_123' title='bbox 1095 3655 1239 3735; x_wconf 90' lang='lat' dir='ltr'>quidam</span> <span class='ocrx_word' id='word_1_124' title='bbox 1257 3672 1357 3735; x_wconf 91' lang='lat' dir='ltr'>peru-</span> 
     </span>
     <span class='ocr_line' id='line_1_21' title="bbox 108 3739 1362 3842; baseline 0.002 -21"><span class='ocrx_word' id='word_1_125' title='bbox 108 3739 247 3834; x_wconf 68' lang='lat' dir='ltr'>Sinus,</span> <span class='ocrx_word' id='word_1_126' title='bbox 267 3769 302 3824; x_wconf 90' lang='lat' dir='ltr'>et</span> <span class='ocrx_word' id='word_1_127' title='bbox 327 3760 421 3822; x_wconf 84' lang='lat' dir='ltr'>uitae</span> <span class='ocrx_word' id='word_1_128' title='bbox 448 3760 639 3840; x_wconf 83' lang='lat' dir='ltr'>probitate,</span> <span class='ocrx_word' id='word_1_129' title='bbox 667 3772 701 3824; x_wconf 90' lang='lat' dir='ltr'>et</span> <span class='ocrx_word' id='word_1_130' title='bbox 725 3771 873 3824; x_wconf 87' lang='lat' dir='ltr'>naturae</span> <span class='ocrx_word' id='word_1_131' title='bbox 892 3762 1017 3842; x_wconf 89' lang='lat' dir='ltr'>opibus</span> <span class='ocrx_word' id='word_1_132' title='bbox 1038 3779 1109 3825; x_wconf 90' lang='lat' dir='ltr'>non</span> <span class='ocrx_word' id='word_1_133' title='bbox 1133 3761 1362 3825; x_wconf 86' lang='lat' dir='ltr'>mediocriter</span> 
     </span>
     <span class='ocr_line' id='line_1_22' title="bbox 105 3858 1359 3948; baseline 0.004 -23"><span class='ocrx_word' id='word_1_134' title='bbox 105 3858 332 3930; x_wconf 64' lang='lat' dir='ltr'>Spectabilis</span> <span class='ocrx_word' id='word_1_135' title='bbox 346 3865 369 3926; x_wconf 76' lang='lat'>⁸.</span> <span class='ocrx_word' id='word_1_136' title='bbox 385 3865 489 3929; x_wconf 92' lang='lat' dir='ltr'>Hunc</span> <span class='ocrx_word' id='word_1_137' title='bbox 505 3879 543 3930; x_wconf 90' lang='lat' dir='ltr'>ut</span> <span class='ocrx_word' id='word_1_138' title='bbox 554 3867 652 3931; x_wconf 92' lang='lat' dir='ltr'>Deus</span> <span class='ocrx_word' id='word_1_139' title='bbox 665 3868 856 3948; x_wconf 87' lang='lat' dir='ltr'>pelliceret,</span> <span class='ocrx_word' id='word_1_140' title='bbox 873 3870 969 3931; x_wconf 86' lang='lat' dir='ltr'>nulla</span> <span class='ocrx_word' id='word_1_141' title='bbox 984 3869 1099 3948; x_wconf 86' lang='lat' dir='ltr'>magis</span> <span class='ocrx_word' id='word_1_142' title='bbox 1115 3868 1236 3930; x_wconf 85' lang='lat' dir='ltr'>aliare</span> <span class='ocrx_word' id='word_1_143' title='bbox 1251 3885 1359 3948; x_wconf 88' lang='lat' dir='ltr'>quam</span> 
     </span>
    </p>
   </div>
   <div class='ocr_carea' id='block_1_5' title="bbox 100 4023 145 4037">
    <p class='ocr_par' dir='ltr' id='par_1_8' title="bbox 100 4023 145 4037">
     <span class='ocr_line' id='line_1_23' title="bbox 100 4023 145 4037; baseline 0.044 -2"><span class='ocrx_word' id='word_1_144' title='bbox 100 4023 145 4037; x_wconf 34' lang='grc'>8--</span> 
     </span>
    </p>
   </div>
   <div class='ocr_carea' id='block_1_6' title="bbox 151 4035 327 4061">
    <p class='ocr_par' dir='ltr' id='par_1_9' title="bbox 151 4035 327 4061">
     <span class='ocr_line' id='line_1_24' title="bbox 151 4035 327 4061; baseline 0 0"><span class='ocrx_word' id='word_1_145' title='bbox 151 4035 327 4061; x_wconf 35' lang='grc' dir='ltr'>κὴ,-</span> 
     </span>
    </p>
   </div>
   <div class='ocr_carea' id='block_1_7' title="bbox 95 4121 1364 4696">
    <p class='ocr_par' dir='ltr' id='par_1_10' title="bbox 95 4121 1364 4696">
     <span class='ocr_line' id='line_1_25' title="bbox 139 4121 1361 4198; baseline 0.002 -12"><span class='ocrx_word' id='word_1_146' title='bbox 139 4121 161 4155; x_wconf 70' lang='lat'><strong>¹</strong></span> <span class='ocrx_word' id='word_1_147' title='bbox 217 4141 407 4198; x_wconf 66' lang='lat' dir='ltr'>autographae,</span> <span class='ocrx_word' id='word_1_148' title='bbox 418 4148 492 4187; x_wconf 78' lang='lat' dir='ltr'>totae</span> <span class='ocrx_word' id='word_1_149' title='bbox 507 4154 584 4187; x_wconf 80' lang='lat' dir='ltr'>manu</span> <span class='ocrx_word' id='word_1_150' title='bbox 594 4142 722 4188; x_wconf 85' lang='lat' dir='ltr'>Edmundi</span> <span class='ocrx_word' id='word_1_151' title='bbox 734 4144 851 4198; x_wconf 76' lang='lat' dir='ltr'>Augeril,</span> <span class='ocrx_word' id='word_1_152' title='bbox 861 4145 886 4188; x_wconf 91' lang='lat' dir='ltr'>in</span> <span class='ocrx_word' id='word_1_153' title='bbox 897 4144 958 4188; x_wconf 87' lang='lat' dir='ltr'>iollo</span> <span class='ocrx_word' id='word_1_154' title='bbox 973 4144 1079 4197; x_wconf 86' lang='lat' dir='ltr'>duplici,</span> <span class='ocrx_word' id='word_1_155' title='bbox 1091 4155 1132 4187; x_wconf 90' lang='lat' dir='ltr'>nn.</span> <span class='ocrx_word' id='word_1_156' title='bbox 1142 4144 1169 4187; x_wconf 85' lang='lat'>56</span> <span class='ocrx_word' id='word_1_157' title='bbox 1182 4152 1207 4186; x_wconf 87' lang='lat' dir='ltr'>et</span> <span class='ocrx_word' id='word_1_158' title='bbox 1218 4143 1311 4187; x_wconf 86' lang='lat' dir='ltr'>57.-ln</span> <span class='ocrx_word' id='word_1_159' title='bbox 1322 4145 1361 4188; x_wconf 86' lang='lat' dir='ltr'>eis</span> 
     </span>
     <span class='ocr_line' id='line_1_26' title="bbox 95 4195 1362 4270; baseline 0.004 -15"><span class='ocrx_word' id='word_1_160' title='bbox 95 4195 166 4238; x_wconf 78' lang='lat'>&#39;¹⁰¹²</span> <span class='ocrx_word' id='word_1_161' title='bbox 171 4212 253 4257; x_wconf 71' lang='lat' dir='ltr'>nulla</span> <span class='ocrx_word' id='word_1_162' title='bbox 262 4215 360 4259; x_wconf 82' lang='lat' dir='ltr'>delevit</span> <span class='ocrx_word' id='word_1_163' title='bbox 370 4216 509 4267; x_wconf 77' lang='lat' dir='ltr'>Polaticus,</span> <span class='ocrx_word' id='word_1_164' title='bbox 520 4215 622 4270; x_wconf 87' lang='lat' dir='ltr'>quaein</span> <span class='ocrx_word' id='word_1_165' title='bbox 633 4222 707 4259; x_wconf 84' lang='lat' dir='ltr'>textu</span> <span class='ocrx_word' id='word_1_166' title='bbox 717 4216 813 4259; x_wconf 78' lang='lat' dir='ltr'>italicis</span> <span class='ocrx_word' id='word_1_167' title='bbox 822 4216 1020 4260; x_wconf 77' lang='lat' dir='ltr'>characteribus</span> <span class='ocrx_word' id='word_1_168' title='bbox 1035 4215 1157 4260; x_wconf 82' lang='lat' dir='ltr'>distincta</span> <span class='ocrx_word' id='word_1_169' title='bbox 1172 4216 1295 4269; x_wconf 71' lang='lat' dir='ltr'>reperies,</span> <span class='ocrx_word' id='word_1_170' title='bbox 1308 4217 1362 4260; x_wconf 84' lang='lat' dir='ltr'>alia</span> 
     </span>
     <span class='ocr_line' id='line_1_27' title="bbox 95 4267 1362 4342; baseline 0.002 -14"><span class='ocrx_word' id='word_1_171' title='bbox 95 4267 204 4335; x_wconf 38' lang='lat'>&#39;3⁵0</span> <span class='ocrx_word' id='word_1_172' title='bbox 213 4287 361 4337; x_wconf 80' lang='lat' dir='ltr'>emendavit,</span> <span class='ocrx_word' id='word_1_173' title='bbox 372 4297 439 4341; x_wconf 78' lang='lat' dir='ltr'>quae</span> <span class='ocrx_word' id='word_1_174' title='bbox 450 4286 484 4330; x_wconf 88' lang='lat' dir='ltr'>ad</span> <span class='ocrx_word' id='word_1_175' title='bbox 493 4287 604 4341; x_wconf 69' lang='lat' dir='ltr'>paginae</span> <span class='ocrx_word' id='word_1_176' title='bbox 614 4288 712 4331; x_wconf 86' lang='lat' dir='ltr'>calcem</span> <span class='ocrx_word' id='word_1_177' title='bbox 722 4296 769 4342; x_wconf 89' lang='lat' dir='ltr'>pro</span> <span class='ocrx_word' id='word_1_178' title='bbox 780 4298 850 4330; x_wconf 87' lang='lat' dir='ltr'>more</span> <span class='ocrx_word' id='word_1_179' title='bbox 865 4295 954 4331; x_wconf 85' lang='lat' dir='ltr'>nostro</span> <span class='ocrx_word' id='word_1_180' title='bbox 964 4288 1153 4331; x_wconf 76' lang='lat' dir='ltr'>adnotabimus.</span> <span class='ocrx_word' id='word_1_181' title='bbox 1168 4287 1269 4331; x_wconf 84' lang='lat' dir='ltr'>Harum</span> <span class='ocrx_word' id='word_1_182' title='bbox 1285 4299 1362 4342; x_wconf 87' lang='lat' dir='ltr'>porro</span> 
     </span>
     <span class='ocr_line' id='line_1_28' title="bbox 98 4332 1362 4450; baseline 0.002 -49"><span class='ocrx_word' id='word_1_183' title='bbox 98 4332 279 4450; x_wconf 39' lang='lat' dir='ltr'>:ftumin</span> <span class='ocrx_word' id='word_1_184' title='bbox 288 4359 327 4402; x_wconf 85' lang='lat' dir='ltr'>ita</span> <span class='ocrx_word' id='word_1_185' title='bbox 339 4357 539 4401; x_wconf 78' lang='lat' dir='ltr'>emendaturum</span> <span class='ocrx_word' id='word_1_186' title='bbox 554 4358 604 4402; x_wconf 88' lang='lat' dir='ltr'>duo</span> <span class='ocrx_word' id='word_1_187' title='bbox 613 4358 767 4413; x_wconf 70' lang='lat' dir='ltr'>apographa</span> <span class='ocrx_word' id='word_1_188' title='bbox 782 4364 882 4407; x_wconf 83' lang='lat' dir='ltr'>extant.</span> <span class='ocrx_word' id='word_1_189' title='bbox 896 4358 968 4412; x_wconf 80' lang='lat' dir='ltr'>prius</span> <span class='ocrx_word' id='word_1_190' title='bbox 982 4368 1019 4401; x_wconf 84' lang='lat' dir='ltr'>oc.</span> <span class='ocrx_word' id='word_1_191' title='bbox 1033 4358 1059 4401; x_wconf 88' lang='lat' dir='ltr'>in</span> <span class='ocrx_word' id='word_1_192' title='bbox 1070 4358 1113 4401; x_wconf 82' lang='lat' dir='ltr'>fol.</span> <span class='ocrx_word' id='word_1_193' title='bbox 1123 4358 1151 4402; x_wconf 79' lang='lat'>62</span> <span class='ocrx_word' id='word_1_194' title='bbox 1160 4366 1186 4402; x_wconf 84' lang='lat' dir='ltr'>et</span> <span class='ocrx_word' id='word_1_195' title='bbox 1200 4359 1235 4411; x_wconf 70' lang='lat'>63,</span> <span class='ocrx_word' id='word_1_196' title='bbox 1250 4360 1362 4403; x_wconf 82' lang='lat' dir='ltr'>alterum</span> 
     </span>
     <span class='ocr_line' id='line_1_29' title="bbox 166 4421 250 4470; baseline 0 -12"><span class='ocrx_word' id='word_1_197' title='bbox 166 4421 250 4470; x_wconf 65' lang='grc' dir='ltr'>0ιῶ</span> 
     </span>
     <span class='ocr_line' id='line_1_30' title="bbox 155 4475 1364 4555; baseline 0.002 -13"><span class='ocrx_word' id='word_1_198' title='bbox 155 4475 183 4511; x_wconf 63' lang='grc'><strong>“</strong></span> <span class='ocrx_word' id='word_1_199' title='bbox 219 4492 281 4544; x_wconf 73' lang='lat' dir='ltr'>Haec</span> <span class='ocrx_word' id='word_1_200' title='bbox 290 4499 329 4544; x_wconf 74' lang='lat' dir='ltr'>ita</span> <span class='ocrx_word' id='word_1_201' title='bbox 338 4501 483 4555; x_wconf 76' lang='lat' dir='ltr'>composuit</span> <span class='ocrx_word' id='word_1_202' title='bbox 493 4500 628 4544; x_wconf 82' lang='lat' dir='ltr'>Polancua:</span> <span class='ocrx_word' id='word_1_203' title='bbox 641 4500 673 4544; x_wconf 82' lang='lat' dir='ltr'>ut</span> <span class='ocrx_word' id='word_1_204' title='bbox 681 4502 754 4554; x_wconf 78' lang='lat' dir='ltr'>inde,</span> <span class='ocrx_word' id='word_1_205' title='bbox 764 4502 844 4544; x_wconf 78' lang='lat' dir='ltr'>Pater</span> <span class='ocrx_word' id='word_1_206' title='bbox 854 4503 883 4544; x_wconf 81' lang='lat' dir='ltr'>ln</span> <span class='ocrx_word' id='word_1_207' title='bbox 894 4499 997 4545; x_wconf 68' lang='lat' dir='ltr'>carcero</span> <span class='ocrx_word' id='word_1_208' title='bbox 1008 4501 1185 4553; x_wconf 79' lang='lat' dir='ltr'>obseruando,</span> <span class='ocrx_word' id='word_1_209' title='bbox 1194 4502 1364 4545; x_wconf 72' lang='lat' dir='ltr'>narrationis</span> 
     </span>
     <span class='ocr_line' id='line_1_31' title="bbox 104 4547 1364 4626; baseline 0 -14"><span class='ocrx_word' id='word_1_210' title='bbox 104 4547 299 4620; x_wconf 51' lang='lat' dir='ltr'>mutinum</span> <span class='ocrx_word' id='word_1_211' title='bbox 310 4581 431 4621; x_wconf 84' lang='lat' dir='ltr'>sumam,</span> <span class='ocrx_word' id='word_1_212' title='bbox 440 4572 512 4615; x_wconf 83' lang='lat' dir='ltr'>unde</span> <span class='ocrx_word' id='word_1_213' title='bbox 519 4572 602 4626; x_wconf 80' lang='lat' dir='ltr'>finem</span> <span class='ocrx_word' id='word_1_214' title='bbox 615 4575 973 4626; x_wconf 70' lang='lat' dir='ltr'>postremosumpseramue,</span> <span class='ocrx_word' id='word_1_215' title='bbox 984 4573 1105 4615; x_wconf 80' lang='lat' dir='ltr'>omnium</span> <span class='ocrx_word' id='word_1_216' title='bbox 1112 4571 1239 4625; x_wconf 72' lang='lat' dir='ltr'>fratrum</span> <span class='ocrx_word' id='word_1_217' title='bbox 1250 4573 1345 4614; x_wconf 78' lang='lat' dir='ltr'>animi.</span> <span class='ocrx_word' id='word_1_218' title='bbox 1360 4604 1364 4612; x_wconf 92' lang='lat'><em>.</em></span> 
     </span>
     <span class='ocr_line' id='line_1_32' title="bbox 166 4618 877 4696; baseline 0.01 -16"><span class='ocrx_word' id='word_1_219' title='bbox 166 4618 192 4653; x_wconf 69' lang='lat'>⁸</span> <span class='ocrx_word' id='word_1_220' title='bbox 220 4635 318 4684; x_wconf 74' lang='lat' dir='ltr'>loribus</span> <span class='ocrx_word' id='word_1_221' title='bbox 329 4652 380 4684; x_wconf 89' lang='lat' dir='ltr'>non</span> <span class='ocrx_word' id='word_1_222' title='bbox 392 4641 560 4685; x_wconf 84' lang='lat' dir='ltr'>mediocriter</span> <span class='ocrx_word' id='word_1_223' title='bbox 566 4643 721 4696; x_wconf 67' lang='lat' dir='ltr'>praeditus.</span> <span class='ocrx_word' id='word_1_224' title='bbox 735 4643 877 4687; x_wconf 75' lang='lat' dir='ltr'>Pocaucus.</span> 
     </span>
    </p>
   </div>
   <div class='ocr_carea' id='block_1_8' title="bbox 0 0 1640 5392">
    <p class='ocr_par' dir='ltr' id='par_1_11' title="bbox 0 0 1640 5392">
     <span class='ocr_line' id='line_1_33' title="bbox 0 0 1640 5392; baseline 0 0"><span class='ocrx_word' id='word_1_225' title='bbox 0 0 1640 5392; x_wconf 95' lang='lat' dir='ltr'> </span> 
     </span>
    </p>
   </div>
  </div>
 </body>
</html>
