3210 5392
258 418 313 479 1oe
643 417 817 479 errsaaa
835 430 1107 488 ouaoaiussrass

254 563 436 627 coronidis
451 563 530 628 vice
549 564 638 628 haec
653 564 764 628 verba
783 563 947 628 addebat:
969 563 1083 627 “haud
1100 563 1260 641 consulo,
1276 562 1364 626 mihi
1377 563 1497 627 credi·

256 682 303 751 te,
320 680 359 734 vt
373 670 431 734 hic
445 672 512 736 hoc
532 672 702 752 temporis
716 672 867 735 articulo
881 670 1135 736 Ecclesiastem
1148 689 1187 736 se
1202 670 1426 752 profiteatur,
1443 669 1499 733 id-

256 795 326 858 que
340 777 386 841 ob
399 778 568 857 rationes,
584 795 674 859 quas
688 778 790 842 vobis
805 778 1068 843 communicare
1083 778 1413 859 inpraesentiarum
1424 794 1494 841 nec

257 901 347 965 opus
372 901 437 948 nec
462 886 661 948 consultum
684 895 768 962 est„.
786 883 902 964 Quum
917 883 1050 950 Cantor
1070 883 1254 951 Ecclesiae
1279 883 1504 949 Parisiensis

258 990 357 1072 prius
381 991 436 1054 his
461 992 566 1055 minis
585 1009 653 1055 nos
675 1004 819 1070 terrere,
842 1004 877 1056 et
897 994 941 1056 ab
960 991 1124 1056 instituto
1147 1009 1318 1057 reuocare
1340 1000 1503 1055 conatus

259 1097 395 1176 luisset,
413 1099 462 1161 “si
474 1099 542 1162 hoc
554 1116 681 1163 munus
693 1116 786 1164 nuuc
798 1100 969 1178 subeatis,
982 1099 1190 1163 uniuersum
1201 1097 1399 1180 Collegium
1412 1095 1501 1162 Sor·

259 1204 437 1283 bonicum,
453 1215 560 1286 atque
574 1206 663 1269 adeo
685 1215 839 1287 quatuor
860 1206 1136 1270 mendicantium
1157 1206 1301 1270 ordines
1320 1202 1505 1268 aduersus

259 1321 417 1374 vestram
439 1312 653 1377 Societatem
673 1313 928 1404 concitabitis,:
951 1331 1070 1395 quum,
1093 1313 1249 1394 inquam,
1266 1313 1355 1376 haec
1374 1311 1505 1376 omnia

259 1429 488 1499 caeteraque,
515 1436 607 1501 quae
639 1420 845 1500 praemissis
876 1421 1002 1484 litteris
1031 1422 1238 1504 complosus
1265 1436 1362 1498 sum,
1389 1427 1498 1499 gesta

260 1535 389 1605 essent,
407 1543 450 1590 ac
475 1535 599 1606 postea
624 1527 669 1590 ab
690 1527 766 1608 ipso
790 1528 962 1608 parocho,
984 1527 1065 1591 aedi
1084 1526 1178 1591 Diuo
1196 1525 1347 1608 Sulpitio
1366 1540 1503 1588 sacrae

260 1632 450 1714 praefecto,
464 1632 645 1697 Cardinali
656 1634 856 1698 Turonensi
867 1634 1029 1698 subditae
1042 1632 1063 1712 ¹,
1076 1634 1113 1698 in
1125 1632 1303 1697 suburbiis
1315 1631 1501 1698 Parisien·

259 1740 358 1803 sibus
372 1757 482 1821 prope
506 1738 696 1804 Abbatiam
715 1739 837 1805 Sancti
854 1740 1026 1805 Germani
1046 1740 1148 1818 sitae,
1169 1741 1349 1821 repulsam
1370 1737 1504 1803 itidem.

262 1864 388 1926 passus
414 1864 528 1911 essem
549 1847 632 1910 licet
651 1848 901 1929 inconspectus
916 1847 939 1927 ¹,
961 1848 1136 1912 Dominus
1162 1847 1351 1911 Montanus
1369 1844 1393 1926 ⁸,
1420 1855 1504 1911 tum

261 1952 371 2033 Regis
392 1953 639 2033 Consiliarius,
663 1955 856 2019 demiratus
875 1965 949 2019 tam
969 1972 1098 2018 saeuae
1123 1953 1345 2034 tempestatis
1360 1954 1505 2034 procel·

261 2060 326 2140 las,
351 2060 466 2125 Ram
480 2061 696 2143 Episcopum
720 2060 958 2125 Parisiensem
979 2060 991 2091 ⁴
1012 2061 1098 2126 adiit
1122 2059 1329 2126 facultatem
1355 2060 1500 2124 concio·

261 2167 369 2231 nandi
388 2167 424 2231 in
447 2169 534 2232 aede
558 2167 813 2233 Sanctissimae
834 2168 1019 2233 Trinitatis
1039 2168 1125 2232 mihi
1147 2169 1414 2248 impetraturus.
1429 2166 1506 2231 Cui

261 2274 460 2355 Episcopus
478 2275 662 2356 rospondit
683 2293 723 2339 se
742 2275 887 2339 minime
905 2276 1162 2355 permissurum
1174 2274 1277 2338 nobis
1291 2273 1403 2338 diuini
1415 2290 1499 2337 ver·

261 2382 297 2446 bi
318 2383 544 2461 euangelium
569 2400 635 2447 nec
660 2392 967 2447 sacramentorum
990 2383 1236 2446 ministerium.
1263 2381 1504 2446 Postmodum

262 2488 367 2553 Pater
388 2488 534 2554 fratrem
557 2499 719 2554 nostrum
738 2489 924 2554 Moralium
943 2488 1015 2552 ‘ad
1036 2488 1302 2569 suffraganeum
1322 2487 1504 2552 Parisien·

262 2613 337 2659 sem
361 2593 373 2626 ⁶
399 2596 547 2661 adduxit
572 2596 686 2661 sacris
712 2597 894 2661 ordinibus
919 2597 1199 2677 insigniendum,
1223 2596 1284 2676 qui
1307 2606 1505 2677 utrumque

262 2703 398 2767 remisit
421 2704 466 2768 ad
484 2703 713 2786 Episcopum
736 2706 798 2787 qui
815 2705 998 2785 respondit
1011 2716 1158 2768 cautum
1178 2721 1257 2767 esse
1270 2720 1316 2767 ne
1329 2701 1504 2784 Episcopi

261 2828 475 2892 quemquam
490 2811 535 2876 ad
551 2827 676 2876 sacros
686 2811 832 2875 ordines
847 2811 1036 2875 admittant
1047 2812 1181 2893 absque
1196 2810 1298 2875 titulo
1312 2807 1501 2874 beneficis·

261 2917 315 2981 rio
331 2919 388 2981 rel
402 2917 653 2994 haereditario,
669 2929 813 3000 praeter
826 2919 922 2983 solos
938 2917 1213 2982 mendicantium
1223 2935 1268 2981 ac
1282 2917 1506 2997 religionum

261 3026 540 3105 approbaturum
555 3025 712 3089 ordines.
738 3025 802 3090 Cui
824 3025 1012 3089 obiectioni
1030 3023 1205 3090 satisfecit
1225 3023 1343 3103 Pater,
1363 3041 1430 3088 nec
1444 3035 1505 3088 ta-

263 3148 344 3195 men
359 3131 537 3213 Episcopo
552 3133 731 3212 persuasit
750 3133 958 3211 religionem
977 3144 1138 3196 nostram
1151 3131 1196 3195 ab
1211 3138 1362 3212 vtroque
1384 3130 1505 3211 posti·

263 3236 328 3302 lice
340 3248 500 3302 extremo
515 3238 626 3303 Paulo
647 3248 682 3302 et
695 3238 789 3321 Julio
810 3237 820 3268 ¹
836 3240 1070 3320 approbatam
1091 3248 1126 3302 et
1145 3237 1392 3302 confirmatam
1402 3254 1500 3302 esse.

263 3343 461 3425 Episcopus
476 3361 563 3408 vero
577 3345 722 3409 retorsit
740 3362 807 3408 nos
824 3362 896 3409 non
913 3362 994 3408 esse
1014 3345 1229 3426 approbatos
1248 3345 1285 3408 in
1298 3342 1416 3408 Gallia
1428 3360 1506 3407 nec

264 3470 285 3514 a
296 3468 422 3530 se,nec
437 3449 654 3515 aFacultate
668 3452 883 3531 theologica,
893 3468 958 3514 nec
970 3470 992 3514 a
1004 3449 1136 3515 Senatu
1145 3449 1350 3515 Parisieusi.
1366 3449 1506 3530 Quum-

304 3731 312 3764 ¹
343 3729 450 3775 Rectius
460 3731 581 3775 lortassis
592 3731 701 3774 dixisset
712 3729 880 3787 Cleyssonlus
887 3729 1018 3784 Episcopo
1028 3729 1187 3774 Turonensl.
1198 3729 1264 3774 Nem
1274 3727 1423 3774 cardinalis
1432 3727 1506 3773 Far·

264 3814 334 3855 nese,
345 3804 388 3858 qul
406 3802 564 3846 Turonensis
581 3801 726 3857 Episcopus
743 3802 837 3854 iuerat,
856 3803 927 3846 illam
942 3801 1031 3846 sedem
1047 3801 1200 3855 successori,
1210 3799 1309 3846 Slmosl
1324 3800 1357 3844 de
1368 3798 1457 3846 hille
1468 3801 1506 3845 de

264 3875 354 3926 nreet,
363 3876 419 3930 μοι
429 3875 456 3918 m
465 3873 535 3927 Junli
544 3875 621 3929 liujns
632 3874 691 3918 suni
703 3872 895 3928 mutuaverat„
909 3873 990 3922 Gerre.
998 3872 1092 3918 Series
1104 3872 1381 3928 &inoportunum
1396 3872 1446 3916 ott.
1455 3872 1508 3917 Ab

264 3946 314 3989 bac
322 3945 474 3990 difficultate
484 3956 512 3988 se
525 3944 658 3999 expedivit
670 3945 810 3997 Ponaacos,
818 3945 879 3989 dum
890 3951 1015 3999 excerpts
1025 3944 1104 3989 exhis
1114 3943 1261 4001 Clayssoull
1271 3942 1369 3989 litteris
1378 3953 1426 3987 suo
1433 3943 1505 3988 inse·

264 4017 316 4061 ruit
328 4016 464 4064 Chronico.
472 4018 599 4061 scribens:
610 4020 639 4059 m
650 4017 717 4060 aede
727 4016 777 4059 Sti.
789 4016 910 4071 sntptrrr.
921 4027 990 4071 quae
998 4028 1015 4060 a
1020 4016 1214 4071 jurisdictione
1224 4014 1353 4070 Episcopi
1360 4012 1507 4065 (Palmen-

267 4089 312 4133 slsl
323 4089 455 4132 immunis
466 4091 515 4132 est.
526 4088 555 4132 T.
566 4098 603 4141 tv,
613 4099 674 4143 pag.
685 4087 735 4142 820,
745 4088 826 4132 πω.

304 4162 315 4194 ¹
343 4161 399 4205 Hoc
409 4167 457 4204 est:
470 4172 520 4204 nou
530 4161 602 4204 visus
612 4172 629 4204 s
640 4159 730 4205 Sancti
741 4160 845 4215 Sulpltii
856 4162 977 4216 parocho,
986 4161 1028 4215 qul
1037 4161 1144 4215 proinde
1154 4170 1262 4204 causare
1271 4170 1321 4204 nou
1330 4164 1435 4215 poteret
1445 4161 1510 4204 vnl-

266 4241 321 4277 tum
332 4243 415 4277 meum
425 4233 577 4287 juvenilem.

307 4305 318 4336 ³
345 4304 417 4348 Idem
427 4302 550 4355 Dumont,
562 4304 604 4358 qni
615 4314 703 4358 supra.

309 4377 321 4409 ⁴
350 4375 521 4419 Eustachium
532 4375 565 4418 du
577 4375 677 4428 Belley.

305 4448 317 4481 ὅ
344 4448 470 4501 Jscobum
481 4445 625 4491 Motellum.
637 4445 704 4490 Vide
714 4454 732 4490 t.
743 4457 769 4497 u,
779 4457 838 4501 pag.
847 4446 887 4490 624
895 4453 920 4490 et
931 4446 980 4496 63³.
990 4446 1181 4501 sedpraecipue
1191 4446 1306 4490 Ροωα
1313 4444 1423 4498 ᾱνοιιυ
1432 4452 1453 4490 t.
1464 4456 1511 4493 ιιι.

265 4531 329 4576 με.
343 4520 392 4570 296,
401 4526 491 4563 esnot.
501 4519 524 4562 4.

307 4589 319 4623 ⁰
349 4591 551 4647 suffraganeus
562 4590 603 4636 hic
616 4591 682 4635 idem
692 4601 723 4636 sc
735 4591 874 4644 coadjutor
883 4590 1029 4645 significare
1040 4591 1153 4635 videtur.

309 4666 319 4696 ἲ
349 4664 431 4710 Paulo
442 4663 480 4709 111
489 4670 516 4708 et
525 4663 593 4718 Jullo
603 4663 649 4709 111.
