3210 5392
619 439 684 500 An.
707 440 777 500 roho
1257 435 1309 494 051

90 587 179 664 atto,
196 588 290 648 vltra
306 587 340 649 di
355 587 460 666 quelli
476 588 541 650 che
557 587 641 667 ogni
656 586 782 666 giorno
794 603 832 648 se
844 585 1011 666 pigliano.
1028 584 1053 647 Il
1069 583 1199 663 Signor
1211 585 1234 645 li
1250 584 1308 646 dia

90 694 197 772 gratia
213 693 256 756 de
271 710 488 772 cognoscere
503 695 527 757 il
542 711 606 757 suo
622 711 743 757 errore
758 704 792 756 et
807 693 1017 772 corregersi.

140 800 240 863 Hora
255 801 280 863 li
295 801 500 864 morrealesi
516 802 548 865 ci
562 802 749 865 chiamano
764 800 866 880 padri
878 800 969 862 della
985 800 1114 880 patria,
1131 808 1164 861 et
1180 799 1308 861 dicono

90 908 146 971 :he
165 909 279 971 siamo
299 906 377 971 fatti
397 908 576 971 inmortali
597 909 632 970 in
654 906 840 984 Morreale‚
862 924 925 986 per
944 906 1054 969 hauer
1069 906 1217 968 liberato
1240 906 1310 966 alla

90 1016 168 1078 :itta
183 1013 218 1076 di
232 1012 427 1077 Montreale
442 1013 486 1076 de
501 1013 643 1094 Egypto
659 1024 693 1076 et
709 1013 800 1076 della
816 1013 950 1076 servith
965 1013 1008 1076 de
1024 1011 1221 1090 Pharaone3
1238 1022 1273 1074 et
1285 1011 1308 1073 il

90 1132 318 1199 gouernatore
333 1120 368 1182 ci
386 1121 432 1183 ha
451 1121 512 1200 pili
532 1120 667 1184 credito
685 1119 773 1183 hora
789 1119 854 1183 che
874 1120 961 1196 mai,
983 1118 1146 1182 hauendo
1162 1118 1255 1181 visto
1275 1119 1309 1179 la

90 1226 272 1306 metientia
288 1227 379 1289 della
395 1227 523 1303 verita,
540 1227 670 1306 perche
685 1227 774 1289 hora
791 1244 812 1288 a
827 1226 874 1289 lui
889 1225 1033 1305 proprio
1049 1227 1082 1288 lo
1098 1241 1250 1288 cercano
1265 1225 1308 1287 de

90 1334 308 1397 assassinarc
323 1350 390 1395 con
406 1342 497 1396 tutto
513 1342 649 1414 questo
666 1342 701 1396 et
721 1334 756 1396 lo
776 1334 895 1396 hanno
911 1341 1081 1396 accusato
1103 1333 1137 1394 al
1151 1330 1309 1394 Vino-Re

90 1441 124 1504 le
139 1457 260 1503 essere
276 1448 534 1503 contrauenuto
550 1457 571 1501 a
588 1439 676 1502 certi
691 1440 1008 1520 pragmaticisuoi.

140 1547 340 1609 Habbiamo
356 1545 514 1609 anchora
528 1556 675 1630 cereato
694 1546 783 1610 certi
800 1547 911 1626 gentil
930 1546 1065 1610 homini
1081 1545 1116 1609 di
1131 1563 1202 1626 qua
1217 1546 1309 1626 paci-

90 1654 210 1729 icarli,
232 1653 256 1716 li
276 1654 371 1733 quali
391 1653 437 1715 ha
460 1653 520 1733 pih
541 1653 576 1715 di
596 1653 680 1717 duoi
703 1653 786 1716 anni
808 1654 875 1716 che
895 1670 1035 1732 sempre
1058 1652 1177 1715 hanno
1203 1661 1311 1714 auuto

90 1760 164 1824 >dio
181 1762 331 1823 mortale
345 1761 367 1822 l’
382 1777 452 1822 uno
467 1770 501 1823 et
515 1759 537 1821 l’
553 1760 657 1836 altro,
672 1769 706 1823 et
717 1759 789 1823 mai
798 1769 938 1840 pottero
950 1758 1167 1837 accordarsi;
1181 1758 1268 1821 hora
1281 1758 1311 1820 si

90 1884 196 1930 sonno
211 1866 343 1930 redutti
358 1885 378 1930 a
392 1867 449 1930 lar
462 1868 497 1930 la
512 1884 612 1947 pace.
637 1865 673 1930 Si
693 1872 713 1929 e
727 1865 815 1930 fatto
835 1867 993 1930 anchora
1012 1865 1088 1929 sare
1103 1865 1312 1929 remissione

90 1983 116 2037 et
131 1973 331 2054 perdonare
354 1974 396 2036 de
418 1973 535 2037 alcuni
557 1973 650 2054 parti
673 1972 870 2036 adversarii
890 1983 924 2036 et
940 1973 997 2035 dal
1012 1983 1250 2052 gouernatore
1266 1971 1312 2035 ad

90 2080 214 2157 alcuni,
231 2079 255 2141 li
267 2081 371 2158 quale
383 2096 446 2159 per
457 2079 576 2143 alcuni
587 2080 699 2143 errori
714 2079 849 2143 casuali
864 2080 928 2143 che
941 2096 1050 2142 erano
1063 2078 1146 2141 stati
1159 2079 1314 2142 sbanditi

90 2187 177 2249 lella
192 2187 290 2248 citra.

142 2291 224 2356 Non
239 2293 272 2355 ci
286 2309 433 2356 occorre
448 2295 539 2356 altro
554 2310 618 2373 per
633 2293 721 2357 hora
736 2311 774 2357 se
789 2310 862 2357 non
876 2293 941 2357 che
957 2293 1038 2357 tutti
1052 2294 1199 2357 insieme
1211 2292 1244 2356 ci
1259 2310 1311 2356 ar·

90 2399 387 2463 riccomandiamo
407 2416 474 2463 con
494 2409 585 2463 tutto
605 2401 629 2464 il
651 2419 713 2464 cor
732 2410 855 2464 nostro
875 2399 941 2465 che
956 2400 1019 2464 V.⁸
1038 2399 1117 2464 R.da
1132 2400 1315 2464 Paternith

90 2507 115 2569 :i
126 2505 257 2569 habbia
273 2523 411 2585 sempre
426 2506 462 2570 in
478 2509 649 2571 memoria
660 2508 743 2571 nelli
754 2509 833 2572 suoi
843 2505 944 2571 Santi
958 2507 1124 2571 sacrificii
1136 2517 1170 2571 et
1186 2508 1313 2573 oratio·

90 2614 118 2675 ni
132 2613 170 2675 di
185 2612 479 2676 raccomandarci
493 2615 529 2677 al
545 2612 696 2692 Signore
711 2632 811 2678 come
826 2614 903 2677 suoi
919 2615 1064 2694 indegni
1083 2624 1117 2678 et
1133 2615 1313 2694 bisognosi

90 2717 208 2799 liglioli
232 2719 289 2782 nel
313 2717 454 2798 signos,
481 2721 547 2784 che
571 2721 604 2783 ci
626 2721 684 2785 dia
710 2739 730 2784 a
754 2737 972 2800 cognoscere
991 2731 1025 2783 et
1045 2720 1314 2801 perfettameme

90 2826 259 2907 adimpire
279 2825 317 2887 in
341 2825 518 2889 charitate
542 2834 575 2891 et
590 2827 819 2907 simplicitate
838 2828 959 2891 cordis
972 2830 1006 2891 la
1026 2846 1090 2891 sua
1112 2828 1314 2892 santissima

90 2935 247 2997 volunta.

143 3039 201 3102 De
216 3038 426 3116 Monrreale‚
445 3042 504 3105 alli
522 3042 559 3106 15
572 3043 616 3105 de
636 3041 844 3123 Septembro
863 3042 950 3107 1555.

141 3144 200 3209 De
216 3144 259 3206 V.
276 3145 317 3209 R.
336 3146 518 3212 Paternita
532 3149 787 3227 indegnissimo
804 3149 936 3228 figliolo
951 3150 1007 3212 nel
1027 3147 1189 3227 Signore,

869 3361 1022 3427 Sauerro
1044 3361 1232 3431 Navium.

93 3735 95 3740 .
144 3680 417 3762 superscriptio
441 3683 480 3744 in
505 3689 637 3763 quarta
657 3684 801 3763 pagina
810 3701 822 3746 .·
845 3684 943 3766 Jhus.
970 3683 1018 3748 Al
1041 3686 1151 3748 molto
1174 3684 1252 3748 R.‘¹⁰
1281 3687 1318 3749 in

90 3787 228 3852 :nristo
240 3787 355 3851 Padre
367 3788 435 3852 ilP.
446 3789 551 3852 Mtro.
564 3789 702 3869 ignatio
714 3791 862 3869 Loyola,
874 3789 1058 3870 Preposito
1070 3793 1236 3869 generale
1249 3791 1317 3855 del·

90 3913 121 3957 a
138 3892 415 3974 Compagniadi
428 3895 523 3978 Jesu,
540 3896 575 3959 in
591 3895 716 3959 Roma.
809 3895 812 3900 ’

148 3997 235 4061 Alia
247 4017 371 4084 manu:
388 4001 476 4064 1555.
492 4001 684 4066 Monreale.
701 4003 959 4082 Quarlrimestri
974 4005 1113 4082 uolgari
1128 4005 1209 4069 delli
1227 4005 1318 4069 inde

90 4106 303 4170 Settembre.
321 4107 363 4187 Q.
379 4108 424 4172 V.

159 4212 362 4292 Vestigium
376 4232 477 4278 cerae
492 4215 620 4294 sigilli.
