3240 5386
289 447 343 505 712
673 444 845 506 Lursans
863 462 1133 516 ouanantasrans

290 610 363 656 rus.
380 591 471 656 Nam
482 609 562 655 cum
573 609 696 655 rarum
707 592 753 655 sit
766 593 820 655 his
832 594 869 656 in
881 594 1096 672 regionibus,
1110 593 1216 657 etiam
1228 592 1377 672 magnis
1390 591 1530 669 diebus,

290 707 439 779 excepto
453 697 638 777 Paschate,
656 698 816 762 confiteri
831 709 865 762 et
881 700 1159 775 communicare,
1175 699 1323 780 plurimi
1342 706 1469 763 tamen
1484 699 1529 761 ad

290 823 356 869 nos
375 805 563 868 confitendi
588 815 622 869 et
649 806 933 870 communicandi
956 807 1074 886 gratia
1098 806 1306 886 frequenter
1331 804 1528 883 accedunt,

292 912 500 993 praesertim
521 914 696 977 mulieres.
717 913 810 977 Inter
835 931 924 994 quas
947 913 1045 978 fuere
1070 915 1270 990 nonnullae,
1300 931 1410 994 quae,
1432 922 1527 993 post·

292 1037 399 1100 quam
413 1020 544 1082 nostris
559 1020 742 1083 confessae
758 1029 850 1100 sunt,
868 1020 1084 1101 impudicam
1099 1038 1205 1102 quam
1219 1037 1303 1085 cum
1324 1020 1454 1085 alienis
1477 1020 1525 1084 ui·

292 1126 343 1190 ris
356 1124 589 1190 traducebant
600 1127 722 1198 vitam,
735 1144 881 1207 prorsus
894 1128 1161 1204 abdicauerunt,
1175 1144 1217 1191 ac
1230 1126 1390 1207 propriis
1400 1142 1528 1190 recon-

295 1234 434 1303 ciliatae
449 1233 536 1296 viris
552 1250 681 1313 magna
698 1251 791 1297 nunc
806 1251 888 1298 cum
903 1233 1156 1314 tranquillitate
1169 1234 1308 1311 viuunt;
1326 1234 1424 1297 aliae
1435 1250 1531 1297 erro

293 1356 351 1403 res
365 1356 508 1419 prauos,
525 1340 650 1420 quibus
665 1341 757 1403 male
771 1357 963 1420 persuasae
978 1340 1150 1404 hactenus
1161 1340 1417 1417 adhaeserant,
1434 1357 1457 1403 a
1468 1355 1528 1403 no-

294 1447 379 1509 stris
393 1447 597 1525 instructae,
614 1447 842 1527 reliquerunt,
859 1456 893 1510 et
904 1458 943 1511 vt
955 1458 1038 1510 ante
1050 1455 1322 1525 consueuerant,
1335 1446 1475 1511 ieiunia
1486 1463 1532 1510 ac

295 1554 365 1617 alia
380 1554 437 1633 pia
453 1554 667 1618 christianae
682 1554 864 1633 religionis
879 1571 987 1634 opera
1001 1554 1119 1618 denuo
1133 1562 1335 1631 excercent,
1352 1554 1442 1618 licet
1456 1569 1529 1617 non

292 1678 407 1740 parua
423 1678 503 1725 cum
518 1661 729 1738 difficultate,
752 1661 1047 1740 quemadmodum
1061 1670 1096 1724 et
1115 1660 1284 1740 plurimae
1299 1660 1427 1723 multis
1449 1677 1533 1724 cum

296 1766 489 1848 lachrymis
504 1777 586 1831 sunt
599 1767 731 1830 nostris
742 1766 871 1830 fassae.
884 1766 922 1831 Si
933 1767 1075 1848 quando
1087 1768 1181 1832 enim
1196 1767 1357 1830 ieiunant
1368 1775 1437 1831 aut
1448 1784 1530 1831 con·

296 1872 437 1939 fitentur
452 1874 621 1952 crebriuS,
639 1891 660 1936 a
676 1873 792 1938 multis
812 1873 1032 1951 deridentur,
1048 1873 1098 1937 ita
1114 1885 1153 1938 vt
1171 1875 1239 1938 hac
1260 1875 1405 1938 ratione
1428 1874 1533 1955 pleri·

296 1999 363 2063 que
379 1999 458 2045 cum
472 1981 664 2045 Nicodemo
675 1980 720 2043 ad
732 1980 992 2044 confessionem
1002 1991 1037 2044 et
1048 1981 1224 2061 colloquia
1234 1991 1449 2045 nostrorum
1459 1999 1532 2045 non

296 2088 364 2151 nisi
378 2088 500 2152 furtim
514 2087 684 2151 accedere
699 2087 865 2151 audeant.

356 2195 447 2258 Male
462 2196 556 2258 enim
576 2195 669 2275 apud
688 2196 818 2274 vulgus
838 2194 1017 2272 audimus,
1040 2204 1228 2276 postquam
1251 2195 1535 2260 concionatores

294 2303 438 2383 quidam
462 2302 530 2365 huc
555 2310 794 2381 accesserunt,
822 2301 882 2383 qui
905 2302 1083 2382 placentia
1106 2303 1235 2382 populo
1260 2312 1473 2382 proponunt
1499 2314 1534 2366 et

297 2425 518 2490 quacumque
534 2410 670 2473 ratione
685 2417 833 2490 possunt
848 2426 913 2473 nos
933 2409 1070 2472 cunctis
1090 2425 1220 2473 exosos
1240 2408 1410 2473 reddunt.
1435 2410 1535 2473 Haec

295 2527 414 2581 autem
429 2516 503 2581 fieri
518 2527 556 2580 vt
571 2518 725 2581 maxime
739 2527 885 2598 propter
900 2516 994 2580 hunc
1009 2516 1179 2597 populum
1193 2514 1373 2594 dolemus,
1390 2515 1446 2579 ita
1471 2534 1532 2581 no·

296 2634 370 2688 stra
386 2642 430 2688 ex
444 2634 544 2705 parte
558 2625 766 2704 gaudemus
783 2623 877 2703 quod
891 2623 990 2703 digni
1012 2623 1207 2688 habeamur
1227 2622 1362 2704 aliquid
1381 2623 1536 2688 aduersi

296 2749 360 2812 pro
377 2733 517 2795 nomine
533 2731 665 2794 Christi
680 2731 765 2811 pati.
781 2729 860 2793 Non
875 2731 969 2793 enim
984 2731 1099 2794 solum
1112 2729 1231 2794 verbis
1245 2746 1311 2793 nos
1323 2731 1423 2794 clam
1439 2732 1534 2795 lace·

297 2850 388 2918 rant,
407 2839 468 2902 sed
484 2848 517 2901 et
532 2839 706 2916 lapidibus
722 2836 897 2901 fenestras
913 2837 1155 2901 cubiculorum
1168 2846 1373 2900 nostrorum
1389 2855 1436 2900 ac
1450 2848 1535 2901 tem·

296 2948 345 3027 pli
360 2945 597 3023 confringunt.
614 2944 652 3008 In
668 2962 805 3007 summa
822 2945 856 3006 id
871 2945 972 3007 multi
988 2944 1204 3007 contendunt
1221 2961 1264 3006 ac
1278 2944 1482 3008 moliuntur
1497 2957 1536 3007 vt

297 3054 451 3135 Jesuitae
481 3052 544 3130 (sic
573 3052 665 3114 enim
694 3069 759 3114 nos
787 3052 978 3131 appellant)
1008 3051 1269 3130 quamprimum
1298 3051 1383 3112 hinc
1416 3054 1538 3132 expel-

299 3163 428 3224 fantur.

359 3269 557 3346 Caeterum,
571 3286 639 3347 quo
651 3268 766 3346 magis
778 3276 929 3329 conatur
941 3267 1092 3329 daemon
1103 3283 1166 3346 per
1178 3283 1262 3328 suos
1274 3266 1454 3328 satellites
1468 3266 1539 3328 fru-

303 3386 399 3439 ctum
415 3377 544 3438 bonum
560 3373 741 3455 impedire,
759 3385 962 3436 nostrorum
984 3373 1267 3435 aestimationem
1287 3371 1539 3450 deprimendo,

302 3500 344 3545 eo
360 3483 475 3560 magis
490 3481 584 3560 apud
600 3482 730 3560 probos
741 3481 829 3542 bene
842 3480 1014 3551 audimus,
1031 3497 1074 3541 ac
1085 3478 1221 3541 fructus
1232 3478 1377 3558 pietatis
1390 3483 1539 3543 crescit.

303 3589 393 3651 Nam
409 3599 442 3650 et
459 3606 561 3650 sacra
576 3598 698 3649 nostra
714 3587 868 3667 quotidie
890 3588 1009 3665 plures
1024 3586 1213 3662 accedunt,
1235 3597 1268 3647 et
1291 3599 1538 3658 sacramenta,

302 3705 341 3758 vt
356 3695 520 3771 diximus,
537 3693 761 3774 frequentant
776 3696 880 3771 longe
896 3693 1064 3754 crebrius.
1082 3690 1150 3755 Sed
1162 3691 1242 3754 nolo
1257 3691 1312 3753 his
1326 3691 1467 3756 diutius
1479 3696 1541 3757 im-

304 3802 435 3865 morari
455 3812 492 3863 vt
512 3802 653 3880 pietatis
675 3800 788 3862 officia
811 3818 831 3861 a
852 3799 983 3861 nostris
1002 3798 1158 3860 exhibita
1178 3799 1349 3859 nonnulla
1378 3799 1543 3864 breuiter

304 3910 570 3987 subiungamus.
586 3907 802 3985 Frequenter
819 3905 863 3967 ad
878 3905 1036 3967 infirmos
1056 3915 1288 3967 accersuntur
1304 3905 1442 3981 nostri,
1470 3909 1542 3987 qui·

304 4019 453 4079 buscum
474 4025 508 4077 et
528 4023 737 4094 pernoctant
757 4011 914 4087 subinde,
939 4020 972 4074 et
998 4010 1190 4074 salutiferis
1212 4028 1274 4073 eos
1298 4017 1547 4077 sacramentis

308 4124 468 4187 muniunt
484 4138 614 4200 magna
630 4139 710 4183 cum
727 4121 883 4200 ipsorum
899 4119 1139 4181 consolatione
1155 4127 1189 4180 et
1206 4119 1359 4181 aliorum
1374 4121 1545 4185 aedifica-

307 4231 413 4293 tione.
439 4229 520 4292 Fuit
545 4239 578 4290 et
604 4229 638 4290 in
665 4229 746 4289 aula
772 4225 927 4288 Sere.mae
952 4224 1109 4303 Reginae
1139 4224 1328 4288 Bohemiae
1357 4225 1366 4257 ¹
1395 4230 1549 4307 quidam

308 4337 424 4399 Turca
440 4345 555 4398 aetate
571 4336 639 4396 iam
656 4344 840 4413 prouecta,
862 4333 922 4411 qui
946 4350 966 4392 a
989 4330 1142 4409 quodam
1164 4330 1314 4394 fratrum
1330 4344 1549 4401 nostrorum

308 4443 549 4506 catechizatus
565 4453 597 4504 et
614 4442 731 4503 multis
747 4439 1054 4502 adhortationibus
1076 4438 1110 4500 in
1134 4436 1287 4502 Domino
1308 4441 1552 4508 confirmatus

309 4605 519 4615 ———-—

349 4684 357 4718 ¹
388 4684 455 4728 Vide
467 4694 624 4737 suprapag.
633 4682 683 4736 390,
694 4690 781 4726 annot.
793 4684 812 4724 l.
