3210 5392
179 429 238 488 266
570 426 1028 494 errnannounnnrusssrnns

179 574 430 638 fundamentis
448 573 529 637 Alia
545 572 747 637 huiusmodi
761 572 1016 653 praetermitto,
1034 571 1164 652 quibus
1173 571 1281 634 huius
1295 569 1436 635 Domi·-

179 700 248 744 nae
262 697 477 762 propensam
491 696 578 759 erga
593 697 658 743 nos
674 682 892 743 uoluntatem
907 678 1012 742 facile
1027 679 1291 759 cognoscimus.

241 787 410 869 Superest
429 798 466 851 ut
484 797 666 867 postremo
680 790 760 850 loco
780 804 896 868 pauca
915 787 959 849 de
981 786 1107 849 studiis
1121 785 1254 850 nostris
1269 785 1416 849 adiicia-

180 913 270 959 mus.
287 896 340 959 Ea
351 895 470 976 itaque
484 904 566 974 post
577 895 735 957 omnium
750 892 961 958 Sanctorum
975 892 1084 956 ferias
1095 892 1360 971 innouauimus,
1376 893 1417 956 li·

181 996 323 1066 terarii's
358 1018 549 1082 puerorum
582 1001 996 1081 adolescentulorumque
1023 998 1341 1063 exercitationibus
1373 999 1419 1063 de

181 1127 279 1173 more
301 1109 479 1172 exhibitis:
507 1108 644 1189 quibus,
671 1116 813 1187 praeter
845 1107 1028 1188 copiosam
1053 1106 1327 1185 multitudinem,
1356 1105 1421 1169 filii

180 1216 291 1280 Ducis
305 1224 391 1279 natu
407 1216 570 1292 maiores
587 1216 707 1279 multis
721 1215 811 1295 septi
829 1214 1016 1291 nobilibus
1034 1214 1234 1278 adfuerunt:
1261 1230 1420 1295 quorum

180 1332 297 1386 aetate
312 1323 494 1402 grandior,
510 1323 570 1403 qui
585 1322 620 1385 in
635 1323 747 1385 literis
762 1332 835 1403 tam
850 1321 992 1400 graecis
1006 1338 1114 1401 quam
1138 1321 1259 1385 latinis
1274 1330 1330 1385 est
1346 1338 1421 1385 me-

177 1431 348 1495 diocriter
373 1440 548 1508 uersatus,
574 1430 709 1492 nullum
729 1430 824 1492 diem
842 1446 953 1510 aeque
973 1428 1165 1492 iucundum
1185 1437 1293 1509 atque
1317 1429 1420 1494 illum

181 1547 257 1601 toto
272 1555 311 1601 se
326 1555 419 1600 anno
439 1538 657 1617 transegisse
672 1536 777 1599 matri
799 1536 949 1600 dicebat.
967 1534 1035 1600 Sed
1058 1552 1124 1598 nec
1139 1535 1265 1614 reliqui
1281 1535 1421 1600 audito·

182 1661 240 1708 res
255 1645 427 1707 minorem
442 1662 488 1706 ex
503 1644 756 1724 disputantium
771 1661 814 1707 ac
829 1643 1056 1707 recitantium
1075 1642 1257 1706 celeritate
1278 1650 1317 1705 et
1337 1659 1421 1723 gra-

181 1753 233 1815 tia
246 1752 465 1833 uoluptatem
479 1759 724 1831 perceperunt.

241 1858 341 1923 Haec
353 1867 435 1922 sunt
449 1875 541 1938 quae
556 1858 743 1922 scribenda
752 1858 928 1922 duximus.
942 1856 1129 1938 Reliquum
1143 1865 1198 1920 est
1212 1865 1252 1920 ut
1266 1856 1311 1920 T.
1320 1856 1365 1921 R.
1379 1857 1418 1921 P.

182 1984 248 2029 nos
262 1984 307 2029 ex
322 1965 440 2028 animo
455 1965 753 2043 commendemus
767 1965 869 2028 cuius
880 1965 1044 2044 precibus
1059 1972 1094 2027 et
1108 1964 1349 2028 sanctissimis
1363 1982 1419 2028 sa·

179 2071 326 2135 orificiis
346 2071 467 2150 adiuti,
489 2079 651 2134 nostram
670 2071 834 2151 primum,
852 2071 978 2134 deinde
999 2070 1244 2151 proximorum
1263 2071 1419 2134 salutem

181 2179 451 2258 diligentissime
466 2194 707 2257 procuremus.

242 2285 434 2363 Florentia,
452 2285 509 2348 die
523 2284 608 2350 XIX
621 2283 782 2365 Januarii
797 2284 944 2349 MDLV.

242 2391 283 2455 T.
297 2391 337 2455 R.
352 2391 388 2454 P.
406 2392 671 2471 indignissimus
683 2393 719 2455 in
731 2391 873 2456 Christo
887 2409 1025 2472 seruus,

1024 2607 1098 2673 Lno
1120 2609 1252 2673 Lrnros.

242 2929 509 3009 Superscrr'ptio
525 2930 563 2992 in
577 2935 710 3009 qrrarla
725 2930 882 3010 pagina:
903 2929 1144 3002 †Admodum
1158 2928 1236 2994 R.‘¹⁰
1258 2932 1296 2995 in
1319 2930 1419 2994 Chri-

179 3045 238 3098 sto
253 3036 351 3099 Patri
363 3036 501 3115 ignatio
509 3037 552 3099 de
564 3036 712 3116 Loyola,
726 3035 934 3117 Praeposito
942 3035 1110 3100 Generali
1117 3035 1308 3102 Societatis
1319 3037 1417 3119 Jesu.

185 3141 331 3206 Romae.

244 3249 329 3312 Alia
344 3267 464 3313 nranu.
485 3250 574 3313 1555.
590 3249 783 3330 Florentia,
803 3251 840 3314 19
853 3252 1025 3334 Januarii.

243 3357 292 3419 Et
306 3356 391 3419 altit.
409 3355 447 3418 P.
460 3357 579 3420 Leone
588 3357 927 3436 Giglioli.-Huomo
940 3368 1054 3438 santo,
1069 3360 1201 3423 sicome
1215 3361 1417 3441 pensiamo.
