3210 5392
134 1459 298 1519 Nicolans
311 1459 486 1531 Bellefille,

171 1555 226 1615 Ex
238 1556 481 1616 commissione
496 1557 606 1616 Patris
620 1557 791 1617 Paschasii
810 1557 925 1626 Broet,

209 1655 303 1714 Patri
313 1654 444 1729 Ignatio
457 1655 499 1714 de
512 1656 652 1730 Loyola.

244 1752 391 1825 Parisiis,
405 1753 424 1810 2
437 1752 644 1827 Septembris
656 1754 727 1815 1555
740 1757 760 1811 ¹.

646 1963 748 2044 Jesus

138 2177 267 2241 Gratia
278 2186 313 2240 et
327 2193 399 2256 pax
419 2176 562 2240 Domini
581 2179 694 2241 nostri
714 2179 799 2261 Jesu
819 2177 952 2242 Christi
973 2194 1055 2242 cum
1073 2179 1234 2242 omnibus
1248 2196 1309 2242 no·

90 2284 143 2347 ns.
159 2283 292 2347 Amen.

134 2391 176 2454 ln
191 2391 258 2466 his,
275 2409 366 2471 qnae
387 2393 484 2455 breui
498 2392 705 2473 compendio
718 2393 879 2456 enarrari
890 2401 1038 2473 possunt
1050 2391 1309 2471 (obseruandis

90 2499 164 2562 ime
179 2497 297 2575 Pater)
313 2499 439 2575 longas
451 2508 640 2562 contexere
653 2499 831 2562 orationes
845 2515 1151 2580 superuacaneum
1166 2501 1308 2564 omnino

90 2605 270 2683 'ideretur,
287 2606 380 2685 apud
394 2623 457 2669 eos
472 2606 705 2686 potissimum,
721 2622 872 2686 quornm
888 2615 1087 2687 promptam
1105 2607 1239 2685 ingenii
1253 2625 1309 2670 so-

90 2711 217 2775 ertiam
231 2711 435 2775 laconismis
456 2711 625 2779 delectari
656 2721 874 2792 compertum
896 2721 960 2775 est.
986 2711 1210 2793 Quapropter
1229 2731 1309 2793 pro·

90 2834 225 2882 'tessus
239 2827 382 2882 nostros
397 2819 674 2899 quadrimestres
696 2817 911 2894 summatim,
929 2828 1100 2898 quantum
1121 2818 1196 2881 fieri
1211 2829 1308 2898 pote-

90 2926 116 2988 it
132 2925 357 3002 breuissime,
384 2926 677 3005 perstringemus,
702 2942 745 2988 ea
767 2925 836 2988 leui
855 2925 943 3004 pede
968 2935 1305 3004 praetercurrentes

90 3048 165 3095 uae
180 3032 363 3094 molestias
378 3032 495 3112 potius
509 3034 673 3110 ingerere
692 3048 808 3111 posse,
831 3049 937 3112 quam
955 3034 1173 3112 voluptatem
1193 3034 1305 3112 suspi-

90 3154 209 3214 amur,
225 3138 389 3216 quamuis
400 3139 431 3201 si
446 3149 616 3218 perpetuo
643 3140 729 3201 etin
755 3139 927 3216 omnibus,
956 3149 993 3200 vt
1018 3148 1182 3202 strenuos
1202 3139 1304 3202 decet

90 3245 208 3309 {bristi
221 3245 361 3323 militeS,
379 3246 536 3309 animum
551 3246 775 3308 intendamus
791 3246 837 3308 ad
859 3245 1108 3325 Coryphaeum
1128 3256 1163 3308 et
1182 3245 1304 3309 autho-

90 3371 148 3417 em
163 3361 337 3431 nostrum,
355 3352 455 3416 cuius
470 3353 612 3416 nomine
638 3353 770 3416 arduos
796 3354 913 3421 subire
933 3353 1073 3416 labores
1097 3362 1132 3416 et
1153 3353 1306 3417 aduersa

90 3477 188 3540 equo
203 3459 322 3521 animo
344 3461 497 3522 tolerare
517 3469 570 3522 est
589 3460 884 3539 gloriosissimum
907 3469 941 3523 et
956 3460 1238 3523 immarcessibili
1256 3460 1305 3523 di·

91 3583 184 3630 num
199 3582 344 3644 corona,
362 3566 448 3629 nihil
465 3584 536 3629 non
549 3565 842 3646 iucundissimum
867 3577 902 3629 et
927 3567 1042 3629 obuiis
1067 3567 1160 3630 vlnis
1175 3568 1304 3647 ample·

91 3671 232 3736 andum
246 3672 348 3734 nobis
359 3674 524 3736 obortum
549 3691 627 3736 esse
654 3674 823 3753 conqueri
842 3674 1046 3752 poterimus
1073 3672 1166 3753 Quin
1188 3674 1305 3753 potius

90 3797 153 3844 um
168 3778 280 3841 Paulo
305 3788 339 3841 et
367 3781 604 3843 exultabimus
633 3789 668 3843 et
696 3780 927 3859 gloriabimur
955 3780 990 3842 in
1020 3781 1304 3844 tribulationibus

90 3886 216 3963 ostriS,
232 3902 381 3964 quarum
398 3887 601 3950 meminisse
616 3887 699 3950 olim
711 3904 784 3949 non
796 3887 1020 3950 mediocriter
1033 3888 1179 3964 iuuabit;
1196 3895 1303 3967 utque

90 4011 143 4056 am
157 3993 349 4071 plurimum
364 4010 429 4055 nos
444 3994 655 4071 exhilarent,
672 4003 834 4057 recreent
848 4004 883 4056 et
906 3995 1143 4071 consolentur,
1171 3993 1228 4056 cui
1239 3993 1301 4072 igi·

90 4117 127 4163 rr
140 4098 232 4161 haec
247 4099 370 4162 audire
384 4102 571 4163 molestum
586 4100 667 4163 erit?
693 4099 782 4163 Cum
805 4117 871 4163 suo
895 4100 1001 4162 etiam
1019 4099 1137 4162 fructu
1158 4116 1229 4162 non
1244 4116 1301 4162 ca·

90 4216 182 4280 eant,
199 4205 264 4268 sed
288 4216 457 4285 tanquam
472 4208 589 4286 palma
605 4224 696 4286 quae
718 4206 817 4269 oneri
839 4206 1069 4269 succumbere
1090 4205 1214 4284 nescit,
1231 4223 1301 4285 quo

90 4312 186 4390 tagis
209 4312 436 4391 opprimitur,
464 4313 707 4376 vehementius
732 4313 768 4375 in
791 4314 900 4376 altum
925 4312 1115 4375 contendit.
1144 4310 1300 4376 Virescit

92 4435 221 4498 amque
237 4421 384 4482 vulnere
399 4420 524 4496 virtue,
539 4428 574 4482 et
588 4437 657 4499 quo
666 4419 950 4483 vehementiores
961 4429 1042 4482 sunt
1050 4418 1299 4482 contradictio·

111 4661 119 4694 Ι
148 4662 344 4717 antegrapnae,
354 4668 426 4706 totae
437 4673 514 4704 manu
525 4661 634 4715 Nicolal,
644 4662 740 4717 duplici
748 4663 774 4706 ln
784 4663 853 4715 lolio,
866 4672 910 4705 nn.
922 4661 962 4704 uit
973 4667 999 4704 et
1009 4659 1057 4705 325.
