3210 5392
677 1106 886 1191 GDXVII

216 1449 386 1511 Antonius
401 1449 567 1511 Cordeses

253 1548 346 1607 Patri
360 1548 490 1622 Ignatio
503 1549 544 1608 de
559 1549 700 1622 Loyola.

290 1647 432 1717 Gandia,
448 1647 461 1705 l
478 1648 683 1721 Septembris
698 1648 767 1707 ism
783 1649 801 1703 ¹.

741 1854 816 1972 nis

508 2123 712 2186 Rcuerende
727 2122 832 2186 Pater
847 2124 882 2185 in
898 2123 1052 2186 Christo

746 2311 784 2375 C·
808 2311 819 2340 1

227 2499 354 2564 Gratia
369 2512 403 2562 et
420 2519 492 2580 pax
506 2500 589 2582 Jesu
604 2500 737 2563 Christi
752 2500 894 2563 Domini
909 2501 1021 2563 nostri
1036 2501 1081 2562 sit
1101 2516 1240 2579 semper
1260 2500 1294 2562 in
1318 2515 1395 2563 cor·

169 2608 273 2671 dibus
286 2608 430 2670 nostris.
447 2609 574 2670 Amen.

226 2713 278 2777 Vt
292 2713 335 2776 R.
352 2713 414 2775 ΡΜ·
434 2725 516 2777 tuae
531 2732 666 2778 morem
680 2730 862 2795 geramus,
884 2714 935 2777 vti
956 2715 1069 2793 decet,
1093 2731 1135 2777 ea
1157 2730 1247 2793 quae
1270 2730 1393 2777 occur-

166 2830 249 2883 runt
272 2837 364 2901 quae
385 2821 587 2884 scribantur
606 2821 813 2884 breuissime
835 2821 1145 2901 comprehendam,
1169 2820 1218 2883 ita
1241 2830 1279 2883 ut
1301 2827 1410 2900 quae

167 2928 237 2990 iam
254 2927 343 2990 alias
357 2927 462 3005 nosti,
479 2945 549 2990 non
565 2938 638 2990 tam
654 2928 762 2990 ueluti
774 2945 868 2990 noua
884 2927 1030 3006 afferre,
1047 2944 1153 3007 quam
1165 2927 1235 2989 iam
1247 2926 1390 3005 cognita

168 3034 202 3096 in
227 3034 436 3097 memoriam
455 3050 627 3096 reuocare
649 3034 791 3096 videar:
814 3034 882 3095 alia
906 3051 1003 3111 uer0,
1030 3051 1121 3113 quae
1145 3043 1226 3096 sunt
1252 3041 1392 3113 praeter

172 3140 271 3217 haec,
293 3141 417 3204 eadem
436 3141 609 3204 breuitate
631 3145 725 3215 (nam
744 3141 915 3220 temporis
937 3157 1046 3219 cogor
1066 3140 1252 3220 angustiis)
1273 3157 1393 3203 recen·

167 3247 262 3310 sebo.

225 3355 300 3417 iam
315 3355 361 3417 ad
375 3364 409 3418 te
425 3356 643 3435 scripsimus,
659 3355 701 3418 R.
719 3356 769 3435 P,
793 3357 1025 3420 christianam
1045 3355 1244 3419 doctrinam
1263 3371 1392 3435 pueros

170 3479 190 3522 a
202 3463 337 3523 nostris
352 3461 504 3540 edoceri
520 3479 615 3525 nunc
630 3472 748 3525 autem
763 3463 857 3542 quod
876 3463 945 3525 hac
965 3463 1000 3525 in
1027 3471 1127 3542 parte
1152 3478 1191 3524 se
1216 3460 1332 3540 offert,
1358 3460 1391 3523 id

170 3576 232 3630 est:
250 3575 368 3631 tantos
383 3567 419 3631 in
433 3585 475 3631 ea
490 3569 591 3648 pueri
605 3585 817 3649 progressus
831 3569 1001 3644 fecerunt,
1020 3579 1056 3630 vt
1071 3568 1130 3647 qui
1153 3584 1231 3630 eam
1252 3567 1393 3640 docent,

171 3673 203 3736 in
224 3673 497 3738 admirationem
518 3677 711 3739 maximam
734 3675 977 3753 adducantur,
1001 3693 1083 3738 cum
1105 3676 1250 3750 multos,
1277 3675 1393 3736 adhuc

173 3778 241 3843 fere
255 3781 456 3844 nescientes
470 3782 576 3861 loqui,
593 3782 736 3845 uideant
762 3783 797 3844 in
816 3781 883 3853 his,
912 3800 1002 3862 quae
1023 3780 1213 3858 docentur,
1235 3789 1392 3859 repeten-

171 3885 222 3951 dis
235 3897 414 3967 expertos;
431 3897 573 3967 tamque
591 3899 733 3968 gratum
753 3899 807 3952 est
827 3888 989 3951 omnibus
1010 3887 1218 3951 exercitium
1242 3886 1329 3961 hoc,
1356 3897 1393 3948 ut

168 3994 275 4056 etiam
290 3994 325 4068 ii,
342 3994 399 4073 qui
416 4004 522 4057 antea
537 4011 575 4058 se
589 3995 705 4058 minus
719 3994 912 4058 familiares
926 3995 1029 4057 nobis
1044 3994 1285 4075 praestabant,
1298 4010 1391 4056 nunc

171 4101 374 4163 amicissimi
395 4101 465 4164 sint
486 4101 613 4165 effecti:
634 4101 823 4182 dicantque
842 4121 887 4164 ex
907 4101 1025 4164 animo
1040 4101 1182 4180 saepius
1197 4101 1246 4177 (ut
1271 4116 1392 4163 eorum

171 4207 275 4270 uerba
291 4206 529 4285 transieramh
552 4208 704 4272 “utinam
725 4207 854 4271 abhinc
876 4208 969 4271 mille
990 4209 1093 4270 annis
1114 4207 1303 4286 collegium
1323 4205 1393 4268 hoc

173 4363 379 4373 ————-——

209 4447 216 4477 ¹
245 4446 433 4502 Autograpbae
445 4446 541 4503 duplici
552 4447 577 4490 in
588 4447 658 4499 lolio,
669 4446 753 4502 primo
766 4459 789 4491 n.
801 4447 849 4501 bib,
860 4449 944 4491 altero
955 4458 1020 4490 vero
1034 4459 1083 4490 non
1095 4445 1279 4491 numeratum
1293 4446 1326 4491 iis
1338 4454 1394 4490 tan·

172 4521 223 4560 rum
231 4517 397 4572 subscriptio,
406 4529 422 4561 a
432 4518 520 4562 verbis
528 4517 600 4562 Rau
610 4517 639 4561 P.
651 4517 732 4567 Tuae,
741 4523 767 4562 et
777 4519 962 4574 superscriptio
970 4519 1155 4562 videntureme
1162 4517 1286 4572 scriptu
1295 4517 1323 4561 P.
1333 4518 1395 4562 Cor·

173 4587 200 4629 de

201 4599 303 4706 {emme
314 4663 404 4706 littera
416 4661 436 4704 C
447 4661 556 4705 indicari
567 4661 671 4705 videtur
681 4663 792 4705 tertium
802 4662 895 4706 barum
905 4664 1052 4706 litterarum
1063 4666 1219 4719 exemplum.
