3240 5386
764 106 829 164 ΑΝ.
851 106 921 164 1555
1405 110 1464 168 473

192 246 429 312 Doctrinae
444 251 661 314 christianae
675 252 861 314 lectionem
882 253 937 315 die
957 253 1097 315 veneris
1112 253 1198 333 (quo
1213 254 1320 316 etiam
1339 254 1454 333 priua·

184 367 222 417 t
232 373 302 417 um
320 356 367 419 ad
382 374 447 419 nos
462 374 661 420 sermonem
676 358 793 435 habet)
808 358 882 420 fieri
898 359 1053 436 solitam,
1070 377 1182 438 nuper
1198 369 1315 423 autem
1337 361 1456 423 multis

184 463 264 525 de
284 463 409 525 causis
424 463 459 525 in
474 462 687 528 dominicam
702 466 924 542 translatam,
939 480 1018 527 cum
1034 465 1253 528 occurrentis
1267 465 1454 544 Evangelii

184 569 373 649 perutili
388 569 629 633 enuntiatione
644 571 715 634 iam
735 571 851 651 coepit
870 570 907 632 P.
931 570 1062 634 Rector
1083 570 1091 602 ¹
1115 573 1341 651 coniungere.
1365 571 1456 650 Qua·

176 675 440 754 dragesimis
452 675 649 739 Dominicis
664 679 893 740 concionatus
905 687 970 755 est,
987 677 1135 756 singulis
1147 688 1265 742 autern
1278 679 1459 742 mensibus

176 799 356 861 pueros
371 782 579 846 confitentes
593 785 701 860 audit,
718 801 892 864 sacroque
907 784 1027 846 ieiunii
1041 793 1199 865 tempore
1215 786 1458 865 compluribus

176 888 438 967 hominibus
453 907 602 969 quorum
614 890 722 969 aliqui
734 909 755 953 a
767 890 890 953 decem
902 900 934 952 et
947 890 1145 970 quindecim
1158 892 1260 954 annis
1272 909 1343 954 non
1355 901 1457 954 erant

171 994 392 1070 confessi,
409 996 647 1060 confessarius
658 996 785 1075 extitit;
798 1007 982 1076 praetereo
996 998 1212 1077 temporibus
1224 999 1303 1061 aliis
1316 999 1457 1061 auditas

174 1099 469 1165 confessiones
483 1103 664 1182 plurimas,
683 1121 764 1166 cum
778 1119 968 1182 aegrorum
989 1104 1173 1183 priuatim,
1191 1114 1265 1167 tum
1284 1104 1453 1167 dissiden-

179 1209 315 1271 tium
330 1220 436 1270 antea
452 1209 601 1289 publice,
621 1211 781 1289 quamuis
797 1206 907 1273 muita
922 1211 1083 1289 tentauit,
1100 1228 1190 1290 quae
1205 1212 1356 1274 necdum
1375 1229 1453 1291 per·

171 1315 331 1378 ficere
345 1315 468 1378 valuit.
485 1316 534 1378 Vt
548 1327 629 1378 sunt
644 1317 701 1379 hic
716 1318 834 1380 omnia
849 1316 962 1380 litium
984 1317 1315 1398 inimicitiarumque
1332 1318 1456 1398 plenis-

175 1422 329 1485 sima!
346 1421 495 1486 Cuidam
509 1423 600 1485 inter
615 1433 755 1486 caetera
771 1424 816 1486 ad
831 1440 954 1486 necem
968 1440 1080 1504 vsque
1096 1425 1193 1487 laeso
1213 1424 1458 1488 adversarium

180 1529 442 1592 conciliauit:
468 1530 745 1609 xenodochium,
767 1548 835 1610 quo
851 1532 969 1593 multis
983 1531 1089 1594 etiam
1104 1549 1124 1592 a
1141 1531 1362 1594 confessione
1377 1532 1452 1611 fuit,

179 1635 349 1698 iuuisit
363 1636 522 1715 saepius:
539 1636 689 1716 denique
711 1646 784 1699 tum
799 1655 843 1699 ex
864 1635 961 1715 filiis,
983 1648 1059 1700 tum
1079 1637 1363 1717 expuentibus,
1385 1637 1457 1700 fru-

192 1751 325 1805 ctum
341 1752 505 1822 expectat
521 1743 557 1805 in
571 1743 646 1806 dies
657 1744 868 1806 vberiorem.
882 1743 919 1807 P.
934 1743 1037 1807 Petro
1050 1742 1270 1807 Prodcachio
1282 1742 1293 1774 ³
1305 1744 1458 1807 confessi

204 1857 313 1910 suut
328 1849 435 1911 etiam
450 1850 567 1926 multi,
585 1868 656 1912 non
671 1851 747 1913 sine
767 1866 898 1929 magna
913 1850 980 1914 Dei
999 1850 1102 1913 laude
1122 1860 1155 1913 et
1170 1850 1305 1929 ingenti
1329 1851 1459 1915 anima·

214 1972 311 2018 xum
327 1956 455 2019 fructu.

289 2059 501 2125 Scholastici
516 2071 597 2125 sunt
612 2072 753 2126 centum
768 2064 890 2126 decem
906 2072 965 2125 aut
981 2063 1142 2142 ampliuS,
1157 2064 1283 2142 quibus
1295 2063 1458 2127 omnibus

205 2185 308 2231 curu
322 2185 415 2230 vnus
429 2165 468 2230 P.
490 2167 614 2232 Petrus
633 2169 792 2232 sufficere
811 2187 882 2232 non
902 2170 1100 2246 videretur,
1122 2170 1238 2255 visum
1260 2179 1313 2232 est
1331 2168 1369 2232 P.
1393 2168 1458 2232 Re·

208 2275 318 2337 ctori
333 2284 373 2337 vt
388 2274 454 2337 sibi
470 2276 661 2338 ascisceret
672 2287 831 2338 nostrum
842 2275 1059 2339 Antoninum
1072 2274 1094 2352 ³,
1108 2276 1177 2355 qui,
1193 2293 1273 2339 cum
1285 2277 1352 2339 hoc
1364 2277 1457 2355 quod

212 2379 319 2460 dico,
334 2391 408 2443 tum
421 2381 500 2443 aliis
511 2382 724 2459 muneribus
738 2382 850 2461 iisque
862 2381 985 2460 variis,
998 2382 1049 2445 sic
1061 2382 1294 2462 perfungitur,
1307 2391 1347 2444 vt
1357 2382 1460 2446 freno

222 2487 345 2566 potius
360 2504 466 2567 quarn
481 2488 680 2550 calcaribus
697 2489 732 2550 in
746 2488 814 2550 hoc
830 2488 1008 2551 laborioso
1032 2504 1137 2550 cursu
1152 2504 1258 2566 egere
1278 2488 1452 2551 videatur.

223 2592 342 2656 Huius
357 2593 528 2656 Antonini
542 2594 728 2657 sinceritas
741 2596 831 2657 alias
842 2594 980 2658 abunde
991 2595 1078 2657 satis
1090 2611 1128 2657 se
1139 2594 1387 2657 manifestabit.
1402 2593 1457 2657 De

228 2698 412 2763 Antonino
428 2699 550 2763 habes.

288 2805 475 2885 Cognosce
491 2807 533 2869 de
548 2806 705 2870 Antonio
725 2805 755 2887 ⁴,
773 2825 876 2887 quem
897 2807 1051 2870 arbitror
1071 2807 1251 2886 ingentem
1270 2823 1457 2869 conuersa·

228 2913 333 2976 tionis
348 2930 434 2975 suae
449 2912 581 2976 referre
596 2913 749 2977 Domino
771 2913 939 2991 fructum,
956 2913 1050 2993 quod
1064 2914 1193 2993 partim
1212 2913 1298 2977 mihi
1318 2921 1458 2976 constat

231 3037 275 3082 ex
296 3019 455 3099 pluribus
475 3021 551 3082 eius
572 3037 681 3099 opera
702 3020 747 3082 ad
766 3020 948 3083 meliorem
969 3018 1107 3098 frugem
1134 3036 1172 3082 se
1194 3019 1456 3099 recipientibus

230 3126 299 3189 imo
316 3144 361 3188 ex
376 3125 522 3205 meips0,
539 3126 614 3188 eius
629 3127 793 3206 exemplo
808 3144 879 3189 non
895 3125 1121 3189 mediocriter
1136 3125 1274 3203 adiuto,
1291 3143 1336 3188 ex
1351 3126 1457 3205 patri-

228 3232 361 3312 busque
377 3232 470 3295 idem
485 3231 727 3295 referentibus.
743 3231 902 3310 DubiteS,
920 3232 950 3295 si
961 3233 1096 3308 videas,
1111 3230 1399 3296 Oeconomumne
1410 3232 1459 3295 di·

228 3356 302 3416 cas,
318 3355 365 3400 an
380 3339 683 3416 concionatorem,
702 3357 747 3401 an
763 3338 847 3418 quid
862 3339 974 3413 aliud,
991 3356 1072 3401 cum
1087 3349 1121 3400 et
1137 3339 1186 3401 illi
1201 3339 1272 3401 iam
1288 3339 1338 3401 rei
1360 3338 1458 3401 farni-

227 3445 328 3508 liaris
342 3461 429 3507 cura
444 3445 637 3522 incumbat,
654 3454 688 3507 et
702 3448 822 3524 plures
837 3445 947 3507 verbo
962 3445 1058 3507 vitae
1074 3445 1246 3521 aedificet,
1264 3445 1385 3524 templi
1400 3463 1459 3507 ex·

229 3550 370 3614 truendi
390 3551 611 3632 ornandique
633 3551 837 3614 continuam
856 3560 959 3630 gerat
979 3551 1268 3628 sollicitudinem,
1292 3568 1363 3613 non
1384 3559 1457 3613 tam

228 3657 315 3736 eius,
332 3657 426 3738 quod
441 3658 552 3721 oculis
566 3666 674 3737 patet,
692 3657 853 3738 aedificii,
869 3675 975 3738 quam
990 3658 1077 3734 eius,
1094 3658 1188 3737 quod
1202 3657 1295 3743 intra
1311 3673 1376 3736 nos
1391 3666 1457 3722 est.

227 3763 343 3826 Huius
371 3763 553 3843 diligentia
583 3781 654 3827 non
678 3765 794 3826 minus
823 3764 885 3826 tibi
913 3773 1018 3842 atque
1047 3764 1147 3826 nobis
1176 3761 1362 3826 manifesta
1391 3773 1456 3828 est.

269 4040 277 4071 ¹
305 4039 336 4082 P.
346 4038 458 4092 Joennes
468 4039 626 4084 Laurentius
636 4039 819 4091 Cavaglierus.

268 4113 280 4143 ¹
307 4109 360 4163 sic;
369 4112 451 4154 eritne
459 4112 500 4155 hic
511 4112 554 4155 ille
564 4111 657 4156 Petrus
665 4112 791 4161 Pradeue.
800 4113 830 4155 de
839 4123 888 4166 quo
896 4111 1030 4155 Poeartcus
1037 4113 1063 4155 in
1071 4111 1205 4164 Chronico,
1213 4118 1231 4154 t.
1238 4121 1275 4165 tv,
1283 4121 1342 4164 pag.
1349 4110 1382 4163 22,
1390 4100 1457 4155 mdia?

267 4179 281 4212 ¹
306 4179 351 4226 Fr.
362 4183 511 4227 Antoninus
521 4183 552 4227 de
564 4183 690 4228 Henrieis.
702 4183 769 4228 Vide
781 4183 894 4228 Pouarcr
906 4182 1008 4236 Cimon„
1019 4192 1040 4226 t.
1057 4193 1092 4237 ιν,
1103 4195 1164 4238 pag.
1174 4183 1209 4234 21,
1220 4186 1308 4226 annot.
1317 4181 1339 4224 7.

266 4255 278 4287 ὁ
305 4251 351 4298 Fr.
361 4254 490 4299 Antonius
499 4266 515 4299 e
527 4254 635 4300 Robore.
647 4255 713 4300 Vide
724 4266 802 4309 supra
813 4262 831 4300 t.
843 4267 870 4310 11,
880 4266 940 4309 pag.
950 4253 996 4305 203.
1005 4263 1092 4299 annot.
1102 4257 1121 4306 1,
1132 4262 1158 4298 et
1169 4250 1460 4304 P01,nac1c}1r0n.,1oco

218 4336 308 4380 nuper
318 4326 411 4369 citato.
