3210 5392
632 446 696 500 ΑΝ.
720 442 789 500 1555
1267 439 1322 499 439

111 576 185 657 ipse
194 591 430 670 praecepisset.
443 589 617 653 Existimo
628 590 699 652 iam
710 588 851 652 Patrem
864 589 1029 651 maritum
1042 589 1128 665 eius,
1142 589 1217 651 iure
1234 589 1319 667 opti·

112 701 169 752 mo
194 695 319 762 ineam
343 714 570 776 succensum,
594 697 792 776 mitigasse,
820 707 854 759 et
874 696 1106 776 proculdubio
1137 708 1218 758 ante
1247 695 1321 757 dies

106 801 488 869 'multosdexterrimum
500 804 604 867 finem
619 804 689 866 hoc
701 804 882 882 negotium
899 802 1052 880 habebit,
1069 801 1148 865 Deo
1168 805 1318 864 uolente.

172 908 258 974 Alius
271 927 410 992 quoque
425 910 530 974 homo
546 911 661 974 luerat
683 910 882 989 aconiugis
906 927 993 972 suae
1015 909 1246 972 contubernio
1271 927 1319 969 se·

97 1022 244 1087 paratus
257 1018 382 1097 uiginti
397 1028 551 1098 quatuor
570 1034 693 1094 annos,
715 1016 808 1079 vnde
824 1016 960 1094 mulier,
982 1016 1206 1078 occasionem
1232 1013 1321 1076 acci-

93 1117 214 1201 piens,
228 1125 329 1186 alteri
339 1124 474 1187 homini
485 1125 671 1187 inhonesto
684 1123 802 1186 animo
814 1123 1037 1185 adhaeserat:
1050 1140 1131 1185 curn
1144 1121 1321 1184 hominem

89 1221 198 1292 hunc
209 1230 350 1310 quidam
368 1230 609 1294 confessarius
631 1230 797 1293 enostris
820 1229 957 1292 audiret
977 1227 1211 1305 confitentem,
1234 1237 1271 1289 ut
1286 1227 1321 1289 in

87 1335 282 1411 pristinam
303 1337 497 1401 amicitiam
516 1354 597 1400 cum
621 1354 685 1399 sua
707 1337 858 1415 coniuge
879 1336 1011 1399 rediret
1031 1352 1110 1398 eum
1126 1334 1320 1413 admonuit,

10 1482 15 1537 l
80 1442 177 1519 qui,
191 1453 224 1507 ut
237 1445 369 1508 coniux
384 1461 448 1507 sua
464 1444 510 1507 ad
530 1461 568 1506 se
588 1445 706 1507 animo
722 1461 848 1506 securo
865 1443 1007 1521 rediret,
1024 1442 1201 1522 pollicitus
1215 1450 1269 1503 est
1285 1457 1323 1503 se

10 1546 12 1615 f
79 1562 339 1632 quaecumque
355 1551 461 1615 Pater
475 1551 623 1614 dixisset
638 1559 882 1613 executurum:
894 1549 1012 1613 multis
1023 1565 1109 1628 ergo
1120 1548 1235 1611 modis
1250 1556 1322 1610 ten·

81 1662 210 1720 tatum
223 1668 275 1721 est
290 1667 327 1721 ut
342 1657 468 1721 mulier
484 1656 529 1721 ad
545 1658 710 1720 maritum
726 1657 872 1734 rediret;
886 1656 959 1732 sed,
977 1654 1121 1718 nimium
1138 1655 1180 1718 de
1192 1671 1256 1717 sua
1270 1672 1322 1716 sa·

84 1759 177 1824 tute
194 1774 368 1844 suspecta,
391 1764 581 1827 uerebatur
600 1764 636 1827 id
651 1762 799 1840 efficere;
822 1762 883 1825 sed
904 1762 1024 1825 statim
1039 1773 1076 1824 ut
1092 1762 1190 1824 nouit
1207 1761 1324 1823 uirum

81 1878 201 1935 suum
222 1871 364 1934 cuidam
390 1870 568 1934 sacerdoti
589 1881 733 1934 nostrae
756 1867 944 1932 Societatis
968 1868 1077 1931 luisse
1107 1866 1322 1944 consessum,

84 1976 244 2042 multum
263 1979 331 2041 hoc
348 1995 419 2041 uno
441 1975 587 2055 confisa,
611 1993 649 2039 se
671 1977 707 2039 in
728 1976 844 2038 mariti
866 1975 1007 2039 domum
1030 1976 1106 2037 sola
1129 1974 1272 2055 recepit,
1290 1984 1323 2036 et

10 2130 14 2175 -,
85 2076 153 2138 ad
172 2085 274 2162 pedes
294 2086 371 2148 eius
394 2084 544 2161 abiecit,
567 2085 751 2163 postulans
771 2082 917 2146 conscia
946 2083 1001 2146 sui
1023 2081 1193 2154 criminis
1217 2081 1323 2160 quod-

10 2178 14 2255 ἶ
83 2194 247 2273 cumque
272 2193 391 2270 uellet,
416 2191 459 2255 de
479 2209 518 2254 se
538 2190 749 2271 supplicium
772 2190 960 2268 acciperet,
984 2189 1046 2251 sed
1063 2189 1129 2263 uir,
1154 2188 1324 2251 ardentis·

85 2285 188 2361 Simo
202 2300 305 2363 simul
320 2316 364 2362 ac
379 2300 528 2363 honesto
544 2298 619 2362 eius
634 2315 756 2361 amore
771 2310 908 2377 captuS,
926 2297 1084 2359 criminis
1096 2297 1172 2358 eius
1184 2296 1322 2371 oblitus,

84 2403 230 2481 magna
245 2405 432 2469 alacritate
452 2405 560 2468 animi
580 2422 659 2467 eam
681 2404 832 2484 excepit,
850 2421 930 2466 cum
950 2421 1019 2483 qua
1035 2403 1262 2482 tranquillam
1277 2402 1323 2464 ui·

78 2498 173 2571 tam
187 2512 273 2593 agit,
297 2520 332 2575 et
347 2512 383 2575 in
398 2511 522 2574 eadem
538 2512 792 2592 tranquillitate
811 2520 1103 2588 perseueraturos
1124 2509 1228 2572 ambo
1244 2527 1323 2572 con·

76 2594 248 2682 fidimus,

152 2723 261 2790 Alius
276 2726 384 2789 homo
411 2726 594 2788 mulierem
613 2725 804 2806 quamdam
825 2743 844 2787 e
869 2725 975 2788 domo
1001 2724 1055 2786 sui
1081 2723 1193 2803 patris
1219 2721 1324 2785 abdu-

69 2821 212 2910 xerat,
239 2849 388 2913 eamque
407 2832 582 2895 detulerat
603 2832 639 2895 in
661 2832 753 2895 hanc
767 2832 959 2909 ciuitatem,
976 2848 1057 2893 cum
1077 2847 1157 2910 qua,
1180 2828 1325 2909 perinde

64 2926 203 3010 atque
227 2940 258 3002 si
276 2939 426 3003 maritus
441 2939 516 3002 eius
531 2948 637 3014 esset,
652 2957 723 3001 una
739 2939 774 3002 in
789 2937 893 3001 domo
909 2937 1103 3001 habitabat:
1124 2936 1326 3015 compulsus

60 3033 143 3095 ‘St
166 3044 228 3110 hic
247 3047 354 3110 homo
373 3047 538 3126 precibus
558 3045 742 3109 cuiusdam
761 3045 882 3123 amici,
907 3055 945 3108 ut
966 3044 1002 3106 in
1028 3055 1189 3107 nostrum
1214 3041 1325 3105 Colle·

60 3133 196 3217 giam
217 3155 367 3229 ueniret,
390 3155 509 3234 ibique
531 3153 673 3217 cuidam
697 3170 716 3215 e
740 3153 873 3216 nostris
897 3151 1061 3214 Patribus
1086 3149 1324 3213 confiteretur:

61 3242 302 3324 admonitus
318 3272 370 3324 est
385 3262 421 3325 in
438 3260 671 3337 consessione,
689 3270 727 3323 ut
742 3271 938 3339 peccatum,
956 3259 990 3321 in
1006 3276 1074 3339 quo
1089 3256 1326 3337 tranquillime

55 3348 313 3445 perstiterat,
331 3369 432 3448 quasi
458 3385 479 3430 a
502 3368 592 3430 facie
614 3366 762 3444 colubri,
790 3365 968 3446 Sapientis
994 3364 1140 3428 consilio
1151 3362 1325 3443 ,;lugeret

56 3456 212 3557 lleque
233 3476 489 3555 supellectilem
514 3474 705 3555 quamdam
724 3491 796 3537 non
815 3473 1007 3550 modicam,
1030 3489 1136 3552 quam
1161 3472 1198 3534 in
1222 3471 1326 3533 domo

52 3543 191 3644 lllius
204 3581 382 3645 foeminae
396 3582 563 3660 habebat,
579 3581 713 3644 ueritus
728 3591 781 3643 est
796 3581 959 3644 amittere
974 3597 1029 3656 ne,
1046 3579 1129 3641 dum
1145 3579 1238 3641 hanc
1258 3578 1326 3640 uel·

52 3652 133 3736 let
151 3704 385 3770 recuperare,
406 3686 474 3752 Dei
493 3688 744 3768 grauissimam
765 3687 939 3751 iacturam
954 3686 1070 3749 denuo
1089 3684 1233 3761 faceret;
1251 3683 1323 3760 sed,

45 3774 211 3880 Ileque
225 3797 293 3858 hoc
309 3804 507 3872 contentuS,
526 3812 607 3858 eam
620 3794 781 3858 adhibuit
797 3810 953 3874 operam,
970 3802 1008 3854 ut
1022 3792 1205 3855 mulierem
1220 3790 1326 3851 etiam

46 3882 114 3945 ¹¹¹
138 3895 227 3965 loco
244 3902 400 3983 quodam
421 3903 569 3966 honesto
592 3904 796 3978 collocaret,
817 3910 856 3963 ut
871 3911 904 3963 et
919 3901 996 3979 ipsa
1018 3917 1055 3962 se
1079 3908 1191 3960 totam
1206 3896 1326 3959 diuino

50 3988 245 4072 seruitio
260 4007 428 4087 traderet,
445 4010 540 4072 uelut
562 4018 597 4071 et
621 4008 696 4089 ipse
710 4007 840 4084 facere,
864 4007 983 4070 diuina
1004 4006 1121 4085 gratia
1141 4002 1324 4079 adiutrice,

52 4096 346 4192 proposuerat.

159 4215 238 4284 Fuit
251 4232 288 4285 et
304 4221 395 4285 alius
411 4222 530 4301 homo,
547 4221 606 4303 qui
622 4221 705 4301 iugo
721 4221 936 4284 matrimonii
948 4220 1123 4283 ceruicem
1135 4233 1324 4298 supposue-

54 4311 242 4407 rat2qui
257 4345 340 4392 cum
354 4328 470 4391 aliena
491 4328 638 4391 muliere
657 4327 841 4390 inhoneste
866 4328 976 4390 multo
996 4337 1154 4404 tempore
1174 4324 1323 4398 uixerat,

61 4421 196 4493 Vnde
207 4436 332 4501 mulier·
346 4435 423 4498 eius
437 4451 610 4514 germana
627 4435 728 4498 alteri
743 4435 850 4498 etiam
869 4434 1002 4497 homini
1017 4450 1055 4496 se
1078 4430 1269 4511 copulauit,
1288 4442 1325 4492 ut

65 4512 196 4598 mem
208 4552 367 4620 patraret
381 4542 508 4618 scelus
526 4542 619 4621 quod
634 4551 668 4604 et
683 4542 849 4604 maritum
867 4557 971 4604 suum
985 4539 1156 4602 aduersus
1172 4556 1210 4601 se
1225 4537 1323 4601 fecis·

64 4635 128 4690 se
158 4649 451 4730 conquerebatur,
472 4665 554 4711 cum
568 4665 637 4728 quo
652 4648 817 4710 homine
808 4665 844 4710 1n
866 4648 973 4710 aliam
993 4647 1174 4724 regionem
1189 4644 1324 4723 longin-
