3240 5386
674 446 738 505 Aa.
761 446 831 505 tarn
1324 445 1376 506 139

140 593 297 672 placere,
310 590 369 672 qui
385 608 535 655 vxorem
549 609 688 673 quoque
700 592 852 654 habebat
863 591 1100 670 superstitem,
1118 608 1197 654 cum
1212 609 1282 672 quo
1297 594 1376 671 plus

140 699 259 761 minus
270 697 311 761 at
322 699 425 762 annis
437 698 617 777 illegitime
629 711 663 761 et
675 697 850 777 impudice
863 715 1092 775 conuersans‚
1107 700 1224 777 proles
1236 716 1375 778 quoque

139 806 332 868 nonnullas
343 823 388 868 ex
399 806 459 869 illo
474 806 691 868 adulterinas
704 806 870 884 suscepit,
884 823 973 885 quas
984 805 1079 867 domi
1093 805 1178 868 aluit
1191 805 1285 884 apud
1298 823 1375 886 pro·

139 912 259 990 prium
274 913 458 991 maritum,
486 912 642 975 omnium
669 913 817 974 istorum
842 913 1023 990 ignarum;
1051 912 1139 974 haec
1155 912 1296 992 quidem
1312 931 1374 992 per

136 1019 298 1098 spatium
311 1017 353 1082 20
366 1036 539 1083 annorum
555 1037 662 1099 saepe
688 1019 850 1082 confessa
873 1029 937 1097 est,
955 1031 989 1082 et
1008 1019 1295 1095 communicauit,
1313 1021 1375 1081 sed

138 1143 337 1206 numquam
352 1127 503 1205 integre,
521 1127 602 1206 quia
619 1127 661 1189 de
687 1125 861 1190 adulterio
884 1143 1023 1205 semper
1039 1125 1166 1204 tacuit,
1195 1136 1228 1189 et
1254 1129 1305 1201 (vt
1324 1126 1375 1202 fit)

136 1233 176 1294 in
190 1233 428 1312 gravissimos
442 1250 583 1296 errores
597 1233 821 1313 postmodum
837 1232 1026 1309 inciderat,
1042 1250 1133 1312 quae
1148 1242 1266 1296 tamen
1279 1251 1373 1296 nunc

136 1340 264 1403 sedulo
280 1339 430 1403 recurrit
440 1340 487 1402 ad
502 1357 604 1402 suum
620 1340 761 1403 Patrem
772 1340 1042 1418 confessarium,
1060 1340 1246 1403 consilium
1264 1340 1374 1421 inqui-

139 1463 225 1508 rens
240 1456 274 1508 et
290 1444 447 1522 modum,
464 1463 533 1525 quo
548 1447 660 1526 possit
675 1446 812 1526 integre
833 1446 1052 1524 satisfacere,
1070 1456 1104 1509 et
1120 1447 1162 1509 de
1178 1446 1250 1509 suis
1266 1448 1374 1510 omni-

137 1554 209 1615 bus
223 1553 269 1616 ad
283 1553 437 1631 gloriam
452 1551 518 1615 Dei
534 1553 732 1633 disponere.

204 1658 337 1722 Omnes
346 1670 430 1735 tres,
440 1661 628 1722 occasione
637 1661 768 1734 oblata,
778 1661 882 1723 simul
890 1661 1039 1740 profecti
1049 1677 1170 1723 sumus
1179 1660 1375 1741 inpatriam

139 1765 180 1828 P.
200 1765 370 1829 Anthonii
390 1765 396 1797 ¹
413 1785 494 1830 cum
515 1784 645 1846 magna
672 1767 916 1832 aedificatione
936 1769 1141 1842 multorum,
1167 1768 1293 1848 quibus
1320 1785 1375 1831 oc·

136 1875 321 1937 currimns
341 1875 376 1936 in
391 1874 461 1951 via,
481 1886 514 1938 et
531 1892 620 1954 quos
639 1873 849 1938 offendimus
875 1875 910 1937 in
936 1875 1099 1955 hospitiis
1124 1885 1158 1938 et
1181 1876 1260 1937 aliis
1274 1876 1374 1951 lociS,

143 1981 355 2060 praesertim
370 1982 595 2044 monasteriis
610 1982 768 2045 virorum
781 1990 814 2043 et
830 1981 1026 2059 mulierum,
1039 1982 1100 2045 vbi
1114 1998 1221 2062 saepe
1237 1982 1373 2061 praedi·

138 2087 315 2162 cauimuS,
333 2088 423 2149 inter
439 2098 580 2150 caetera
596 2105 734 2167 quoque
752 2088 786 2150 in
803 2088 1017 2150 monasterio
1038 2086 1255 2166 Tudiniensi,
1273 2089 1374 2151 cuius

141 2210 267 2257 curam
278 2193 467 2274 aliquando
481 2194 601 2257 habuit
613 2193 649 2256 P.
668 2194 863 2257 Vrsmarus
875 2193 898 2271 ²3
915 2205 948 2257 et
961 2195 1042 2257 licet
1054 2195 1090 2257 in
1102 2195 1201 2258 initio
1213 2213 1257 2258 ne
1269 2195 1375 2258 intro·

142 2300 286 2363 mittere
303 2300 441 2380 quidem
458 2318 524 2363 nos
544 2302 684 2378 vellent,
709 2302 932 2381 postmodum
953 2302 1135 2365 discedere
1149 2319 1220 2365 non
1236 2303 1375 2381 permit·

142 2407 323 2483 rebamur,
344 2415 378 2469 et
397 2419 478 2469 ante
501 2406 695 2471 discessum
711 2408 843 2472 hortati
858 2426 980 2472 sumus
1000 2426 1061 2472 eas
1080 2409 1114 2471 in
1131 2408 1325 2485 communi,
1343 2418 1376 2470 et

143 2518 178 2578 in
196 2516 337 2595 priuato
354 2514 565 2594 perfecimus
580 2534 633 2591 ea,
656 2516 700 2577 ob
716 2533 807 2596 quae
828 2535 848 2579 a
870 2518 1012 2596 magnis
1031 2516 1119 2578 viris
1137 2534 1178 2579 eo
1195 2516 1292 2578 missi
1305 2515 1376 2578 fne-

143 2637 276 2685 ramus

205 2727 418 2792 Concionati
444 2745 582 2808 quoque
609 2745 729 2791 sumus
757 2729 868 2792 variis
893 2730 928 2791 in
956 2731 1042 2792 locis
1063 2730 1203 2805 ibidem,
1228 2729 1273 2793 ad
1289 2746 1378 2809 quas

141 2833 338 2899 conciones
362 2835 491 2915 ubique
513 2845 634 2898 tantus
655 2835 866 2898 accurrebat
889 2839 1055 2916 pupulus,
1077 2837 1184 2899 etiam
1205 2836 1378 2916 operariis

140 2942 279 3019 diebuS,
293 2951 446 3021 quantus
458 2942 547 3004 solet
558 2944 615 3004 vel
628 2942 663 3005 in
676 2943 877 3023 praecipuis
890 2943 1184 3006 solemnitatibus.
1199 2943 1301 3005 Hanc
1317 2960 1377 3022 pa·

140 3050 262 3125 trium,
279 3049 414 3112 nonita
430 3050 539 3112 multo
552 3061 631 3128 post
647 3050 798 3113 reditum
815 3060 992 3126 nostrum,
1008 3051 1185 3129 gallorum
1198 3050 1378 3112 exercitus

141 3173 277 3236 magna
292 3174 337 3218 ex
352 3164 453 3235 parte
468 3156 648 3233 caedibuS,
666 3156 873 3235 captivitate
896 3167 1002 3235 atque
1023 3157 1186 3220 incendio
1207 3156 1376 3231 uastauit,

139 3280 212 3344 quo
228 3272 364 3342 postea,
380 3261 537 3324 collectis
557 3280 602 3325 ex
622 3263 849 3341 eleemosyna
869 3263 987 3326 aureis
1002 3280 1073 3325 non
1088 3263 1225 3342 paucis,
1242 3261 1279 3324 P.
1306 3261 1379 3324 An.

141 3370 290 3432 thonius
313 3386 352 3431 se
376 3369 504 3431 iterum
519 3369 682 3445 contulit,
700 3378 738 3431 vt
760 3370 869 3432 verbo
893 3380 927 3432 et
942 3369 1099 3432 subsidio
1120 3370 1326 3448 pecuniario
1343 3370 1378 3431 in

142 3477 317 3540 vastitate
328 3475 399 3553 illa,
412 3492 498 3555 prae
514 3475 620 3538 nimia
637 3476 792 3551 tristitia,
810 3475 1040 3551 desolatione,
1058 3485 1092 3538 et
1107 3475 1215 3538 etiam
1227 3475 1320 3539 fame
1337 3493 1378 3537 ac

142 3583 308 3664 penuria,
325 3581 528 3646 deficientes
555 3584 731 3646 solaretur
757 3593 791 3646 et
815 3583 984 3663 erigerem
1013 3600 1103 3662 quae
1130 3599 1188 3645 res
1213 3599 1381 3661 magnam

141 3707 253 3771 quam
264 3690 426 3770 plurimis
438 3677 553 3753 attulit
566 3689 861 3753 aedificationem.
876 3689 981 3752 Pater
994 3708 1133 3770 quoque
1145 3690 1257 3769 patris
1268 3690 1380 3752 nostri

142 3795 320 3861 Anthonii
333 3796 445 3873 (cuius
456 3797 561 3875 paulo
574 3805 657 3860 ante
669 3798 873 3875 generalem
888 3798 996 3860 totius
1008 3798 1103 3860 vitae
1120 3796 1380 3860 confessionem

140 3902 371 3979 audiueram)
384 3919 426 3964 eo
438 3902 474 3965 in
486 3904 635 3965 tumultu
652 3920 673 3965 a
687 3903 791 3982 gallis
806 3914 932 3983 captus
947 3903 1028 3979 fuit,
1045 3914 1079 3966 et
1094 3904 1143 3966 ita
1158 3904 1288 3967 misere
1303 3920 1381 3965 crn-

140 4011 280 4084 ciatuS,
297 4018 336 4071 vt
351 4009 387 4070 in
407 4008 543 4087 itinere,
561 4018 751 4088 antequam
773 4010 819 4072 ad
841 4011 993 4089 patriam
1013 4009 1159 4088 rediret,
1182 4021 1380 4072 extremum

145 4115 329 4179 exhalarit
343 4115 506 4194 spiritum
523 4116 635 4190 (cuius
651 4116 805 4178 animam
825 4128 966 4196 patrum
983 4135 1025 4179 ac
1051 4117 1201 4180 fratrum
1216 4116 1381 4196 precibus

142 4225 182 4286 in
200 4221 355 4285 Domino
371 4221 684 4300 commendamus).

203 4328 447 4392 Transeuntes
457 4346 596 4409 quoque
608 4328 731 4393 Patres
741 4329 972 4408 Quintinuset
984 4329 1185 4393 Anthonius
1195 4329 1381 4408 Leodium,

189 4610 195 4639 ¹
230 4605 365 4650 Binchlum
375 4605 488 4659 (Binclr),
500 4617 566 4661 quae
577 4608 665 4661 patrla
675 4613 733 4651 erat
746 4607 776 4649 Ρ.
790 4608 903 4651 Antonio
915 4608 1029 4651 Pouclct.

184 4678 197 4709 ¹
228 4677 370 4722 Ursmnrus
381 4677 503 4721 Golsson.
528 4677 592 4722 Vide
605 4678 650 4722 Por
660 4690 718 4721 axcr
732 4679 834 4724 Cltrou..
846 4689 863 4722 t.
876 4691 910 4731 rc,
923 4691 982 4734 pag.
993 4680 1042 4732 aas,
1054 4691 1080 4722 n.
1091 4680 1131 4723 bib
1142 4685 1167 4723 et
1177 4685 1267 4724 annot.
1280 4679 1303 4722 l.

581 5064 664 5185 f
714 4968 853 5149 Ι)
