3210 5392
197 423 253 483 382
586 423 1042 492 Ltrrananouaumuusrnas

198 569 397 633 dicatorum
425 571 510 649 viri,
540 570 711 649 Magister
739 571 913 634 Canarius
944 570 952 600 ¹
982 582 1016 634 et
1041 571 1216 651 Magister
1241 572 1374 636 Vicent

202 676 344 739 Caluus.
371 677 494 757 Agunt
517 677 701 741 dialectice
730 690 764 741 et
789 678 987 756 theologice
1015 680 1124 742 semel
1152 688 1259 760 atque
1289 680 1375 743 iteru

197 784 329 846 frustra
343 793 462 847 tamen
477 783 721 847 efficacissima
742 801 806 846 sua
832 794 1043 863 argumenta
1065 794 1287 865 proponunt;
1306 787 1372 850 obc

197 898 316 953 catum
332 891 425 953 enim
439 903 516 955 erat
542 908 603 953 cor
625 891 727 953 illius.
752 890 853 954 Mane
869 893 967 955 solus
988 890 1023 954 Ρ.
1040 892 1194 968 XuareZ,
1213 893 1272 956 cui
1288 894 1366 974 ipse

196 995 326 1059 auditis
346 998 568 1060 contionibus
589 1007 665 1060 erat
685 997 845 1073 affectus,
863 997 1017 1078 quadam
1032 999 1136 1062 suaui
1151 999 1375 1064 ratiocinati<

194 1103 275 1167 illuc
290 1122 370 1167 eum
385 1103 537 1181 deducit,
554 1116 592 1168 vt
608 1115 747 1185 optaret
762 1114 796 1168 et
811 1123 856 1168 ex
871 1105 988 1168 animo
1008 1115 1144 1184 peteret
1158 1123 1179 1167 a
1194 1105 1355 1169 Domino
1370 1130 1375 1167 ι

195 1210 346 1273 utrinam
367 1221 400 1275 et
420 1211 516 1274 viam
535 1212 676 1274 salutis:
699 1212 786 1274 haec
813 1220 979 1290 precatus
1003 1212 1063 1273 illa
1085 1220 1188 1274 nocte
1209 1213 1360 1292 quieuit:

193 1318 313 1396 quenti
328 1334 415 1381 vero
430 1318 497 1395 die,
514 1318 660 1382 exordio
676 1319 770 1381 facto
785 1337 806 1381 a
821 1326 995 1398 potestate
1008 1315 1143 1381 Summi
1154 1317 1352 1397 Pontificis,
1369 1341 1375 1380 r

193 1422 319 1488 doctus
334 1436 387 1488 est
402 1442 542 1488 errores
556 1423 712 1503 Lutheri,
727 1426 850 1506 hisque
866 1425 1027 1487 omnibus
1039 1422 1222 1504 abjuratis,
1238 1426 1375 1490 confes

192 1540 246 1594 est
270 1542 432 1595 sanctam
446 1531 644 1594 Ecclesiam
665 1531 887 1595 catholicam:
909 1542 944 1594 et
964 1529 1073 1594 dilata
1093 1548 1157 1611 per
1174 1530 1317 1611 judices
1331 1535 1375 1596 lat

193 1639 386 1703 sententiae
413 1638 634 1718 executione,
661 1639 796 1700 reuelat
817 1655 881 1700 sua
903 1637 1052 1701 crimina
1075 1640 1236 1717 sequenti
1261 1649 1369 1703 nocte

191 1756 334 1826 postero
349 1744 405 1808 die
419 1745 560 1809 circiter
577 1746 701 1825 viginti
721 1745 820 1808 horis
835 1743 857 1823 ²,
878 1762 961 1807 nam
976 1744 1059 1808 totis
1074 1745 1221 1823 triginta
1237 1763 1305 1808 sex
1320 1763 1375 1808 ant

190 1853 391 1934 praeteritis
405 1870 584 1932 nunquam
599 1852 783 1916 confessus
798 1851 925 1915 suerat:
952 1864 985 1915 et
1010 1853 1169 1933 sequenti
1184 1852 1240 1915 die
1263 1853 1301 1916 in
1317 1853 1375 1916 altr

189 1960 331 2040 publico
355 1960 522 2036 carceris,
550 1959 670 2022 audita
696 1960 815 2032 missa,
843 1958 1010 2038 abjurans
1034 1959 1172 2037 publice
1198 1976 1358 2038 erroreS,

190 2068 374 2131 confessus
388 2067 584 2130 catholicas
599 2067 779 2142 veritates,
793 2065 947 2146 suscepit
960 2065 1207 2128 Eucharistiae
1218 2082 1375 2129 sacram<

189 2185 274 2237 tum.
291 2173 357 2236 His
370 2174 542 2237 successit
558 2173 682 2236 concio
697 2171 814 2235 Patris
830 2172 1010 2252 Baptistae
1036 2173 1068 2234 in
1090 2174 1292 2251 gratiarum
1313 2183 1375 2236 act

189 2298 281 2344 nem:
301 2297 391 2361 quae
411 2281 528 2343 omnia
556 2281 732 2343 maximae
755 2280 852 2342 suere
874 2279 1027 2342 laetitiae
1049 2290 1155 2359 atque
1180 2279 1375 2343 aedificati<

188 2405 259 2451 non
274 2389 388 2451 solum
404 2388 469 2450 toti
490 2387 639 2464 carceri,
661 2387 723 2450 sed
745 2387 852 2450 etiam
872 2403 1024 2465 magnae
1040 2387 1133 2466 parti
1148 2387 1318 2450 ciuitatis.
1332 2387 1375 2450 Pr

188 2496 277 2559 haec
297 2495 417 2558 detulit
440 2494 485 2557 ad
504 2494 731 2574 inquisitores
752 2494 885 2573 aliquot
910 2493 1029 2556 delicti
1051 2493 1106 2556 sui
1125 2494 1331 2574 complices,
1348 2514 1375 2574 q

186 2603 343 2666 futurum
359 2602 394 2664 in
409 2600 562 2664 Domino
574 2619 760 2681 speramus
772 2600 1009 2680 colligendam
1021 2617 1099 2662 esse
1111 2600 1297 2678 zizaniam,
1312 2619 1375 2682 qua

186 2710 243 2773 ille
255 2709 419 2772 inimicus
434 2709 538 2771 homo
553 2709 588 2770 in
604 2709 847 2788 huncquoque
863 2685 1044 2785 regionem
1059 2707 1317 2771 disseminauit.

246 2814 433 2879 Accedens
458 2825 643 2894 praeterea
668 2813 705 2877 P.
728 2814 889 2894 Baptista
911 2813 1086 2894 aliquibus
1106 2811 1234 2876 diebus
1255 2814 1375 2878 festis:

185 2925 266 2986 litus
280 2922 445 2999 fluminis,
466 2920 525 2984 ubi
545 2919 731 2984 multitudo
753 2921 896 2983 nauium
916 2930 1127 2996 remoratur,
1153 2930 1187 2984 et
1203 2921 1375 2984 exhortat

184 3032 372 3094 naucleros
386 3030 628 3109 reliquamque
650 3028 830 3091 nauticam
850 3027 1111 3090 multitudinem
1126 3027 1172 3090 ad
1188 3046 1375 3092 sacramen

183 3137 416 3200 consessionis
431 3147 465 3197 et
480 3134 718 3198 eucharistiae
734 3152 805 3196 non
823 3135 898 3197 sine
911 3134 1027 3197 fructu
1041 3135 1208 3212 maximo,
1222 3152 1308 3198 ecce
1323 3136 1375 3198 eni

182 3243 228 3306 ad
253 3261 317 3305 nos
339 3242 519 3305 confluunt
544 3242 667 3304 diebus
691 3242 874 3320 paschatis
898 3242 997 3304 multi
1023 3240 1184 3304 homines
1210 3242 1376 3305 huiusmo

182 3349 390 3412 consessuri.
407 3349 550 3427 Reperit
570 3349 676 3411 etiam
701 3366 891 3427 puerorum
915 3358 1097 3411 cateruam
1114 3346 1217 3427 juxta
1243 3348 1374 3412 idemfl

183 3475 275 3533 men,
286 3456 436 3519 fustibus
447 3472 570 3517 coram
581 3456 784 3535 spectaculo
797 3471 927 3532 magno
940 3456 1032 3517 vltro
1046 3455 1206 3534 citroque
1218 3454 1375 3534 digladia

182 3565 280 3640 tium,
297 3580 404 3643 quam
416 3562 466 3640 (ut
481 3561 604 3639 fertur)
619 3579 685 3624 nec
696 3562 840 3624 lictores
851 3560 917 3641 ipsi
933 3570 1097 3641 poterant
1108 3562 1303 3640 aliquando
1319 3580 1375 3625 cor

182 3671 346 3751 primere,
362 3678 397 3732 et
412 3669 549 3730 blandis
564 3668 787 3730 sermonibus
802 3668 972 3746 alliciens,
989 3668 1100 3731 veluti
1111 3685 1280 3748 pompam
1294 3687 1375 3749 quar

181 3778 263 3841 dam
278 3776 374 3839 ducit
388 3792 450 3856 per
466 3775 618 3837 mediam
640 3775 773 3852 urbem,
797 3774 874 3853 ipso
893 3774 1032 3837 dicente
1048 3785 1082 3836 et
1105 3774 1174 3836 illis
1196 3776 1373 3855 responde

180 3885 273 3947 tibus
298 3883 508 3956 doctrinam,
529 3898 642 3961 vsque
662 3881 707 3943 ad
728 3881 854 3943 domus
877 3897 1084 3960 pauperum,
1100 3881 1162 3944 vbi
1182 3881 1295 3945 fustes
1310 3882 1375 3944 ini

180 4008 258 4054 sces
273 3989 482 4069 congregati
505 3987 585 4050 l'oco
605 4004 800 4066 pauperum
819 3986 1044 4066 deputantur,
1061 3998 1096 4050 et
1111 3989 1224 4068 pueri,
1242 4005 1375 4051 sermor

180 4097 311 4175 habitu,
335 4096 505 4160 benevole
532 4094 765 4168 dimittuntur,
793 4094 882 4156 adeo
909 4093 1009 4156 nobis
1031 4094 1121 4157 bene
1136 4093 1264 4170 affecti,
1292 4107 1328 4157 ut
1350 4095 1375 4156 d

179 4221 275 4266 mum
300 4220 411 4282 vsque
437 4209 597 4264 nostram
620 4199 744 4263 Patres
764 4201 1033 4277 comitarentur,
1059 4217 1101 4262 ac
1120 4211 1257 4280 postea,
1285 4201 1375 4264 relict

179 4309 443 4388 digladiatione,
462 4307 614 4369 ultronei
630 4307 676 4369 ad
688 4305 812 4368 Patres
828 4307 1070 4370 conuenirent.

238 4415 357 4479 Simile
382 4414 623 4494 spectaculum
647 4412 890 4492 gratissimum
913 4411 977 4474 luit
1006 4413 1158 4487 ciuitati;
1187 4413 1375 4476 tantumder

218 4588 229 4618 ⁴
256 4584 322 4628 Vide
333 4595 421 4637 supra,
432 4595 492 4638 pag.
503 4583 552 4631 378.
568 4589 656 4626 annot.
670 4583 690 4624 1.

217 4657 228 4687 l
257 4656 336 4698 Recte
348 4656 395 4697 hoc
407 4667 438 4697 ex
450 4656 558 4708 hispano
570 4654 709 4708 intelliges,
718 4665 806 4707 supra,
817 4653 932 4707 paphu.
