3210 5392
192 461 247 521 722
580 457 752 516 errsaan
771 472 1042 525 ouaoanrssraes

194 608 310 685 docet,
327 606 516 685 aliquando
532 604 714 686 praedicat
729 603 868 666 animae
883 605 1049 666 salutem:
1072 612 1107 666 et
1121 603 1211 668 haec
1227 614 1291 680 est,
1313 605 1345 668 R.
1363 604 1391 668 P.

194 732 331 778 summa
347 730 470 776 earum
485 728 604 774 rerum
619 707 710 790 quae
723 708 928 791 frequenter
943 709 1020 773 fieri
1033 711 1161 774 solent.

254 822 329 886 Iam
344 820 389 883 ad
404 838 447 882 ea
462 818 731 895 descendamus
748 835 839 897 quae
854 817 974 881 diuina
988 818 1129 882 bonitas
1143 837 1209 900 per
1223 818 1335 883 Patres
1345 836 1390 882 no·

195 930 258 994 stri
274 928 423 1007 Collegii
438 937 585 1007 operata
600 935 664 1005 est,
681 943 726 989 ex
741 926 868 1006 quibus
881 942 953 988 non
968 927 1085 989 minor
1097 926 1165 990 Dei
1178 928 1255 990 laus
1265 927 1338 991 oriri
1346 944 1390 1006 po·

195 1047 274 1100 test.
291 1035 475 1115 Quaedam
488 1034 593 1112 virgo
608 1032 686 1095 Deo
701 1043 922 1109 consecrata,
939 1049 1031 1113 quae
1045 1032 1116 1097 iam
1133 1033 1230 1096 votis
1243 1051 1279 1097 se
1291 1033 1389 1097 astrin-

195 1152 313 1217 xerat,
330 1159 410 1206 cum
426 1160 448 1204 a
463 1139 633 1204 coenobio
647 1140 796 1202 latenter
815 1138 980 1218 fugisset,
996 1139 1096 1202 venit
1118 1139 1154 1203 in
1175 1141 1267 1204 hanc
1282 1141 1388 1215 urbem,

195 1268 298 1331 quae,
315 1248 436 1313 audita
451 1248 621 1312 concione
636 1246 820 1309 cuiusdam
834 1246 948 1309 nostri
962 1245 1095 1325 fratris,
1112 1247 1204 1310 adeo
1219 1248 1297 1311 facti
1316 1248 1388 1310 illan

196 1357 378 1438 poenituit,
395 1366 432 1418 ut
448 1355 567 1419 statim
582 1355 618 1417 in
633 1353 776 1417 domum
791 1362 949 1417 nostram
965 1352 1125 1434 profecta
1136 1354 1288 1418 fueritvt
1300 1353 1386 1418 nostri

195 1465 320 1529 Patres
334 1464 441 1543 (quos
456 1463 515 1525 illa
530 1463 641 1524 bonos
657 1461 803 1541 putabat
818 1460 994 1538 medicos)
1016 1461 1229 1527 medicinam
1244 1478 1303 1526 suo
1319 1462 1389 1525 nalo

195 1570 373 1649 afferrent;
387 1571 487 1634 cuius
497 1569 620 1632 morbo
633 1567 787 1646 cognito,
804 1567 961 1632 adhibita
975 1566 1170 1647 diligentia,
1184 1569 1220 1632 in
1235 1570 1386 1649 pristinum

194 1687 326 1742 statum
341 1678 502 1740 restituta
518 1686 571 1739 est
586 1677 662 1739 sine
677 1675 748 1737 ullo
760 1675 876 1738 famae
889 1690 976 1737 suae
991 1674 1215 1739 detrimento.

254 1784 335 1849 Alia
350 1785 465 1863 virgo,
483 1783 583 1846 cuius
597 1798 727 1861 corpus
739 1780 888 1844 duorum
899 1795 1074 1844 annorum
1084 1782 1202 1862 spatio
1215 1799 1235 1845 a
1247 1783 1387 1847 daemone

194 1892 309 1955 fuerat
322 1901 503 1967 vexatum,
525 1889 644 1953 anima
659 1906 679 1950 a
696 1887 868 1950 daemone
882 1886 1095 1966 grauissime
1114 1890 1303 1967 urgebatur
1313 1898 1344 1951 vt
1358 1902 1387 1948 se

194 2007 305 2062 totam
320 1998 352 2060 ei
367 1996 533 2076 traderet,
551 1996 609 2078 qui
624 2012 752 2076 corpus
768 1994 963 2058 obsidebat:
981 2010 1061 2057 cum
1076 2005 1195 2060 autem
1211 2014 1233 2059 a
1248 1997 1388 2061 daemone

193 2122 264 2167 non
278 2103 517 2184 fatigabatur,
535 2102 678 2167 tristitia
694 2106 864 2189 dolorque
879 2117 965 2164 suae
979 2100 1193 2167 conditionis
1207 2120 1283 2165 eam
1295 2115 1387 2181 perpe·

191 2222 253 2274 tuo
269 2212 423 2291 angebat
438 2228 549 2292 usque
564 2212 610 2276 ad
625 2212 907 2295 desperationem
923 2216 966 2279 de
980 2230 1046 2278 sua
1059 2214 1190 2277 salute:
1210 2211 1339 2275 tandem
1354 2202 1387 2266 ad

192 2319 354 2383 cumdem
374 2318 522 2383 fratrem
544 2323 700 2401 (propter
723 2323 824 2387 cuius
845 2323 1053 2387 concionem
1067 2321 1220 2402 primam
1241 2319 1314 2384 dico
1330 2327 1389 2377 essu

190 2426 412 2505 conuersam)
427 2425 579 2506 ducitur,
597 2446 618 2490 a
633 2444 703 2509 quo
717 2429 927 2493 exorcismis
949 2430 994 2494 ad
1013 2438 1153 2508 tempus
1174 2427 1240 2491 fuit
1255 2425 1387 2488 liberata.

190 2532 327 2596 Interea
343 2534 538 2614 colloquiis
554 2534 932 2618 exhortationibusque
948 2536 1060 2600 nostri
1075 2534 1200 2598 fratris
1214 2532 1299 2597 adeo
1313 2528 1387 2593 illam

189 2639 338 2720 repleuit
349 2639 480 2718 gaudio
492 2640 526 2702 in
539 2640 702 2710 Domino,
715 2653 753 2705 ut
765 2644 881 2721 modo,
893 2643 1035 2723 quando
1047 2660 1069 2705 a
1080 2642 1254 2706 daemone
1264 2638 1387 2702 liberata

188 2755 253 2824 est,
270 2747 363 2809 laeta
377 2746 422 2809 sit
437 2757 472 2810 et
487 2757 612 2827 parata
629 2758 665 2810 ut
680 2748 716 2811 in
731 2766 773 2811 ea
788 2748 849 2813 liat
861 2748 928 2813 Dei
944 2751 1121 2812 voluntas.

246 2852 404 2916 Liberati
419 2863 500 2916 sunt
515 2852 585 2916 duo
600 2854 667 2917 uiri
682 2855 853 2935 primates
867 2873 888 2919 a
904 2856 1114 2937 quibusdam
1134 2848 1388 2919 dissensionibus

186 2960 419 3038 grauissimis
437 2979 527 3040 quae
542 2961 783 3025 imminebant:
800 2980 880 3026 eum
896 2963 989 3026 enim
1001 2964 1101 3040 alter,
1115 2963 1173 3041 qui
1191 2963 1236 3025 ab
1252 2960 1316 3023 alio
1329 2962 1389 3019 erat

186 3066 350 3143 offensuS,
367 3067 510 3129 domum
520 3068 672 3130 misisset
685 3079 852 3148 rogatum
864 3080 902 3132 vt
916 3070 1042 3151 aliquis
1054 3080 1257 3133 nostrorum
1269 3076 1387 3148 patrum

185 3190 291 3236 servo
306 3190 370 3235 suo
387 3175 559 3237 morituro
575 3193 675 3254 opem
691 3176 810 3254 ferret,
828 3177 896 3239 hae
912 3177 1098 3240 occasione
1113 3177 1228 3240 nostri
1242 3169 1391 3238 amicissi-

186 3297 264 3342 mus
279 3280 394 3342 factus
409 3291 479 3357 est,
501 3283 561 3360 qui
579 3282 730 3345 forsitan
751 3300 816 3346 nos
838 3293 976 3347 tantum
998 3284 1141 3347 nomine
1160 3280 1392 3362 cognoscebat:

184 3404 253 3465 qua
266 3386 506 3450 familiaritate
521 3388 644 3451 sedata
659 3400 712 3452 est
728 3390 830 3452 huius
846 3391 999 3453 hominis
1013 3390 1092 3452 bilis
1107 3390 1247 3467 insana,
1261 3383 1390 3468 quatre·

184 3505 333 3572 quanter
361 3495 650 3556 commouebatur
678 3504 822 3575 propter
852 3508 1036 3576 acceptam
1066 3496 1255 3558 iniuriam:
1281 3488 1395 3573 placuit

184 3599 325 3662 Christo
339 3617 380 3661 ea
396 3586 533 3663 ratione
548 3601 625 3664 lites
637 3602 801 3681 componi
812 3620 873 3682 per
885 3612 1045 3666 nostrum
1058 3602 1213 3680 Patrem,
1227 3619 1296 3683 qua
1307 3613 1394 3664 nemo

183 3707 385 3769 laciendum
400 3723 477 3769 esse
492 3708 668 3786 sperabat.

243 3814 323 3895 Jam
340 3830 419 3876 cum
435 3814 607 3893 quaedam
629 3815 755 3877 mulier
776 3816 820 3878 ab
838 3814 987 3878 infantia
1009 3831 1141 3895 corpus
1163 3832 1268 3879 suum
1290 3814 1401 3895 prosti·

183 3921 318 3997 tuisset,
337 3938 406 3982 non
423 3921 536 3983 solum
553 3921 588 3983 in
604 3922 672 3984 hac
695 3922 781 3984 urbe
796 3939 920 3985 verum
935 3923 1044 3985 etiam
1058 3922 1094 3984 in
1117 3921 1197 3984 aliis
1213 3921 1404 3985 ciuitatibus

183 4025 351 4104 finitimis
369 4026 457 4089 adeo
474 4037 511 4090 ut
527 4027 598 4090 iam
614 4037 724 4091 totam
740 4045 842 4091 suam
863 4028 1068 4092 felicitatem
1088 4028 1124 4090 in
1144 4029 1266 4092 carnis
1287 4044 1404 4091 concu-

184 4134 356 4213 piscentia
372 4134 601 4212 collocasset,
617 4144 736 4197 tamen
752 4152 833 4198 cum
848 4137 956 4198 semel
979 4134 1025 4198 ad
1039 4134 1229 4199 ecclesiam
1245 4137 1406 4212 venisset,

183 4251 218 4303 et
233 4240 281 4302 ibi
296 4239 437 4303 cuidam
452 4250 650 4321 nostrorum
669 4240 813 4304 Patrum
832 4242 931 4304 multi
950 4259 1014 4304 sua
1031 4242 1181 4305 crimina
1203 4242 1407 4307 confiteren-

183 4357 251 4419 tur,
277 4348 438 4426 exemplo
464 4356 651 4423 commota,
679 4348 723 4410 ad
749 4348 1012 4411 sanctissimum
1034 4347 1272 4412 confessionis
1299 4366 1412 4414 sacra·

182 4465 339 4515 mentum
354 4455 525 4531 accessit,
542 4472 622 4518 cum
639 4456 793 4517 maximo
809 4455 1019 4518 delictorum
1034 4472 1181 4518 suorum
1198 4454 1334 4532 dolore;
1352 4472 1411 4520 nec

181 4570 300 4621 tamen
316 4560 374 4622 diu
390 4560 425 4623 in
440 4571 513 4622 tam
528 4562 677 4624 honesto
690 4561 860 4625 exercitio
872 4561 1127 4641 perseuerauit,
1141 4561 1295 4627 duorum
1308 4582 1419 4628 anno.

180 4682 259 4728 rum
275 4675 433 4747 tempore
449 4685 469 4730 a
485 4666 708 4731 confessione
722 4668 872 4747 fugiens,
886 4677 965 4749 post
977 4668 1071 4748 quod
1082 4679 1236 4749 tempuS,
1254 4670 1413 4736 adhibita
