3210 5392
751 443 813 501 Au.
837 444 906 502 1550
1387 442 1443 503 285

214 588 360 653 lutilera
375 587 516 653 iubilaei
530 589 742 669 propagatio
756 587 776 667 ¹,
795 606 906 668 eoque
928 589 1054 667 magis,
1071 588 1165 668 quod
1178 589 1214 651 in
1229 588 1322 651 hunc
1338 605 1440 651 usum

208 695 341 759 Rmus.
355 701 388 758 et
402 694 546 758 Illmus.
568 695 777 774 Prolegatus
791 695 960 775 templum
976 704 1135 758 nostrum
1151 694 1358 758 destinarat.
1374 695 1439 758 lta·

199 819 295 883 que
305 819 359 882 per
375 801 578 882 quindecim
592 810 686 865 totos
701 801 776 864 dies
791 801 962 882 impransi
972 800 1148 864 interdum
1161 802 1205 864 ad
1218 803 1365 864 multam
1379 820 1439 864 no·

200 916 315 971 ctem
331 909 569 989 poentientiae
595 907 853 971 sacramento'
882 908 968 988 ipsis
993 906 1058 970 luit
1091 908 1337 984 insistendum,
1368 926 1438 971 non

196 1015 302 1076 sine
318 1015 602 1096 praesentissima
623 1015 822 1078 animarum
840 1017 967 1092 salute,
994 1031 1143 1093 quarum
1169 1014 1324 1077 conditio
1350 1015 1438 1077 eius·

197 1121 397 1186 meditere
411 1133 502 1199 erat,
519 1133 557 1185 ut
579 1139 658 1185 cum
680 1121 891 1186 Christianis
912 1121 999 1184 nihil
1022 1122 1165 1184 omnino
1189 1132 1439 1201 praeterquam

195 1243 344 1292 nornen
366 1245 557 1292 commune
582 1228 713 1291 habere
738 1227 952 1291 uiderentur.
979 1227 1096 1306 Atque
1121 1227 1203 1289 dum
1228 1228 1342 1290 omnis
1367 1228 1441 1290 lere

197 1333 426 1399 conditionis
441 1335 603 1399 homines
617 1336 784 1414 templum
800 1344 958 1397 nostrum
974 1334 1170 1409 uisitarent,
1185 1336 1369 1415 conspexit
1380 1336 1439 1398 ibi·

200 1436 304 1503 dem
314 1441 415 1506 Pater
437 1441 582 1523 quidam
603 1442 792 1522 quamdam
809 1459 933 1521 parum
948 1442 1117 1504 honestae
1133 1442 1226 1504 uitae
1243 1443 1438 1520 mulierem,

199 1557 326 1618 (luam
338 1567 409 1613 non
421 1550 522 1630 prius
537 1567 555 1611 e
568 1552 645 1612 loco
657 1549 909 1628 poenitentium
925 1549 1136 1611 accersitam
1151 1547 1316 1625 ³dimisit,
1334 1566 1439 1629 quam

197 1655 248 1709 et
272 1660 341 1719 tam
353 1655 569 1736 flagitiosam
585 1656 680 1719 uitae
696 1657 870 1719 rationem
885 1656 1130 1733 detestaretur,
1147 1666 1182 1717 et
1198 1656 1370 1718 uiciniora
1386 1674 1440 1718 sa·

193 1751 279 1819 luti
293 1779 333 1826 se
346 1774 531 1843 praestare
559 1765 647 1826 uelle
669 1763 902 1841 promitteret.
928 1762 1119 1842 Negotium
1139 1779 1224 1825 uero
1244 1762 1349 1825 Pater
1369 1764 1437 1841 ille,

192 1870 284 1934 (lua
301 1880 467 1950 coeperat
483 1869 676 1949 diligentia,
693 1879 807 1949 urget,
825 1877 869 1947 et,
884 1868 1051 1948 quaesitis
1063 1869 1144 1931 hinc
1157 1869 1237 1932 inde
1250 1870 1440 1949 eleemosy-

185 1963 276 2045 niS,
296 1976 526 2038 matrimonio
542 1976 732 2055 copulauit.
754 1976 845 2038 Hinc
866 1975 933 2038 sibi
946 1974 1051 2038 Pater
1063 1976 1121 2037 ille
1137 1975 1275 2039 facilem
1290 1977 1441 2039 caeteris

181 2076 373 2152 sapiendi
397 2078 554 2144 aasam‘
573 2082 768 2161 praebitam
789 2099 867 2144 esse
888 2081 1083 2160 pollicetur.
1104 2082 1219 2145 Faxit
1234 2083 1333 2144 Deus
1348 2083 1440 2162 opti-

178 2186 292 2245 mus
311 2189 496 2251 maxtinus
511 2194 551 2250 ut
566 2194 707 2251 tantum
726 2205 914 2250 successus
929 2189 1059 2250 Patris
1072 2187 1254 2251 laboribus
1268 2189 1439 2267 addatur,

179 2290 389 2358 quantum
405 2274 608 2357 uoluntatis
622 2296 783 2372 accessit,
800 2300 838 2356 ut
857 2295 887 2356 ii
900 2312 970 2356 iton
986 2299 1128 2356 tantum
1143 2295 1284 2373 mertia,
1303 2296 1442 2374 siquae

176 2386 305 2478 sint,
317 2403 379 2465 sed
394 2408 427 2464 ai
439 2401 609 2482 proximi
620 2401 773 2464 salutem
784 2401 929 2480 possint
945 2408 1143 2480 reportare.

260 2506 361 2583 Jam
378 2526 465 2571 vero
482 2508 575 2589 quod
595 2509 640 2570 ad
659 2509 773 2587 fidem,
796 2525 887 2588 quae
906 2508 951 2570 ab
977 2507 1139 2572 omnibus
1153 2507 1322 2572 Societati
1341 2526 1439 2589 prae·

183 2606 344 2696 statur,
360 2616 500 2692 attinet,
516 2615 720 2679 incredibile
732 2625 785 2678 est
797 2625 929 2696 quanta
945 2614 1062 2695 opinio
1078 2615 1234 2678 omnium
1250 2615 1378 2678 animis
1393 2616 1441 2678 in·

190 2713 358 2809 sederit.
373 2723 523 2787 Vtinam
538 2725 626 2787 tales
641 2723 750 2785 simus
765 2723 887 2803 quales
902 2722 1083 2785 habemur.
1100 2722 1143 2785 Et
1164 2723 1305 2786 tametsi
1320 2740 1441 2786 omnes

197 2825 437 2909 compertum
450 2829 603 2893 habeant
618 2829 807 2893 Societatis
821 2845 1049 2909 progressum
1064 2847 1083 2891 e
1103 2829 1243 2892 diuinae
1261 2829 1441 2908 potentiae

209 2934 282 2999 ope
301 2934 507 3014 dependere,
526 2936 676 2999 accessit
691 2945 810 2999 tamen
825 2953 945 2999 rumor
961 2936 1114 3015 quidam,
1129 2937 1189 3016 qui
1200 2935 1357 2999 omnium
1368 2936 1440 2998 ani·

220 3041 299 3098 mOS
317 3043 400 3106 satis
420 3044 492 3106 iam
511 3060 717 3123 persuasos,
749 3043 856 3106 ueluti
886 3043 1056 3105 miraculo
1080 3042 1248 3122 quodam,
1277 3043 1439 3122 perculit:

228 3150 366 3214 quatuor
392 3148 557 3212 nimirum
582 3149 685 3211 huius
710 3149 807 3212 vrbis
832 3149 945 3225 ciues,
972 3166 1042 3211 non
1069 3149 1226 3211 occultos
1252 3146 1441 3211 Societatis

234 3257 490 3334 obpugnatores,
504 3256 693 3333 admissae,
706 3265 745 3317 ut
759 3255 825 3335 ipsi
841 3256 949 3332 aiunt,
971 3256 1096 3334 culpae
1110 3253 1344 3332 grauissimas
1359 3271 1438 3335 poe·

237 3366 292 3417 nas
304 3362 522 3440 persoluisse.
538 3361 675 3425 Horum
695 3362 788 3424 enim
805 3362 940 3441 primus
957 3361 1141 3440 repentina
1162 3369 1274 3424 morte
1297 3360 1441 3424 interiit.

239 3458 331 3545 Alter,
345 3479 490 3549 propter
504 3469 628 3532 vxoris
643 3469 787 3543 obitum,
804 3468 872 3530 hoc
887 3468 993 3530 etiam
1008 3483 1135 3547 passus
1148 3475 1214 3545 est,
1231 3467 1315 3529 utin
1328 3476 1440 3531 extre·

237 3583 301 3634 mus
313 3576 530 3640 calamitates
545 3588 579 3639 et
594 3593 713 3640 rerum
733 3576 889 3638 omnium
909 3574 1230 3654 deploratissimum
1252 3584 1382 3638 statum
1397 3576 1442 3638 sit

233 3674 383 3759 dilapsus.
399 3682 541 3746 Tertius
554 3682 689 3746 tamdiu
704 3700 785 3746 cum
797 3681 1016 3761 ophthalmia
1028 3682 1239 3744 colluctatus
1252 3689 1315 3757 est,
1329 3681 1441 3744 donec

228 3784 307 3864 ipsis
314 3789 422 3852 oculis
433 3789 645 3869 priuaretur.
660 3788 816 3867 Quartus
828 3796 957 3866 autem,
971 3786 1198 3866 impurissimi
1210 3785 1337 3865 flagitii
1347 3805 1439 3865 reuS,

224 3909 264 3954 ac
280 3892 417 3960 demum
431 3896 468 3959 in
478 3896 622 3959 uincula
633 3896 825 3975 coniectus
840 3895 885 3958 ad
895 3894 1049 3973 remiges
1060 3891 1265 3973 propediem
1277 3893 1440 3972 ablegan-

220 3999 286 4062 dus
298 4011 358 4065 est.
375 4002 475 4082 Quae
491 4019 599 4084 quum
613 4002 650 4065 in
665 4004 855 4065 multorum
868 4000 999 4065 ciuium
1019 3999 1146 4063 animis
1161 4008 1239 4061 rata
1253 3998 1442 4078 habentur,

218 4107 333 4171 uisum
354 4120 407 4172 est
426 4109 578 4173 fortasse
596 4108 711 4172 Deum
735 4106 816 4188 Opt.
839 4106 933 4171 Max.
955 4106 1199 4169 demonstrare
1217 4105 1332 4168 alieno
1348 4108 1442 4169 malo

215 4231 323 4295 quam
341 4215 462 4295 iniquo
482 4217 601 4280 animo
619 4215 710 4280 ferat
734 4215 965 4279 detractores
991 4211 1064 4276 Nos
1086 4221 1181 4275 certe
1200 4211 1237 4274 in
1259 4230 1300 4274 ea
1320 4230 1443 4275 sumus

255 4455 263 4486 Ι
291 4457 485 4510 promulgatio.
496 4457 635 4501 Patareus.

252 4525 266 4556 ⁸
293 4527 509 4581 confessionibus
518 4529 670 4572 audiendis.
681 4527 718 4572 Id.

252 4597 265 4628 ²
292 4610 369 4652 quam
381 4603 542 4644 accersitam
554 4612 602 4644 non
614 4601 684 4655 prius
696 4613 710 4643 a
722 4602 777 4643 loco
789 4599 972 4652 poenitentium
984 4596 1087 4638 dimisit.
1101 4592 1136 4635 ld.

250 4672 265 4704 ⁴
292 4683 467 4716 occasionem.
479 4671 515 4716 ld.
