3210 5392
603 442 666 500 Au.
688 441 758 500 1555
1247 442 1303 501 665

55 601 77 646 3
95 584 331 665 confessarsi,
344 587 368 649 il
381 587 446 650 che
458 588 576 649 alcuni
591 587 627 649 di
638 587 743 667 quelli
754 586 872 665 fanno,
887 597 920 649 et
934 587 1015 650 altri
1027 586 1238 650 offeriscono
1251 588 1300 650 di-

59 693 161 770 3311,
176 694 323 756 mamni
338 695 369 757 si
384 711 472 757 sono
489 694 650 757 riceuuu'.
1251 682 1256 693 ’

125 797 218 862 Nell'
236 798 487 880 Assumptione
503 801 595 863 delia
611 799 788 863 Madonna
804 804 838 862 la
850 799 1002 879 Signora
1015 799 1200 863 Duchessa
1214 798 1222 830 ¹
1237 800 1299 863 sie

63 906 273 971 confessura
288 925 306 970 e
322 909 584 975 communicata
599 909 635 971 in
649 908 815 987 palazzo;
832 917 866 969 et
882 907 1008 970 adesso
1025 908 1165 987 quando
1188 908 1218 970 si
1239 925 1299 986 pu·

68 1013 163 1077 blico
179 1013 203 1076 il
211 1013 354 1094 jubileo,
372 1015 403 1077 si
417 1015 493 1078 fece
508 1031 595 1095 pure
611 1031 681 1078 una
693 1014 784 1077 bella
800 1013 1021 1077 confessione
1037 1024 1071 1077 et
1084 1016 1299 1077 communio-

66 1137 126 1199 ne,
143 1120 237 1183 doue
251 1120 378 1184 furono
394 1123 425 1184 le
441 1122 508 1184 due
523 1121 652 1200 figliole
668 1121 724 1184 del
739 1118 869 1199 Signor
884 1118 998 1199 Duce,
1021 1121 1044 1183 il
1066 1119 1195 1199 Signor
1216 1119 1297 1184 Don

63 1223 233 1306 Aloysio‚
250 1227 285 1290 13
302 1229 431 1290 sorella
447 1227 502 1290 del
517 1226 632 1305 Duca,
649 1235 683 1290 et
697 1227 729 1289 le
745 1226 903 1289 doncelle
915 1227 1004 1289 delle
1016 1226 1147 1307 figliole
1159 1229 1216 1291 del
1227 1227 1299 1291 Du·

57 1347 120 1410 cn,
138 1342 174 1395 et
192 1334 285 1412 altri,
303 1335 362 1397 alli
378 1335 474 1415 quali
489 1335 512 1396 11
527 1343 650 1397 nostro
663 1332 776 1397 Padre
787 1331 798 1362 ¹
811 1333 903 1412 dopo
914 1334 938 1396 11
950 1351 1070 1397 mezzo
1080 1334 1208 1414 giorno
1221 1335 1298 1399 fece

57 1457 136 1504 una
162 1440 311 1519 predica
333 1441 575 1522 (quantunque
599 1440 633 1502 ln
656 1440 800 1515 matina,
825 1440 938 1520 prima
960 1439 1026 1503 che
1041 1441 1258 1520 pigliasseno
1274 1443 1298 1504 il

52 1545 147 1610 8³²⁰
171 1544 418 1626 Sacramento,
435 1549 458 1611 li
474 1547 548 1611 fece
564 1565 634 1609 una
649 1548 707 1626 pia
723 1546 983 1624 exhortatione)
1005 1547 1041 1610 in
1065 1548 1181 1628 quella
1201 1549 1296 1610 ehie-

53 1670 117 1731 sa,
134 1653 230 1715 nella
245 1656 349 1734 quale
365 1655 388 1716 li
403 1654 542 1718 haueua
559 1655 593 1716 13
608 1654 741 1717 matina
757 1653 1028 1731 communicato,
1046 1654 1080 1715 13
1095 1655 1199 1734 quale
1221 1660 1240 1716 e
1261 1655 1298 1718 in

55 1775 136 1823 uno
152 1761 373 1824 monasterio
389 1760 424 1823 di
439 1762 567 1839 donne,
584 1762 616 1823 le
632 1759 727 1840 quali
748 1759 902 1821 secondo
923 1760 947 1820 il
968 1758 1039 1822 mio
1060 1759 1217 1840 giudicio
1238 1778 1297 1840 po·

57 1866 231 1929 trebbero
243 1884 362 1930 essere
372 1885 479 1947 sopra
492 1877 608 1945 cento,
621 1875 656 1930 et
668 1883 737 1929 con
748 1866 863 1946 quelle
874 1870 894 1927 e
906 1867 939 1927 13
951 1867 1078 1929 sorella
1090 1865 1146 1929 del
1158 1865 1260 1930 Duca
1272 1866 1296 1927 ³.

64 1971 120 2035 La
136 1973 286 2053 predica
302 1973 414 2036 hebbe
429 1984 483 2037 tre
498 1974 596 2053 punti
611 1972 818 2052 principali:
836 1971 926 2034 della
941 1970 1098 2035 Natiuita
1112 1973 1203 2036 della
1226 1973 1297 2037 Ma·

63 2079 201 2158 donna,
218 2097 283 2160 per
298 2098 416 2143 essere
431 2090 525 2143 stato
547 2080 570 2142 il
593 2096 656 2142 suo
674 2079 819 2158 giorno;
845 2079 899 2141 del
922 2076 1041 2142 SSmo.
1065 2076 1298 2143 Sacramento

60 2196 99 2248 et
114 2186 207 2248 delle
222 2186 440 2265 indulgentie
456 2203 625 2250 concesse
639 2183 685 2248 da
701 2202 766 2248 sua
787 2184 945 2249 Santitd:
968 2185 991 2247 li
1011 2186 1106 2265 quali
1125 2186 1224 2265 punti
1245 2186 1297 2252 fu·

62 2308 155 2354 rono
171 2291 207 2354 in
223 2294 273 2355 tal
287 2293 392 2355 modo
408 2293 547 2373 exposti
561 2293 626 2355 che
642 2293 750 2355 molto
766 2293 802 2355 in
817 2292 873 2353 cio
889 2291 919 2354 si
935 2291 1051 2354 douea
1066 2301 1100 2355 et
1115 2292 1204 2356 deue
1224 2296 1297 2358 lau·

52 2398 150 2462 dare
165 2399 189 2461 il
205 2387 367 2479 Signum,
384 2410 419 2463 et
434 2410 531 2463 certo
546 2399 575 2462 si
598 2399 686 2462 deue
710 2416 854 2478 sperare
874 2398 910 2461 in
931 2398 982 2460 lui
1004 2397 1069 2461 che
1084 2416 1122 2462 se
1139 2400 1192 2463 sia
1207 2401 1296 2465 fatto

55 2505 186 2584 frutto,
203 2507 370 2570 massime
385 2507 580 2570 essendone
596 2515 693 2568 tante
708 2504 893 2582 monache,
910 2507 941 2567 le
964 2506 1060 2585 quali
1082 2507 1189 2570 credo
1214 2526 1296 2571 rare

64 2615 159 2676 uolte
174 2622 210 2676 et
224 2612 319 2676 forse
334 2613 516 2676 rarissime
532 2612 650 2675 hanno
667 2610 852 2693 prediche;
869 2612 960 2675 doue
975 2623 1126 2676 stauano
1142 2631 1209 2676 con
1224 2633 1296 2678 una

65 2719 226 2783 mirabile
247 2720 461 2798 attentione;
482 2730 517 2782 et
537 2718 689 2783 nolendo
712 2719 775 2781 noi
797 2719 1015 2782 ritornarea
1041 2736 1137 2797 casa,
1165 2737 1235 2784 una
1261 2722 1297 2784 di

63 2826 179 2906 quelle
193 2826 369 2890 monache
385 2827 418 2890 ci
432 2831 677 2906 accompagno
692 2827 758 2889 sin'
776 2827 846 2888 3113
861 2834 976 2905 porta,
1000 2823 1150 2890 dicendo
1173 2827 1238 2890 che
1261 2829 1295 2891 13

65 2933 209 3011 predica
224 2935 246 2995 l'
264 2933 378 2996 hauea
394 2950 502 3013 parso
519 2934 647 3011 huone,
664 2942 698 2995 et
709 2933 739 2994 si
751 2930 1037 2995 raccomandauu
1050 2933 1117 2994 ulle
1129 2933 1294 3013 orationi,

64 3048 131 3103 etc.
148 3037 209 3104 Sia
226 3041 269 3104 de
285 3051 375 3104 tutto
391 3042 533 3103 laudato
550 3041 574 3103 il
589 3040 713 3103 datore
728 3040 760 3102 d'
779 3040 865 3118 ogni
880 3056 1001 3103 cuosa.

123 3145 162 3210 Si
177 3153 197 3210 e
211 3146 299 3210 fatto
315 3147 339 3209 11
362 3147 504 3210 debbito
524 3165 587 3227 per
609 3164 780 3210 reuocare
803 3163 850 3209 un
875 3147 1005 3227 giudeo
1031 3147 1090 3210 dal
1115 3163 1179 3210 suo
1204 3147 1294 3211 falso

66 3269 199 3332 errore,
218 3272 276 3317 ma
292 3255 316 3316 11
338 3271 422 3317 core
444 3271 507 3316 suo
530 3271 616 3333 pare
635 3253 695 3333 piu
715 3254 803 3315 duro
823 3253 888 3316 che
907 3269 1014 3331 sax03
1036 3262 1071 3316 et
1092 3254 1250 3317 abenche
1270 3256 1294 3317 11

68 3371 190 3423 nostro
205 3359 320 3424 Padre
335 3360 487 3423 hauesse
501 3378 584 3422 seco
600 3360 778 3439 disputato
790 3377 896 3439 sopra
909 3359 1035 3422 alcune
1047 3377 1141 3439 cose,
1155 3362 1187 3424 le
1199 3362 1294 3441 quali

63 3468 350 3546 apparteniuano
373 3469 443 3530 3113
464 3467 542 3530 fede
564 3477 697 3544 nostra,
721 3477 755 3529 et
777 3467 800 3528 li
825 3465 975 3528 hauesse
1002 3466 1245 3531 demonstrato
1271 3470 1294 3532 il

62 3589 164 3650 uero,
181 3579 200 3636 e
216 3584 349 3637 restato
369 3591 457 3654 pure
477 3574 647 3650 ostinat0;
670 3575 727 3635 nel
746 3574 850 3652 quale
872 3583 989 3653 tempo
1009 3574 1033 3636 li
1051 3574 1179 3637 fratelli
1202 3574 1294 3639 face·

63 3697 160 3742 uano
176 3680 328 3744 orationi
343 3698 407 3762 per
422 3684 455 3743 13
470 3698 534 3743 sua
551 3680 794 3744 conversione.

126 3784 163 3850 Si
179 3792 199 3849 e
214 3785 395 3868 predicato
411 3789 446 3852 in
458 3789 578 3851 chiesa
594 3798 716 3851 nostra
731 3786 777 3850 da
792 3786 922 3850 Nostro
936 3786 1051 3851 Padre
1066 3798 1101 3850 et
1116 3789 1160 3851 da
1177 3800 1230 3852 tre
1246 3791 1291 3852 31-

61 3893 111 3956 tri
126 3894 162 3956 di
176 3912 273 3972 casa,
291 3896 315 3958 li
340 3897 435 3976 quali
455 3914 516 3976 per
536 3896 658 3958 ordine
678 3894 756 3957 dell’
781 3894 979 3957 obedientia
1000 3895 1056 3957 cio
1077 3894 1207 3974 fecero,
1229 3914 1292 3976 per

59 4016 186 4064 essere
200 4011 293 4066 stato
308 4012 432 4065 nostro
447 4002 562 4066 Padre
582 4012 755 4081 occupato
779 4001 814 4063 in
837 4001 955 4063 alcuni
978 4001 1118 4080 negocii
1138 4001 1240 4065 fuorn
1257 4004 1293 4065 di

55 4091 90 4171 F
92 4124 228 4186 errare,
246 4109 277 4171 si
291 4125 392 4172 come
408 4110 442 4171 in
459 4107 622 4171 Modena.

122 4213 286 4279 Hauemo
302 4214 483 4278 brusciato
499 4214 616 4276 alcuni
632 4213 710 4276 libri
726 4213 756 4276 d'
773 4213 919 4276 heretici
934 4213 969 4274 di
988 4212 1117 4275 scolari
1137 4214 1173 4276 in
1195 4217 1293 4277 scolu

100 4532 108 4568 t
140 4527 251 4577 Renntrt.
263 4526 403 4571 Ferrarine
414 4528 532 4571 Ducissn.

100 4601 112 4633 ⁸
143 4600 171 4643 Ρ.
181 4599 295 4652 joannes
305 4599 329 4642 le
340 4598 472 4650 Pellenen
487 4598 665 4641 Ferrariensis
676 4598 784 4648 (offerii
795 4597 899 4640 Rectorr

99 4671 111 4699 ·”·
141 4671 209 4713 Vde
221 4669 333 4713 Pounucr
346 4668 500 4721 chronicon,
511 4677 527 4712 t.
540 4679 575 4718 tr,
586 4680 644 4721 pag.
655 4668 690 4719 71),
702 4681 723 4710 n.
735 4669 780 4711 125.
