3240 5386
185 455 192 474 ·
226 426 280 486 692
613 427 784 486 erraara
798 443 1071 496 ooanmuasrans

227 590 332 635 mava
347 570 527 651 Stephano
547 571 721 650 Cardello,
749 574 773 636 il
789 574 871 653 qual
890 572 1039 636 essendo
1062 573 1097 635 in
1121 588 1195 634 vna
1217 588 1338 651 graue
1367 571 1472 634 inier-

226 680 313 741 mita
326 680 460 742 ritorno
476 680 512 742 in
525 681 574 742 tal
588 697 734 742 manera
753 680 789 742 in
815 697 853 742 se
875 689 1001 757 stesso,
1028 678 1093 741 che
1115 678 1350 757 spessissime
1372 679 1470 741 volte

225 787 373 865 parlaua
389 786 480 848 delia
501 786 744 849 misericordia
769 786 834 848 che
859 784 956 849 iddio
980 784 1002 847 1’
1024 785 1162 848 haueua
1189 784 1296 862 satt0,
1311 785 1467 849 essendo

227 896 312 971 pero
336 908 457 971 spesse
478 894 574 955 volte
595 893 736 955 visitato
757 892 813 955 dei
837 901 959 955 nostro
979 891 1104 970 Padre‚
1131 892 1187 954 col
1213 893 1302 971 qual
1322 910 1363 955 se
1387 909 1469 956 con·

226 997 320 1061 fesso
335 999 395 1078 piir
411 1000 516 1077 volte,
532 1011 669 1062 armato
684 999 767 1062 delli
780 1000 874 1062 santi
889 999 1104 1062 sacramenti
1118 997 1348 1061 selicemente
1368 1015 1409 1062 se
1425 1017 1467 1062 ne

227 1103 320 1167 ando
336 1107 370 1165 al
385 1103 548 1184 Signore.

287 1212 342 1274 Un
357 1212 497 1289 huomo‚
514 1212 538 1273 il
552 1213 635 1292 quai
650 1212 799 1276 essendo
815 1222 908 1274 stato
923 1213 959 1274 in
975 1220 1121 1291 peccato
1136 1213 1292 1275 mortale
1308 1228 1381 1274 con
1395 1230 1465 1275 vna

227 1317 345 1379 donna
360 1326 433 1380 otto
449 1317 505 1379 09
529 1318 623 1396 anni,
651 1336 718 1398 pur
740 1319 771 1381 si
797 1317 1049 1382 consessorono
1074 1319 1156 1381 tutti
1180 1318 1279 1397 duoi‚
1307 1329 1346 1383 et
1357 1320 1419 1399 poi
1433 1320 1465 1382 la

226 1424 334 1503 piglio
349 1441 410 1503 per
426 1425 566 1503 moglie.
583 1422 620 1488 Si
635 1441 723 1487 sono
738 1424 828 1489 datti
843 1425 1001 1487 anchora
1015 1425 1066 1504 gli
1080 1424 1256 1488 essercitii
1280 1443 1303 1488 a
1324 1443 1377 1488 vn
1392 1427 1466 1506 gio·

227 1531 308 1593 ueni
323 1530 366 1593 de
380 1530 495 1593 buone
511 1540 624 1610 parte,
645 1531 669 1592 11
690 1533 784 1611 qual,
810 1531 926 1610 doppo
950 1549 1038 1595 aver
1058 1531 1142 1596 dato
1164 1531 1261 1594 bono
1284 1533 1464 1613 essempio

227 1638 296 1699 alia
312 1654 396 1700 casa
411 1654 487 1714 sua,
506 1643 525 1700 e
540 1637 671 1700 intrato
686 1638 778 1699 nella
794 1635 1028 1717 Compagnia.

286 1742 510 1806 Visitandoci
523 1743 548 1805 11
562 1742 676 1808 Padre
691 1742 944 1808 commissario
962 1743 983 1821 ¹,
1001 1761 1127 1807 auemo
1142 1744 1223 1807 tutti
1239 1743 1399 1809 insieme
1414 1763 1465 1809 re·

227 1850 351 1912 novati
365 1850 415 1928 gli
430 1849 531 1912 votti.

285 1955 312 2018 11
326 1955 453 2019 Ducha
468 1955 503 2018 di
517 1955 669 2020 Ferrara
686 1957 719 2018 ci
734 1967 838 2036 porta
852 1957 940 2020 bene
964 1973 1071 2020 verso
1095 1957 1139 2020 de
1163 1958 1235 2036 noi,
1254 1959 1281 2021 il
1301 1960 1391 2039 qual
1405 1960 1465 2022 ha·

225 2061 341 2125 vendo
356 2063 490 2141 scripto
505 2063 619 2142 primo
634 2064 668 2126 al
678 2074 917 2142 gouernatore
931 2074 966 2126 et
985 2063 1164 2142 Vescouo,
1191 2066 1296 2129 accio
1318 2067 1390 2129 che
1404 2066 1463 2130 ha·

224 2167 377 2230 uessimo
393 2170 519 2230 alcuno
534 2170 625 2246 loco,
652 2178 686 2232 et
712 2187 782 2232 non
808 2169 958 2232 essendo
984 2169 1072 2233 fatto
1089 2171 1205 2249 nulla,
1228 2169 1306 2234 Sua
1332 2171 1465 2238 Excel-

223 2274 324 2336 lenza
350 2274 512 2337 venendo
537 2275 573 2337 in
598 2274 750 2338 Modena
772 2276 805 2338 ci
827 2276 962 2339 adatto
983 2294 1033 2339 vn
1053 2293 1145 2355 poco
1170 2275 1207 2339 di
1226 2287 1382 2343 terreno
1408 2283 1465 2345 nel

223 2381 306 2460 qual
320 2388 481 2460 potremo
496 2380 672 2454 edificare.
690 2392 724 2445 et
738 2384 788 2461 gli
804 2383 910 2445 amici
925 2382 955 2444 si
970 2399 1059 2445 sono
1082 2381 1207 2446 offerto
1223 2382 1261 2446 di
1284 2385 1466 2465 agintarsi

224 2495 258 2549 et
272 2486 411 2549 auendo
423 2485 585 2550 edificato
598 2489 702 2550 alcun
712 2489 806 2566 loco,
834 2505 999 2568 speramo
1012 2490 1069 2552 nel
1081 2487 1234 2568 Signore
1247 2489 1320 2553 che
1332 2509 1375 2556 se
1387 2493 1467 2558 sara

222 2608 313 2671 gran
329 2592 437 2656 frutto
453 2594 543 2656 nelle
556 2594 683 2671 anime;
709 2595 732 2657 11
765 2596 847 2675 qual
862 2596 898 2658 in
922 2595 1007 2658 fina
1032 2601 1137 2675 quae
1162 2605 1260 2660 stato
1286 2616 1385 2678 poco
1400 2618 1465 2683 per

222 2700 330 2763 molte
344 2717 463 2762 cause.

282 2804 449 2884 Mutinae,
467 2808 587 2886 quinto
603 2808 681 2870 idus
694 2807 858 2871 Octobris
874 2824 968 2870 anno
986 2808 1075 2871 1555.

281 2912 348 2975 Per
364 2914 612 2976 commissione
627 2914 718 2976 della
734 2924 836 2976 santa
850 2913 1049 2977 obedientia

836 3125 1022 3191 Srnrrrmro
1046 3128 1257 3195 Banoncno.

280 3339 330 3400 55.
348 3338 505 3401 Mutinae
521 3349 588 3401 ete.

264 3579 271 3607 ¹
301 3577 390 3620 Sermo
401 3585 448 3631 est,
460 3585 487 3620 ut
499 3579 525 3621 in
535 3576 623 3619 latinis
634 3578 757 3630 exemplis
768 3577 930 3630 exprimitur,
941 3578 972 3619 de
985 3576 1063 3621 Patre
1076 3578 1240 3636 Hieronymo
1252 3584 1367 3634 Natali.
