3210 5392
634 449 697 507 Art.
721 450 790 509 1⁵54
1292 451 1326 509 31

91 614 192 677 prese
218 597 242 659 il
266 595 456 676 principio.
484 593 635 674 Auenga
661 595 727 658 che
753 613 825 658 non
849 598 976 660 uoleua
1001 598 1032 660 si
1061 607 1225 677 puotesse
1251 598 1327 660 dire

93 702 302 783 “epistolam
337 702 470 781 recepi„
501 701 581 764 anzi
607 711 913 767 constantemente
944 703 1138 768 affermaua
1172 721 1328 768 nessuno

90 813 240 875 authore
255 810 349 873 della
363 810 485 889 lingua
500 809 612 871 latina
627 808 739 875 hauer
763 809 837 873 cosi
858 813 1008 891 perlato.
1026 811 1077 874 La
1093 811 1150 874 cui
1165 813 1327 875 temerita

92 920 209 999 doppo
224 918 292 981 che
311 935 380 980 con
402 916 550 997 ragione
569 914 606 977 su
627 927 807 996 superata,
828 917 1077 998 rinolgessimo
1092 918 1238 982 insieme
1259 937 1326 981 con

92 1044 140 1089 un
160 1026 252 1089 altro
273 1023 415 1088 fratello
437 1026 458 1086 l'
479 1025 627 1104 epistole
646 1024 694 1085 ad
710 1024 869 1085 Atticum
884 1022 919 1086 di
934 1022 1105 1088 Cicerone
1120 1024 1211 1087 done
1225 1030 1259 1086 et
1274 1041 1327 1086 re·

93 1132 226 1212 cepisse
241 1148 280 1193 se
301 1130 445 1193 litteras
464 1136 498 1192 et
519 1130 693 1210 epistolas
706 1130 899 1208 fatebatur
921 1129 942 1188 ⁸.
959 1130 1049 1209 Qual
1064 1148 1149 1194 cosa
1164 1130 1327 1194 hauendo

94 1239 236 1317 intesso‚
266 1238 395 1316 subito,
418 1237 582 1301 hauendo
614 1239 763 1317 rispetto
784 1239 854 1300 alla
877 1237 973 1300 sama
994 1248 1028 1300 et
1048 1238 1162 1301 honor
1183 1254 1259 1315 suo,
1292 1240 1327 1300 la

94 1347 243 1410 mattina
262 1364 283 1409 a
306 1345 412 1407 buon'
437 1344 536 1419 hora,
558 1361 665 1408 senza
688 1345 744 1407 ch’
766 1345 894 1407 alcuno
912 1344 963 1406 tal
989 1361 1075 1407 cosa
1100 1360 1275 1424 sperasse,
1297 1346 1327 1408 si

94 1463 245 1534 partette
259 1453 306 1516 da
320 1461 444 1531 questa
460 1451 556 1514 citta.
575 1450 642 1514 Del
657 1451 723 1513 che
738 1460 871 1529 quanta
885 1450 1000 1513 utilita
1015 1451 1243 1514 riceuessimo
1256 1468 1326 1514 non

95 1576 246 1623 accasca
259 1557 363 1622 dirlo.
380 1557 457 1621 Deo
473 1558 631 1621 omnium
653 1558 826 1620 bonorum
842 1556 983 1620 authori
998 1558 1115 1635 gratia
1128 1556 1149 1620 '.
1167 1558 1210 1621 Et
1226 1575 1325 1638 ques-

93 1676 126 1730 te
138 1683 227 1730 sono
243 1665 300 1728 ch’
314 1675 583 1746 appartengono
599 1664 660 1727 alli
673 1663 791 1727 studii.

149 1772 200 1837 Le
214 1790 300 1836 cose
315 1771 488 1852 spirituali
504 1788 576 1834 non
591 1788 655 1834 son
672 1772 810 1834 minori.
826 1771 1179 1850 Conciosiacosache,
1194 1782 1328 1852 quanto

94 1881 174 1944 utile
198 1880 254 1944 sia
272 1888 367 1942 stata
387 1878 424 1941 in
444 1890 569 1958 questa
589 1878 676 1940 citta
699 1880 733 1940 la
755 1877 979 1957 compagnia‚
995 1879 1055 1957 pia
1070 1878 1271 1941 sacilmente
1289 1881 1325 1941 lo

95 1988 351 2066 giudicaranno
376 1986 509 2048 eolloro
533 1984 598 2047 che
621 1984 757 2049 uedeno
781 1987 813 2046 la
837 2002 921 2047 cosa
934 1995 968 2047 et
992 1984 1015 2047 il
1034 1983 1154 2048 srutto.
1170 1983 1276 2047 Tutto
1291 1987 1322 2049 el

96 2106 210 2176 tempo
226 2094 262 2157 di
277 2093 477 2175 quaresima
494 2095 521 2154 s’
540 2097 559 2154 e
574 2090 657 2154 dato
672 2092 730 2154 all‘
748 2092 1054 2155 administratione
1074 2092 1109 2155 di
1125 2109 1324 2157 sacramen-

98 2202 122 2264 ti
135 2201 251 2266 donde
270 2207 289 2263 e
314 2199 429 2262 uscito
450 2215 521 2261 non
537 2214 628 2277 poco
650 2197 772 2262 srutto.
795 2196 1003 2277 Imperoehe
1025 2199 1136 2278 molti,
1153 2199 1327 2262 ritirando

97 2311 129 2372 la
143 2309 214 2372 uita
229 2310 307 2371 loro
324 2307 358 2368 in
380 2305 530 2384 meglior
552 2304 686 2383 regola,
710 2305 850 2367 lasciati
872 2305 921 2383 gli
943 2306 1068 2383 errori,
1084 2309 1112 2368 s’
1131 2306 1201 2368 han
1216 2307 1290 2369 dati
1305 2324 1326 2367 a

100 2414 246 2479 Christo.
261 2412 354 2476 Delli
365 2410 472 2492 quali,
486 2410 844 2490 parteperadulterii‚
856 2421 956 2490 parte
972 2428 1035 2491 per
1046 2411 1141 2487 furti,
1155 2413 1251 2475 molti
1265 2429 1329 2492 per

100 2521 166 2585 odii
178 2521 377 2600 capitali,et
389 2524 478 2585 altre
491 2520 589 2584 molti
601 2517 690 2595 vitii,
703 2518 747 2580 da
760 2517 861 2594 dieci‚
877 2517 1051 2597 quindeci,
1066 2519 1155 2581 uinti
1165 2529 1198 2581 et
1211 2528 1327 2581 trenta

100 2628 176 2690 anni
189 2644 262 2690 non
275 2629 302 2690 s'
326 2644 435 2691 erano
450 2626 644 2691 consessati
666 2630 710 2687 ne
731 2623 994 2687 communicati.
1016 2624 1055 2687 In
1075 2633 1201 2705 questo
1217 2624 1330 2687 mede-

100 2735 183 2798 simo
197 2746 318 2813 tempo
331 2735 382 2798 sei
393 2751 414 2796 o
426 2743 514 2798 sette
528 2732 686 2812 giouani‚
700 2732 710 2793 i
722 2731 817 2811 quali
833 2729 892 2792 alli
906 2731 1019 2793 nostri
1035 2731 1136 2811 padri
1148 2731 1179 2794 si
1194 2731 1327 2794 conses-

100 2859 229 2906 sauano
240 2842 271 2906 si
282 2841 505 2905 deliberorno
518 2841 554 2904 di
566 2840 663 2903 darsi
675 2857 697 2901 a
710 2837 852 2901 Christo
864 2846 899 2899 et
907 2838 1023 2900 alcuni
1033 2838 1068 2899 di
1080 2839 1156 2901 loro
1167 2854 1256 2900 sono
1268 2839 1327 2918 gia

98 2951 221 3014 entrati
236 2951 273 3013 in
288 2950 472 3029 religione;
488 2949 570 3011 altri
585 2962 785 3028 procurano
801 2945 836 3007 di
848 2943 912 3007 iar’
925 2944 948 3007 il
965 2944 1167 3023 medesimo,
1185 2963 1223 3008 se
1239 2963 1325 3025 pure

99 3056 180 3120 fatto
195 3075 268 3120 non
287 3059 309 3119 l’
327 3057 456 3120 hanno.
479 3054 514 3120 δ’
528 3061 548 3119 e
564 3054 721 3118 anchora
737 3061 928 3130 procurato
944 3051 1010 3114 che
1027 3053 1049 3113 li
1064 3051 1252 3132 sacerdoti,
1269 3054 1327 3115 alli

100 3164 187 3243 quali
202 3181 266 3244 per
280 3162 427 3228 infamia
442 3163 533 3227 della
545 3162 619 3224 uita
633 3178 694 3223 era
706 3158 881 3239 prohibito
894 3157 927 3221 d'
942 3157 1190 3222 administrare
1202 3160 1233 3221 le
1245 3177 1328 3222 cose

99 3288 205 3349 sacre,
223 3270 361 3334 iussero
383 3269 540 3350 (purgati
562 3269 607 3331 da
632 3267 717 3346 ogni
741 3264 899 3342 infamia)
926 3265 1091 3328 restituiti
1112 3265 1173 3326 alli
1188 3265 1327 3343 pristini

100 3377 208 3442 officii.
233 3377 332 3440 Molti
347 3377 393 3440 da
408 3376 467 3439 doi
482 3375 620 3438 carceri
636 3373 776 3436 liberati
790 3373 821 3434 si
837 3388 936 3449 sono,
961 3371 971 3433 i
993 3371 1089 3451 quali
1110 3371 1248 3435 liberati
1270 3372 1326 3434 dal

100 3482 172 3545 R.d0
187 3484 336 3548 Vicario
348 3482 432 3547 dalli
447 3482 541 3559 ferri,
562 3499 623 3562 per
640 3479 851 3544 commision
866 3494 930 3540 sua
948 3494 1131 3541 venenano
1148 3497 1169 3540 a
1184 3478 1255 3556 noi,
1272 3496 1327 3541 ac-

100 3591 149 3653 cio
163 3590 209 3653 da
224 3592 285 3670 pin
300 3591 417 3653 stretti
432 3589 563 3668 legami
578 3588 659 3651 delli
676 3586 814 3666 peccati
839 3584 964 3663 sciolti,
986 3586 1215 3647 liberamente
1235 3602 1326 3647 eam·

101 3699 304 3762 minassero.
325 3695 403 3761 Non
418 3695 523 3777 pochi
538 3713 600 3776 per
620 3696 642 3758 l'
664 3691 910 3756 emendatione
925 3692 1014 3755 della
1032 3692 1104 3754 uita
1118 3690 1190 3753 han
1206 3708 1326 3754 eonse-

102 3806 194 3883 guito
208 3806 241 3867 la
256 3806 370 3867 salute
385 3803 442 3867 del
457 3820 566 3883 corpo
583 3811 617 3864 et
639 3799 719 3863 dell'
738 3799 868 3861 anima.
884 3797 955 3861 Fra
977 3799 1000 3860 li
1015 3798 1132 3877 giorni
1154 3797 1245 3861 della
1261 3808 1329 3860 set·

103 3910 228 3974 timana
242 3920 360 3987 santa,
377 3910 478 3973 accio
493 3909 601 3972 niuno
617 3908 712 3970 losse
727 3906 860 3981 ocioso,
876 3903 978 3966 forno
995 3904 1162 3967 chiamati
1178 3905 1237 3967 dol
1258 3904 1328 3967 lra-

104 4018 167 4080 telli
190 4035 252 4098 per
269 4017 382 4082 ander
398 4014 453 4079 all’
474 4016 634 4079 oratione
656 4014 745 4077 delle
759 4010 799 4075 40
812 4013 909 4085 hore,
927 4012 1008 4091 qual
1024 4011 1060 4072 in
1075 4012 1124 4073 tal
1139 4020 1257 4091 tempo
1272 4011 1328 4072 sar

105 4124 130 4184 si
143 4126 248 4201 suole‚
265 4126 358 4189 done
373 4124 523 4203 bisogna
539 4122 624 4202 ogni
636 4122 724 4185 hora
737 4120 920 4200 predicare
935 4117 994 4180 doi
1010 4118 1104 4181 nolte
1118 4134 1140 4179 a
1156 4118 1245 4195 uice,
1260 4133 1329 4180 con

107 4233 180 4307 qual
193 4230 312 4308 srutto,
333 4232 355 4293 il
377 4228 529 4310 Signore
550 4231 583 4293 lo
602 4234 643 4290 sa
657 4226 680 4289 ⁸.
698 4226 734 4289 Io
759 4234 882 4305 questo
909 4223 964 4286 dir
991 4240 1098 4303 posso
1123 4235 1329 4287 aeramente

145 4471 152 4503 1
178 4474 215 4518 Ad
227 4475 284 4517 Att.
295 4484 341 4523 xre.
352 4485 392 4527 ep.
401 4474 437 4516 ³7.
448 4473 502 4517 Alii
513 4480 608 4525 tamen,
618 4478 645 4514 ut
654 4477 726 4513 notat
740 4467 903 4519 Faccrornu,
914 4466 1003 4518 legunt
1013 4465 1113 4518 accept.

145 4541 155 4571 2
180 4543 262 4588 Habes
271 4544 314 4588 hic
326 4545 405 4589 luslns
415 4552 549 4595 enarrata,
561 4554 626 4597 qnae
635 4542 739 4584 brer-lus
749 4540 852 4590 collegit
863 4537 997 4579 l’otancns
1007 4535 1032 4577 ln
1045 4533 1180 4585 Chronico,
1192 4541 1209 4578 t.
1219 4545 1255 4588 re,
1266 4545 1328 4588 pag.

117 4611 247 4661 11111311.

148 4684 157 4715 ³
181 4686 241 4731 Vide
252 4688 364 4731 Polam
377 4686 531 4737 chronicon,
542 4696 561 4729 t.
571 4697 607 4737 ιιι,
616 4697 676 4740 pag.
687 4686 720 4731 11.
733 4695 755 4725 n.
766 4684 791 4726 81
804 4690 829 4723 er
841 4692 893 4735 «eq.
