3210 5392
184 407 238 467 168
571 406 744 466 erranan
763 422 1035 475 ooanaruasrnas

182 571 252 632 que
266 570 369 617 suum
384 553 583 618 redderent.
600 553 672 618 Alii
686 554 914 631 concubinas,
931 571 1012 617 cum
1027 554 1154 634 quibus
1165 554 1225 617 diu
1241 553 1420 634 flagitiose

182 661 362 739 vixerant,
378 661 445 724 sibi
460 662 617 742 legitimo
633 662 800 740 coniugio
820 663 1020 725 iunxerunt.
1038 659 1203 724 Nonnulli
1223 662 1303 724 illas
1319 661 1418 725 dimi-

183 778 316 832 serunt.
329 768 435 832 Pater
449 767 612 847 Michael,
629 769 858 833 concionator
868 778 1001 847 noster,
1014 769 1051 831 in
1062 768 1292 849 profectione,
1309 785 1420 848 quarn

157 902 159 907 ⁴
183 875 385 939 Messanam
400 876 561 954 instituit,
577 878 726 940 verbum
740 876 809 940 Dei
824 877 942 940 multis
957 876 993 938 in
1005 875 1093 940 locis
1107 892 1187 940 cum
1198 892 1332 956 magno
1347 876 1419 939 sru-

183 991 243 1045 etu
257 984 400 1062 sparsit.
416 984 455 1047 ln
470 985 585 1047 reditu
600 994 730 1063 autem,
747 993 786 1046 vt
801 1001 935 1063 omnes,
951 984 981 1047 si
995 999 1065 1063 qua
1079 983 1154 1046 lieri
1169 993 1301 1064 posset,
1319 983 1419 1046 iuua-

184 1100 248 1169 ret,
265 1108 330 1171 per
345 1091 451 1154 aliam
465 1093 563 1155 viam
578 1093 737 1170 veniens,
755 1091 848 1155 idem
863 1091 946 1155 lecit
961 1090 1057 1168 alibi,
1070 1099 1145 1155 tum
1160 1092 1351 1171 praecipue
1362 1090 1419 1154 Bi·

184 1199 309 1261 bonae.
336 1198 373 1262 P.
395 1197 568 1279 Elpidius,
589 1209 781 1280 antequam
805 1199 852 1262 ad
869 1198 1006 1262 Ducem
1021 1197 1318 1278 proficisceretur,
1336 1215 1419 1262 cum

185 1303 331 1368 Vicario
356 1305 614 1386 Agrigentino,
641 1307 751 1369 multa
778 1306 925 1386 oppida,
948 1306 1111 1383 castella,
1137 1321 1252 1386 pagos
1277 1305 1417 1369 inuisit:

184 1411 437 1491 peregrinatio,
455 1422 495 1476 vt
509 1413 598 1477 satis
619 1412 684 1476 luit
699 1402 819 1492 longa,
841 1413 890 1477 ita
910 1430 1049 1493 quoque
1068 1411 1261 1476 fructuosa.
1285 1411 1421 1476 Multas

184 1519 278 1582 enim
303 1536 435 1599 prauas
450 1521 723 1584 consuetudines
737 1521 1025 1597 emendauerunt‚
1046 1528 1083 1583 et
1101 1520 1300 1583 animarum
1315 1535 1418 1582 cura·

183 1638 279 1688 tores
301 1625 347 1689 ad
366 1629 538 1691 maiorem
553 1628 773 1707 diligentiam
788 1627 1035 1705 incitauerunt,
1053 1643 1194 1706 vsuras,
1210 1627 1366 1708 periuria
1380 1635 1419 1690 et

184 1732 319 1813 reliqua
344 1734 444 1813 vitia,
471 1752 562 1815 quae
586 1744 688 1799 erant
712 1736 936 1815 pervulgata,
953 1734 1209 1812 diminuerunt,
1236 1734 1420 1815 multaque

183 1841 434 1905 substulerunt.
461 1842 640 1905 Exercitia
664 1844 862 1923 spiritualia
884 1843 1003 1906 multis
1025 1842 1155 1906 tradita
1180 1853 1273 1918 sunt,
1300 1842 1418 1905 multi·

183 1965 251 2027 que
270 1966 315 2011 ex
336 1949 404 2011 illis
423 1949 659 2028 profecerunt:
685 1959 854 2030 petuntur
872 1951 1019 2014 etiamn
1045 1949 1216 2031 plurimis.
1244 1948 1419 2029 Virgines

183 2056 357 2134 quaedam
372 2057 504 2137 pietate
518 2068 553 2121 et
567 2075 687 2121 amore
703 2057 835 2121 Christi
857 2058 1023 2121 incensae
1042 2065 1165 2138 petunt
1187 2059 1224 2120 in
1239 2054 1417 2119 Monaste·

183 2162 246 2223 riis
261 2162 326 2225 sibi
343 2164 461 2227 locum
476 2165 553 2227 dari
568 2182 650 2228 cum
665 2181 796 2243 magna
810 2165 1011 2228 constantia
1027 2175 1061 2228 et
1075 2163 1223 2227 summis
1236 2163 1415 2244 precibus

182 2269 329 2332 Fratres
347 2273 461 2334 nostri
486 2272 521 2334 in
544 2272 640 2336 omni
659 2273 842 2336 literarum
862 2289 993 2351 genere
1013 2289 1092 2335 sese
1114 2271 1300 2352 diligentes
1315 2287 1418 2334 exer·

184 2386 266 2440 cent
279 2395 346 2441 nec
361 2379 477 2442 minus
497 2380 533 2443 in
547 2380 672 2460 spiritu
695 2380 892 2460 proficiunt.
915 2380 986 2444 Alii
1001 2381 1172 2457 carmina,
1189 2396 1281 2459 quae
1295 2378 1418 2441 ualuis

182 2485 303 2564 templi
314 2484 414 2548 lestis
426 2486 548 2550 diebus
560 2486 759 2566 affigantur,
773 2487 932 2551 studiose
946 2488 1185 2551 conscribunt.
1200 2485 1270 2550 Alii
1282 2486 1417 2549 oratio·

162 2599 165 2606 '
183 2606 304 2654 nesae
325 2592 603 2658 declamationes
622 2595 761 2675 publice
781 2595 923 2657 habent.
943 2594 1110 2658 Nonnulli
1129 2594 1218 2656 haec
1233 2592 1353 2657 omnia
1368 2595 1416 2656 si·

183 2698 266 2761 mul.
283 2696 417 2762 Diebus
438 2700 538 2764 lestis
553 2701 648 2764 domi
669 2702 965 2781 disputationibus
980 2709 1202 2779 exercentur,
1222 2698 1317 2763 vnde
1339 2717 1414 2762 ma·

181 2822 275 2885 gnus
298 2808 510 2871 eruditionis
534 2794 696 2872 cumu'lus
721 2810 873 2873 accedit:
901 2827 1025 2872 omnes
1053 2809 1298 2889 magistratus,
1330 2825 1415 2871 cum

181 2923 299 2978 essent
314 2932 439 2979 recens
454 2918 576 2995 creati,
599 2934 664 2979 nos
683 2917 891 2994 inuiserunt,
915 2917 1041 2996 quibus
1061 2916 1282 2996 dignitatern,
1303 2931 1415 2995 quam

179 3020 299 3101 adepti
323 3034 437 3102 erant,
465 3024 585 3086 habita
605 3024 775 3101 oratione,
799 3024 1079 3102 gratulabamur3
1103 3023 1210 3086 etiam
1234 3022 1416 3101 epigram·

179 3138 275 3190 mata
300 3145 432 3207 graeca
458 3139 492 3191 et
513 3130 623 3192 latina
642 3130 679 3192 in
700 3147 823 3194 eorum
843 3131 1184 3193 commendationem
1199 3128 1416 3209 pronuncia·

179 3235 319 3313 bantur,
337 3236 463 3316 quibus
482 3237 644 3300 omnibus
660 3237 849 3301 admodum
869 3238 1149 3315 delectabantur,
1166 3246 1205 3299 vt
1224 3235 1417 3299 alacritate

180 3343 300 3404 vultus
315 3353 349 3405 et
364 3344 483 3406 verbis
497 3344 761 3423 significabant,
777 3353 844 3408 etc.

240 3447 417 3528 Panormi,
433 3451 545 3530 pridie
562 3451 640 3514 idus
656 3451 831 3526 Octobris,
852 3452 938 3515 1554.

241 3554 282 3618 R.
301 3555 338 3618 P.
355 3555 396 3619 T.
413 3557 505 3620 filius
520 3559 554 3620 in
570 3558 712 3622 Christo
726 3560 1075 3638 obsequentissimus,

855 3773 1050 3838 Gratianus
1070 3774 1248 3837 Latinius.

241 3991 288 4053 In
303 3996 434 4071 quarta
445 3992 602 4070 pagina,
617 4009 707 4071 qnae
721 3991 1027 4071 superscriptione
1051 3996 1162 4068 caret,
1181 3989 1266 4052 haec
1282 3988 1416 4069 legun·

178 4104 256 4161 tur:
273 4096 359 4160 1554.
377 4096 548 4161 Palermo.
566 4098 821 4177 Quadrimestri
837 4098 871 4160 d'
885 4101 943 4160 un’
958 4115 1050 4159 anno
1062 4095 1417 4176 intero.-Originali

180 4206 301 4269 latine.

241 4313 339 4376 Haec
352 4315 538 4377 annotatio
560 4315 723 4393 refertur
737 4315 784 4376 ad
799 4320 875 4376 tres
888 4311 1063 4392 epistolas
1077 4312 1190 4391 hujus
1204 4310 1306 4382 anne,
1321 4326 1418 4391 quae

175 4421 412 4500 praecedunt,
425 4438 582 4502 qrraeqne
597 4420 779 4483 Panormi
784 4421 937 4496 fuerunt
951 4425 1127 4482 exaratae
1140 4418 1262 4482 diebus
1277 4417 1332 4482 23
1347 4416 1416 4499 Ja-

181 4526 307 4589 nuarii
319 4527 411 4603 (vide
426 4543 550 4608 supra,
568 4540 591 4591 t.
613 4547 648 4606 11,
666 4544 747 4608 pag.
764 4526 849 4605 561),
865 4527 918 4589 aa
933 4526 1032 4607 Jnlii
1044 4527 1137 4606 (vide
1152 4543 1276 4606 supra,
1290 4525 1327 4588 in
1342 4527 1417 4591 hoc

180 4645 206 4697 t.
221 4652 269 4713 111,
286 4649 369 4715 pag.
393 4636 458 4714 59),
474 4641 508 4699 et
528 4636 577 4698 14
597 4636 768 4699 Octobris.
