3210 5392
686 444 751 501 Au.
773 444 842 502 labb
1331 443 1388 502 ‘233

190 587 350 668 pedoribus
360 586 621 651 diebusinuisit
645 587 775 651 iratres
799 588 1009 666 Eborenses,
1027 589 1086 652 vbi
1111 589 1269 653 nonfuit
1293 590 1383 652 otio-

190 711 247 772 sus;
257 695 377 775 peregit
390 695 486 758 enim
502 693 568 757 Dei
584 712 729 758 munere
744 697 870 775 multa;
887 696 1119 758 concionatus
1134 706 1198 775 est,
1221 713 1302 759 cum
1316 697 1384 759 iter

190 799 301 879 iaceret,
324 800 359 865 in
383 800 512 881 oppido
532 802 687 882 quodam
709 801 897 866 Societatis
911 802 1181 881 studiosissimo,
1202 803 1259 866 die
1274 802 1383 866 domi·

189 907 362 983 moriana
378 915 460 972 tunc
476 909 571 971 enim
588 909 759 986 peruenit.
777 907 1032 972 Confluxerunt
1056 910 1167 972 multi:
1195 910 1328 990 recepit
1343 928 1383 973 se

188 1013 490 1079 inxenodoehium:
517 1014 704 1079 audierunt
729 1015 805 1095 ipse
830 1024 865 1078 et
889 1016 1008 1078 socius
1033 1017 1166 1097 aliquot
1191 1017 1381 1080 consessio·

190 1135 248 1182 nes:
267 1121 389 1186 ibidem
413 1122 648 1202 grauissimas
673 1122 846 1202 quasdam
870 1122 1067 1186 inimititias
1091 1124 1258 1202 extinxit,
1286 1125 1382 1188 vnde

188 1227 283 1291 caedes
305 1229 509 1308 timebatur,
535 1237 807 1309 praecesserant
832 1246 987 1310 namque
1013 1229 1172 1293 iniuriae.
1200 1230 1382 1294 Diuinitus

188 1333 283 1398 accidit
295 1349 332 1400 vt
347 1345 499 1417 uterque
514 1336 742 1400 aduersarius
756 1348 790 1400 et
812 1337 996 1417 utriusque
1014 1346 1181 1417 parentes
1201 1338 1380 1415 adessent,

187 1452 353 1506 cumantea
367 1444 405 1508 in
416 1443 506 1507 locis
518 1443 666 1507 remotis
676 1452 805 1521 essent,
820 1443 1029 1524 quibuscum
1044 1446 1246 1508 locutusest
1262 1443 1379 1522 Palen

185 1554 414 1633 etquamquam
428 1566 487 1613 res
501 1567 572 1612 non
586 1548 692 1613 facile
706 1548 868 1613 coniecta
887 1560 952 1628 est,
977 1559 1096 1613 tamen
1121 1550 1188 1614 Dei
1211 1550 1380 1614 beneficio

181 1655 394 1721 ‹esiconiecta-
418 1657 566 1723 Postero
585 1657 643 1720 die
669 1674 773 1721 mane
798 1661 967 1738 templum
992 1659 1166 1738 adierunt,
1183 1659 1242 1721 vbi
1258 1674 1379 1721 coram

186 1758 249 1825 viris
259 1764 428 1828 nobilibus
443 1782 522 1827 sese
537 1774 659 1828 mutuo
674 1765 849 1844 complexi
868 1775 950 1828 sunt
970 1764 1005 1827 in
1024 1765 1164 1844 signum
1184 1765 1377 1828 amicitiae:

186 1866 300 1935 alterum
314 1888 360 1936 ex
372 1871 616 1956 reconciliatis
630 1888 716 1935 mox
727 1871 862 1934 audiuit
874 1872 912 1934 P.
936 1872 1114 1936 Antonius
1138 1871 1182 1934 de
1202 1870 1377 1950 Quadros,

184 1979 406 2061 couespatris.
423 1977 506 2041 Fuit
524 1978 613 2042 haec
638 1979 880 2042 reconciliatio
905 1996 1015 2042 causa
1040 1994 1192 2057 magnae
1217 1977 1379 2041 aedifica·

185 2078 269 2163 tionis
284 2096 385 2150 erant
399 2102 555 2166 namque
569 2085 774 2148 notissimae
788 2085 1005 2163 inimicitiae;
1022 2085 1118 2165 quod
1133 2102 1214 2148 cum
1233 2083 1278 2147 D.
1294 2084 1378 2149 Car·

184 2184 263 2253 dinan
279 2192 288 2222 '
307 2191 508 2255 nuntiatum
523 2201 628 2270 esset,
660 2190 887 2255 vehementer
906 2193 942 2254 in
966 2191 1121 2256 Domino
1146 2192 1293 2272 gauisus
1313 2202 1378 2255 est.

185 2287 254 2379 Curn-
263 2299 481 2377 peruenisset
502 2296 606 2360 Pater
627 2296 793 2375 Eboram,
823 2298 910 2361 uisis
933 2298 1114 2377 fratribus
1139 2315 1219 2361 cum
1241 2298 1381 2362 abesset

185 2392 217 2459 D.
228 2399 613 2488 Cardinalistilustrabat
628 2405 721 2468 enim
736 2405 978 2485 prouinciam),
997 2405 1042 2469 ad
1058 2423 1138 2469 eum
1153 2422 1191 2469 se
1217 2405 1377 2480 contulit,

185 2507 256 2572 cuius
267 2511 419 2575 aduentu
433 2511 537 2575 ualde
552 2513 705 2575 laetatus
715 2523 780 2576 est:
795 2527 876 2574 eum
888 2513 1077 2575 comitatus
1090 2522 1142 2575 est
1159 2511 1380 2593 proficiscen-

185 2615 269 2680 tenu
279 2618 458 2698 oppidum,
472 2619 566 2699 quod
579 2619 707 2682 dicitur
716 2617 829 2699 Mora,
843 2619 904 2682 vbi
914 2620 1102 2700 aliquoties
1113 2618 1228 2683 iuerat
1239 2620 1379 2683 concio·

183 2731 267 2802 natus,
277 2743 382 2806 quem
394 2725 492 2788 ciues
504 2741 635 2806 magna
649 2726 824 2790 charitate
835 2727 1152 2808 prosequebantur.
1162 2726 1229 2789 Hic
1240 2725 1378 2789 concio·

180 2832 259 2891 ssatus
266 2840 316 2895 est
327 2831 385 2895 die
398 2831 588 2909 dominica,
602 2833 862 2913 explicauitque
877 2851 941 2913 per
957 2833 1090 2913 aliquot
1106 2833 1181 2897 dies
1196 2832 1377 2912 dogmata,

182 2933 251 3005 quod
264 2937 481 3003 auditoribus
496 2955 663 3017 magnam
674 2940 950 3003 consolationem
963 2940 1092 3003 attulit.
1108 2941 1195 3003 Erat
1206 2939 1252 3002 ibi
1268 2937 1378 3002 Colle·

181 3033 253 3108 dium
262 3061 453 3124 puerorum
467 3045 581 3107 instar
595 3062 731 3124 eorum,
748 3063 837 3126 quos
853 3047 1059 3110 instituebat
1073 3046 1111 3109 P.
1129 3045 1339 3110 Dominicus
1353 3051 1376 3120 ¹,

182 3152 274 3213 lerum
286 3169 355 3216 non
369 3152 561 3231 gerebatur
575 3170 633 3216 res
643 3162 742 3228 recte
757 3169 799 3215 ac
815 3153 949 3216 ordine.
970 3153 1107 3217 Placuit
1129 3153 1173 3217 D.
1196 3153 1377 3218 cardinali

180 3252 208 3305 rt
218 3247 246 3315 P.
266 3255 411 3340 M[iron]
427 3258 479 3320 eis
504 3269 695 3339 praecepta
710 3259 800 3321 bene
814 3260 958 3323 uiuendi
972 3261 1085 3339 daret,
1102 3270 1285 3340 totamque
1300 3278 1376 3324 rem

177 3362 384 3440 componeret.
411 3363 548 3428 Volens
572 3363 617 3426 D.
645 3364 844 3429 Cardinalis
872 3366 999 3431 horum
1032 3384 1156 3432 curam
1180 3369 1373 3448 suscipere,

179 3468 246 3531 <illos
256 3467 390 3534 dicebat
401 3470 539 3534 futuros
553 3472 744 3535 seminaria
757 3483 791 3535 et
806 3472 1036 3536 fundamenta
1051 3483 1284 3551 caeterorum,
1302 3492 1377 3538 rem

178 3572 328 3640 constituit
341 3575 449 3640 Pater
463 3579 676 3658 regulasque
690 3579 871 3643 constituit
886 3580 954 3643 illis
968 3591 1082 3660 aptaS,
1097 3581 1132 3643 id
1148 3581 1242 3661 quod
1257 3580 1377 3645 Cardi-

180 3671 340 3747 11ilivalde
356 3683 501 3762 placuit.

225 3779 342 3855 Ibidem
358 3800 438 3854 erat
451 3788 613 3853 Societas
638 3789 649 3821 ³
674 3790 877 3871 CharitatiS,
904 3811 994 3874 quae
1013 3794 1185 3874 proximis
1211 3796 1313 3858 annis
1328 3796 1378 3858 in·

178 3877 278 3959 <beata
289 3898 418 3976 luerat;
434 3913 478 3960 ea
492 3914 586 3960 nunc
603 3899 833 3962 corroborata
849 3910 902 3962 est
917 3901 1075 3982 beneque
1089 3903 1292 3979 constituta,
1306 3919 1377 3984 qua

180 3992 258 4062 valde
269 4004 499 4068 aedificantur
513 4003 706 4069 Morenses
724 4004 820 4069 Socii
835 4007 920 4070 nihil
936 4009 1090 4087 soluunt,
1106 4009 1175 4072 nisi
1186 4010 1280 4090 quod
1294 4027 1376 4072 con·

181 4087 289 4172 fitentur
302 4112 454 4192 singulis
467 4111 658 4190 mensibus,
676 4129 755 4176 cum
768 4113 961 4193 minimum;
979 4115 1037 4195 qui
1055 4114 1227 4179 Societati
1247 4133 1376 4180 nomen

173 4195 253 4291 adan,
266 4235 305 4282 er
318 4235 444 4283 eorum
459 4236 607 4282 numero
622 4229 714 4298 sunt,
731 4221 792 4299 qui
807 4232 934 4284 octauo
955 4240 1094 4303 quoque
1113 4223 1170 4287 die
1191 4240 1377 4287 sacrosan·

184 4353 361 4387 &-

211 4443 218 4476 ¹
240 4451 347 4515 ilenrico,
357 4460 438 4516 Regis
447 4461 539 4512 fratre,
548 4459 685 4506 Cardineie
697 4469 723 4505 et
734 4462 937 4518 archiepiscopo
947 4464 1085 4511 Eborenri.

185 4513 322 4642 flsdifsftm
340 4532 503 4585 Domenecb,
520 4532 601 4575 abbas
620 4530 707 4576 Villae
728 4532 849 4589 Beltran,
869 4535 1078 4592 Ulysslponenels
1092 4539 1270 4594 orphanorum
1287 4540 1378 4582 domus

214 4655 223 4687 ³
244 4667 533 4725 Confraterm'tasetiam
545 4674 737 4727 appellabatur.
