3240 5386
740 453 803 510 An.
826 453 896 510 imo
1377 451 1427 510 591

192 598 316 675 coepit
334 597 514 676 paululum
536 598 642 677 loqui,
660 607 692 659 et
716 599 823 660 multa
839 598 941 675 signa
958 597 1043 660 dare
1065 598 1300 674 contritionis
1325 615 1430 678 quem

197 701 306 765 Pater
320 703 471 766 absoluit
485 703 522 765 in
537 703 700 780 Domino
718 716 752 765 et
767 722 837 765 non
861 706 969 766 multo
991 714 1070 783 post
1090 704 1278 782 expirauit‚
1296 705 1428 784 alioqui

198 810 317 889 capite
331 811 548 889 plectendus
565 811 595 872 si
611 810 862 872 conualuisset.
885 809 1101 889 Requiescat
1117 811 1152 872 in
1168 828 1269 890 pace.

258 913 318 978 Ad
334 917 560 979 concordiam
574 919 762 980 nonnullos
778 917 926 994 induxit,
944 918 1034 979 inter
1051 933 1140 995 quos
1154 916 1220 980 suit
1235 917 1352 980 scriba
1368 918 1428 980 hu·

196 1023 254 1084 ius
266 1024 397 1102 oppidi,
414 1024 473 1103 qui
489 1041 551 1103 per
566 1041 631 1086 sex
645 1026 702 1086 vel
718 1034 798 1086 octo
814 1041 927 1086 annos
943 1023 1162 1086 abstinuerat
1178 1042 1199 1086 a
1214 1025 1429 1087 salutatione

197 1130 367 1209 propriae
381 1132 515 1193 sororis
530 1142 564 1193 et
580 1132 656 1192 eius
671 1130 806 1194 mariti.

259 1235 444 1299 Postremo
464 1238 616 1299 accessit
638 1238 712 1317 ipse
732 1237 781 1299 2.⁰
804 1237 1006 1299 usurarium
1028 1237 1132 1299 huius
1153 1236 1309 1299 ciuitatis
1331 1237 1427 1314 (nam

201 1343 248 1404 l.⁰
264 1361 346 1406 cum
362 1343 399 1406 P.
415 1342 597 1406 Bernardo
614 1345 710 1406 illum
726 1344 863 1406 adierat
879 1353 1077 1405 tentaturus
1098 1343 1196 1405 illum
1216 1342 1260 1405 ad
1277 1354 1430 1406 mentem

196 1449 381 1527 reuocare)
408 1467 509 1529 quem
532 1451 664 1528 reperit
686 1451 905 1512 laborantem
931 1460 1042 1530 peste,
1060 1459 1094 1512 et
1114 1458 1266 1512 stantem
1281 1450 1317 1512 in
1337 1450 1429 1513 ostio

195 1556 324 1618 domus
339 1573 424 1619 suae
439 1556 750 1619 circumstantibus
762 1556 911 1618 multise
928 1554 1044 1618 medio
1060 1556 1209 1634 plateae,
1224 1560 1430 1619 consolatus

195 1673 250 1724 est
265 1679 346 1725 eum
357 1663 556 1742 bonumque
571 1664 664 1725 illius
680 1663 901 1742 propositum
916 1673 951 1725 et
966 1673 1089 1724 votum
1105 1663 1147 1724 de
1163 1680 1344 1743 nunquam
1357 1681 1429 1726 am·

194 1769 289 1849 plius
314 1769 514 1831 exercenda
540 1786 648 1831 vsura
668 1770 796 1848 illaque
817 1768 1033 1831 restituenda
1056 1769 1216 1831 laudavit
1238 1770 1429 1848 plurimum

194 1875 489 1955 confirmauitque
504 1877 539 1938 in
560 1875 724 1955 Domin0;
746 1877 806 1955 qui
826 1876 931 1938 biduo
953 1887 1013 1937 aut
1037 1875 1153 1938 triduo
1175 1886 1254 1954 post
1276 1875 1429 1939 reddidit

195 1983 361 2061 spiritum
378 1999 456 2045 cum
472 1983 590 2045 multis
605 1983 684 2045 aliis
699 2000 744 2044 ex
760 1999 824 2044 sua
847 1982 990 2043 familia.
1016 1980 1253 2061 Requiescant
1268 1983 1304 2045 iu
1323 2000 1427 2062 pace.

257 2087 347 2152 Sunt
362 2100 396 2152 et
412 2090 481 2152 alia
498 2089 601 2169 (quae
616 2089 739 2151 omitto
755 2107 798 2151 ne
815 2088 856 2150 R.
873 2088 913 2150 T.
935 2087 973 2150 P.
996 2105 1153 2151 remorer
1168 2088 1299 2152 diutius
1321 2106 1428 2168 quam

194 2215 263 2276 par
278 2197 343 2274 est)
359 2187 535 2276 inquibus
551 2198 709 2258 exercuit
721 2214 787 2258 nos
799 2195 987 2258 Dominus.

256 2303 307 2365 Vt
323 2314 443 2366 autem
459 2304 608 2382 amplius
625 2301 850 2382 proficiamus
872 2313 906 2364 et
923 2319 1177 2381 praeparemus
1199 2320 1264 2364 nos
1284 2303 1429 2382 diligen-

193 2411 264 2473 tius
279 2410 440 2490 collegiis
454 2409 630 2488 erigendis
646 2410 703 2472 hic
720 2411 776 2471 vel
792 2409 887 2487 alibi,
905 2408 1113 2471 commenda
1129 2408 1209 2486 (sic)
1225 2426 1291 2472 nos
1307 2427 1429 2473 omnes

186 2533 302 2596 -quam
319 2516 509 2579 humillime
525 2516 687 2595 precibus
703 2525 737 2578 et
752 2514 937 2577 sacrificiis
951 2513 991 2576 R.
1010 2513 1054 2577 V.
1068 2512 1120 2593 P.,
1135 2532 1242 2594 quam
1253 2517 1354 2579 nobis
1367 2517 1427 2580 diu

191 2625 413 2702 multumque
436 2624 647 2686 incolumem
667 2631 784 2685 seruet
810 2622 963 2701 optimus
987 2621 1162 2684 Dominus
1184 2631 1305 2686 noster
1323 2623 1428 2705 Jesus

184 2730 371 2794 Christus.
389 2728 515 2793 Amen.
879 2811 882 2817 ι

254 2835 421 2914 Tornaci,
439 2836 550 2916 pridie
563 2837 739 2899 Calendas
754 2835 981 2915 Septembris,
999 2852 1093 2897 anno
1109 2833 1252 2898 Domini
1270 2835 1357 2898 1555.

479 2942 520 3005 R.
539 2942 584 3005 V.
600 2942 638 3006 P.

600 3048 733 3113 Seruus
747 3050 783 3112 in
798 3047 964 3125 Domino,

920 3262 1112 3342 Qutunuus
1134 3261 1344 3327 Cnnnnnur.

255 3582 522 3662 Superscriptio
542 3601 579 3644 m
596 3589 727 3662 quarta
737 3583 902 3662 pagina:
917 3582 995 3646 R.d⁰
1019 3584 1055 3646 in
1070 3583 1212 3648 Christo
1234 3585 1332 3650 Patri
1357 3586 1426 3650 Do·

188 3689 292 3753 mino
316 3689 454 3769 ignatio
478 3689 522 3752 de
551 3690 698 3769 Loona,
726 3689 936 3770 Praeposito
966 3690 1134 3755 Generali
1163 3693 1316 3756 Socie.tis
1343 3694 1428 3776 Jesu

183 3797 325 3875 dig.¹²¹⁰,
341 3795 486 3860 Romae.

255 3902 340 3966 Alia
354 3920 477 3966 manu:
491 3903 648 3984 Tornay.
665 3904 779 3983 Quad.
797 3904 915 3968 Pridie
933 3904 1008 3968 Cal.
1026 3903 1144 3986 Septe.
1165 3907 1252 3970 1555.

254 4012 379 4074 Manet
393 4012 591 4091 vestigium
606 4012 728 4090 sigilli
739 4018 773 4075 et
788 4029 889 4076 cerae
907 4014 1049 4075 rubrae.
