3210 5392
275 399 312 458 46
665 396 836 456 Lirrsans
850 412 1121 464 odiosismsrass

244 604 248 611 .
273 543 371 607 iddio
392 544 469 621 che,
494 544 643 606 essendo
667 559 735 623 qua
761 544 796 606 in
823 552 947 623 questo
973 559 1084 622 regno
1105 560 1153 606 vn
1174 553 1369 606 vescouato
1397 544 1507 606 molto

272 668 379 731 perso
397 648 532 731 'peria
547 667 636 730 poca
652 667 739 712 cura
754 649 807 712 ch'
825 650 964 714 haueua
981 650 1003 711 ii
1023 666 1088 712 suo
1108 651 1246 730 prelato
1260 648 1295 711 di
1310 667 1403 727 esso,
1419 649 1448 712 s’
1462 650 1509 713 ha

273 765 466 838 procurato
479 756 544 820 che
556 758 589 818 ei
598 756 747 819 Vicario
758 756 924 835 generale
937 756 972 818 di
983 755 1190 835 Giorgiento
1203 754 1215 785 ¹
1226 756 1371 818 insieme
1384 773 1452 819 con
1461 773 1507 819 un

275 867 370 928 altro
396 863 451 926 Ρ.ε
466 862 558 926 delia
584 863 806 943 Compagnia
827 861 838 892 ³
864 863 1077 926 visitasseno
1111 864 1207 926 detto
1232 871 1426 927 vescouato
1452 865 1510 926 nei

278 972 381 1052 quale
392 973 426 1033 31
441 980 603 1052 presente
619 972 650 1033 si
666 979 815 1033 trouano
831 970 1000 1033 anchora.
1018 969 1043 1032 11
1058 968 1167 1032 frutto
1183 970 1247 1033 che
1262 973 1290 1032 s'
1309 970 1354 1032 ha
1368 970 1459 1033 fatto
1474 979 1508 1033 et

277 1079 310 1141 si
325 1077 359 1141 ia
375 1078 411 1141 di
425 1078 581 1153 contiuo,
600 1081 675 1139 cosi
692 1077 727 1140 in
743 1078 922 1157 castigare
937 1077 960 1140 li
976 1076 1218 1140 concubinarii
1229 1089 1264 1139 et
1276 1076 1443 1153 vsurarii,
1460 1075 1508 1139 13-

276 1184 416 1248 cendoli
440 1184 617 1247 restituire
637 1185 658 1245 l’
684 1200 804 1259 usura,
826 1200 927 1246 come
950 1184 986 1246 in
1006 1182 1181 1246 reformat
1200 1184 1223 1245 11
1239 1183 1446 1246 monasterii
1466 1183 1509 1245 de

279 1291 464 1369 monache,
492 1289 727 1353 reducendoie
754 1292 788 1352 31
803 1291 903 1353 viuer
920 1302 1155 1353 communest
1174 1290 1403 1353 obseruantia
1418 1290 1509 1353 della

280 1398 413 1478 regola,
430 1407 464 1460 et
480 1399 569 1460 altre
583 1398 698 1459 buone
713 1413 831 1475 opere,
846 1398 993 1459 sarebbe
1009 1407 1136 1477 troppo
1152 1399 1259 1476 longo
1271 1415 1292 1459 a
1304 1397 1462 1461 scriuere
1475 1396 1510 1458 in

283 1505 488 1585 particolari
504 1505 527 1567 ii
543 1513 643 1567 tutto.

340 1611 375 1676 S‘
402 1612 448 1675 ha
471 1620 617 1675 trattato
641 1612 799 1675 anchora
820 1612 864 1674 dc
879 1612 1004 1674 visitar
1024 1615 1084 1675 vn'
1095 1613 1186 1675 altro
1201 1611 1402 1676 Uescouato
1423 1608 1510 1673 ‘ha-

281 1719 429 1783 uendosi
443 1728 636 1799 procurato
661 1736 734 1782 vna
757 1735 911 1798 persona
926 1719 1081 1782 litterata
1103 1728 1138 1782 et
1159 1719 1266 1782 molto
1289 1719 1326 1782 di
1345 1719 1434 1782 bene
1449 1736 1511 1799 per

280 1827 331 1890 tal
345 1825 476 1903 effetto,
494 1827 527 1888 la
542 1827 646 1905 quale
667 1842 731 1906 per
745 1825 868 1889 ordine
888 1826 942 1889 del
959 1825 1098 1890 Prelato
1114 1835 1148 1889 et
1166 1826 1210 1888 dc
1225 1826 1296 1888 Sua
1312 1824 1398 1888 En.⁸
1413 1824 1461 1887 ha
1476 1824 1509 1887 d’

280 1933 395 1996 andar
409 1933 523 2012 prima
536 1931 581 1993 ad
601 1941 676 1994 star
692 1932 809 1996 alcuni
823 1933 940 2011 giorni
955 1931 990 1994 in
1007 1932 1219 2013 compagnia
1235 1932 1291 1995 dcl
1309 1929 1339 1994 V
1343 1931 1454 1995 icario
1468 1931 1512 1993 dc

281 2038 504 2117 Giorgiento,
530 2054 594 2118 per
612 2039 741 2118 pigliar
762 2041 795 2101 la
811 2039 948 2118 pratica
967 2049 1002 2102 et
1017 2040 1121 2103 modo
1144 2039 1179 2102 di
1194 2037 1377 2118 procedes,
1394 2038 1512 2101 inanzi

280 2145 315 2208 d’
334 2144 446 2208 andar
462 2162 483 2206 a
499 2144 622 2208 visitar
646 2153 769 2226 questo
785 2154 989 2223 vescouato,
1007 2146 1084 2223 che,
1106 2163 1169 2226 per
1190 2163 1288 2209 esser
1309 2145 1510 2223 forastier0,

282 2269 346 2314 era
372 2250 415 2313 de
439 2251 600 2330 bisogno.
625 2249 796 2331 Speramo
817 2252 872 2315 ch’
896 2254 928 2314 ε1
948 2250 984 2315 S.
1011 2251 1109 2315 Iddio
1129 2270 1167 2314 se
1189 2253 1326 2315 seruira
1346 2254 1456 2315 molto
1478 2251 1513 2314 di

282 2369 412 2439 questa
428 2360 518 2421 altra
534 2359 657 2421 visita:
675 2367 766 2421 tutto
781 2359 835 2422 sia
852 2378 872 2422 a
886 2359 1001 2439 gloria
1017 2377 1092 2423 sua.

343 2465 481 2528 Aicune
497 2465 729 2545 prammatice
741 2482 780 2528 se
792 2483 879 2529 sono
889 2467 1067 2546 publicare
1079 2483 1142 2546 per
1154 2468 1253 2529 lcuar
1265 2468 1295 2529 ic
1311 2484 1431 2545 vsure,
1446 2466 1512 2529 che

283 2573 320 2635 in
334 2581 458 2652 questo
472 2571 598 2650 Regno
610 2573 779 2634 soieuano
792 2571 889 2650 farsi,
902 2576 976 2635 cosi
992 2574 1048 2634 nel
1060 2581 1220 2636 accattar
1236 2573 1259 2636 il
1270 2590 1396 2653 gran0,
1414 2589 1516 2636 come

282 2688 360 2742 seta
375 2688 410 2742 ct
425 2679 520 2756 vino;
537 2688 570 2742 et
586 2679 610 2741 11
626 2679 796 2742 ordinarii
811 2680 1000 2742 attendeno
1016 2697 1036 2741 a
1053 2681 1211 2758 castigar
1223 2681 1257 2742 la
1271 2698 1392 2755 vsura,
1411 2681 1435 2743 il
1450 2678 1516 2743 chc

287 2804 351 2866 per
365 2786 389 2850 il
404 2794 549 2866 passato
565 2804 636 2848 non
651 2786 680 2848 si
697 2788 829 2849 soleua.

345 2892 485 2972 Quanto
501 2895 534 2955 ai
546 2892 656 2955 irutto
672 2893 886 2972 particolare
903 2893 968 2956 che
989 2894 1025 2956 in
1040 2903 1164 2974 questo
1180 2894 1329 2973 collegio
1345 2912 1382 2957 sc
1399 2893 1432 2956 ia
1450 2910 1514 2973 per

282 3001 401 3080 gratia
416 3000 471 3064 del
487 2998 649 3079 Signore,
667 3001 697 3062 si
712 2999 879 3062 continua
895 3000 976 3062 nelli
1002 3000 1096 3062 soiiti
1118 3001 1290 3064 essercitii
1306 3000 1397 3063 della
1414 3000 1516 3064 Com·

283 3108 415 3188 pagnia
430 3125 530 3170 come
544 3108 634 3170 nciie
650 3107 827 3186 prediche,
845 3106 1058 3170 confessioni
1070 3117 1104 3169 et
1118 3107 1264 3181 lettioni;
1281 3117 1316 3170 et
1331 3123 1472 3186 sempre
1486 3108 1518 3170 si

283 3214 373 3277 vede
388 3215 442 3278 ch’
461 3216 491 3278 el
507 3213 657 3294 Signorc
669 3230 779 3293 opera
795 3216 829 3276 ai
844 3214 958 3291 solit0,
975 3212 1158 3277 liberando
1173 3217 1280 3277 moite
1305 3214 1421 3277 anime
1436 3213 1519 3278 delli

280 3321 350 3383 lazi
366 3321 421 3384 dei
435 3321 611 3384 demonio.
628 3320 722 3384 Infra
745 3322 775 3383 lc
789 3322 879 3384 altre
894 3321 940 3383 ho
956 3321 1087 3383 intesso
1103 3321 1157 3382 ch’
1173 3339 1245 3384 una
1267 3321 1397 3398 donna,
1415 3338 1479 3401 per
1495 3320 1520 3385 il

285 3429 392 3490 molto
414 3430 484 3490 mai
504 3437 733 3490 trattamento
755 3427 810 3489 ch'
829 3428 861 3490 ei
880 3428 1008 3490 marito
1029 3445 1094 3490 suo
1114 3429 1146 3490 le
1161 3427 1299 3504 sacena,
1316 3431 1343 3490 s’
1361 3445 1424 3490 era
1439 3428 1516 3491 des·

285 3545 409 3612 perata
425 3535 467 3597 de
483 3536 532 3597 tal
548 3535 654 3597 modo
675 3535 740 3596 che
753 3534 781 3595 s'
795 3552 857 3596 cra
873 3534 957 3596 data
973 3543 1063 3597 tutta
1079 3533 1114 3596 in
1130 3543 1252 3613 potere
1268 3535 1324 3596 del
1339 3534 1515 3611 demonio,

284 3641 453 3704 acciochc
469 3642 524 3704 dei
539 3641 667 3703 marito
683 3657 746 3703 suo
761 3640 857 3702 fusse
878 3641 1037 3717 liberata;
1055 3648 1088 3703 et
1111 3657 1174 3720 per
1190 3641 1307 3719 gratia
1324 3641 1379 3703 del
1394 3639 1518 3721 Signo·

285 3766 323 3810 rc
339 3747 449 3824 iddio,
466 3748 627 3811 vcnendo
654 3749 723 3809 aila
749 3757 872 3809 nostra
892 3748 1024 3825 chiesa,
1048 3750 1075 3809 s'
1100 3747 1146 3809 ha
1167 3747 1443 3826 recognosciuto
1463 3748 1521 3812 dei

283 3873 385 3918 crror
410 3872 485 3931 ευρ,
513 3863 557 3932 et,
582 3853 823 3917 renunciando
843 3854 866 3916 il
886 3853 1062 3931 demonio,
1089 3857 1116 3915 s’
1140 3854 1185 3916 ha
1206 3853 1290 3917 dato
1312 3857 1345 3916 ai
1370 3852 1521 3933 Signore

285 3962 394 4040 Iddi0,
413 3962 645 4024 animandose
660 3979 680 4023 a
696 3961 790 4040 patir
805 3977 867 4040 per
883 3977 983 4022 amor
999 3978 1063 4023 suo
1078 3960 1102 4021 ii
1118 3961 1186 4023 mal
1203 3969 1446 4024 trattamento.

327 4204 335 4237 ¹
365 4204 509 4248 Ceiulensis
519 4204 700 4259 Episcopatus.
711 4202 777 4244 Vide
789 4201 903 4243 Potane-r
913 4199 1067 4252 chronicon,
1078 4207 1140 4252 r.1v;
1149 4212 1210 4254 pag.
1220 4201 1268 4251 213,
1278 4211 1302 4246 n.
1312 4200 1360 4243 trs,

327 4277 338 4308 ¹
367 4276 415 4320 Hic
424 4283 482 4319 erat
493 4275 666 4332 Hieronymus
677 4274 707 4317 de
723 4272 878 4316 Valentinis.
889 4270 956 4315 Vide
968 4271 1081 4315 Pocnucr
1091 4271 1190 4324 cirron,
1202 4277 1222 4315 t.
1237 4283 1272 4326 ir,
1283 4283 1343 4326 pag.
1351 4272 1399 4325 209,
1412 4284 1436 4316 n.
1447 4271 1489 4317 ⁴65
1498 4279 1523 4316 et

284 4341 344 4391 loca
356 4348 390 4391 ibi
401 4348 524 4391 indicata.

326 4421 337 4450 ⁵
364 4419 412 4464 Hic
423 4430 507 4462 sermo
517 4425 555 4462 est
567 4419 598 4461 de
610 4418 636 4461 P.
646 4418 728 4461 Paulo
739 4416 769 4459 de
787 4415 906 4467 Achillis,
924 4413 1100 4459 Panormitani
1113 4413 1220 4469 Collegit
1239 4415 1358 4460 Rectore.
1368 4415 1424 4460 Hoc
1441 4416 1525 4471 ipsum

286 4492 422 4545 praestitit
433 4497 459 4535 et
470 4491 498 4534 P.
509 4490 628 4545 Elpidius
639 4489 765 4543 Ugoietti.
777 4487 891 4531 Ponsuci
903 4485 1031 4538 caman.
1042 4497 1077 4538 rv,
1087 4499 1111 4530 n.
1121 4487 1169 4540 466,
1180 4498 1240 4542 pag.
1251 4488 1300 4530 210.

325 4565 337 4597 ⁴
363 4563 473 4615 Quinam
483 4564 551 4607 aiter
562 4562 603 4606 hic
616 4560 787 4615 Episcopatus
798 4559 875 4602 inerit
888 4559 1000 4602 nondum
1011 4560 1035 4602 in
1046 4559 1086 4602 his
1097 4560 1230 4603 veteribus
1240 4560 1411 4603 monumentis
1423 4560 1522 4615 reperi·

288 4646 352 4686 mus,
364 4646 410 4679 nec
420 4637 475 4690 ejus
487 4635 602 4678 meminit
613 4632 746 4676 Poisucrs
757 4631 783 4674 in
795 4629 929 4674 Chronico.
