3210 5392
196 421 248 480 lib
578 422 750 482 errraas
768 437 1039 490 ouaoarmesraas

195 568 231 630 in
243 567 311 631 hac
326 570 423 646 urbe,
441 577 475 631 et
490 569 525 631 id
540 569 682 650 quidem
694 569 911 647 continuum,
929 579 963 631 et
975 587 996 632 a
1007 568 1122 648 primo
1134 568 1436 649 quadragesimae

193 674 251 737 die
265 675 516 754 primariarum
531 675 765 739 foeminarum
779 684 918 738 tautum
932 692 1156 750 concursum,
1184 683 1222 738 ut
1247 674 1318 738 hae
1334 676 1434 738 solae

195 790 336 845 centum
352 783 609 863 quinquaginta
625 792 660 846 et
675 800 717 846 eo
733 782 883 863 amplius
898 782 1012 847 iustae
1023 781 1235 862 capacitatis
1260 782 1433 861 scamnis

109 916 115 924 ·
194 889 468 969 capacissimum
493 890 625 972 alioqui
645 890 736 953 etin
756 889 911 953 ciuitatis
935 889 1101 954 umbilico
1125 890 1232 953 situm
1256 890 1432 969 templum

194 995 387 1059 onerarint.
403 996 490 1059 Item
505 997 693 1077 optimates
707 1014 779 1059 non
793 996 1021 1076 paucioribus
1038 995 1057 1059 ¹.
1072 994 1168 1060 Nam
1181 996 1217 1058 in
1232 995 1303 1059 hac
1320 995 1432 1076 potis·

192 1101 320 1165 simum
335 1101 527 1183 Republica
540 1105 575 1166 in
588 1104 683 1167 omni
695 1104 867 1167 concione
879 1113 912 1166 et
925 1104 1074 1166 lectione
1085 1119 1253 1167 numerus
1266 1101 1431 1165 uirorum

193 1209 380 1273 mulierum
396 1210 432 1273 in
446 1211 601 1290 triplum,
615 1210 802 1291 aliquoties
814 1210 921 1274 etiam
931 1210 967 1273 in
979 1210 1166 1290 decuplum
1177 1209 1333 1273 excedit:
1347 1208 1433 1289 imo,

193 1316 287 1397 quod
312 1316 500 1380 dolendum
527 1327 591 1396 est,
617 1335 700 1380 rara
726 1316 784 1380 hic
810 1317 1038 1398 conspicitur,
1062 1334 1153 1398 quae
1171 1317 1346 1379 lectiones
1364 1315 1432 1378 fre·

193 1431 348 1502 quentet,
361 1422 528 1486 foemina.
541 1423 653 1487 Porro
666 1425 795 1503 vulgus
807 1424 853 1487 ad
865 1424 1077 1488 audiendum
1086 1432 1160 1487 tam
1170 1423 1341 1504 frequens
1349 1440 1433 1486 con·

192 1529 304 1609 fluxit,
320 1539 357 1594 ut
373 1531 560 1612 aliquoties
580 1543 676 1595 stare
699 1532 895 1609 commode,
923 1549 995 1594 non
1020 1531 1101 1594 dico
1126 1530 1263 1605 sedere,
1280 1530 1346 1594 uix
1367 1547 1430 1610 po·

188 1637 329 1712 tuerint,
347 1637 437 1701 adeo
454 1647 490 1700 ut
505 1638 622 1701 dicere
639 1636 768 1716 pudeat
783 1655 891 1717 quam
907 1655 1041 1717 paucos
1061 1637 1241 1701 auditores
1262 1637 1326 1700 alii
1342 1654 1426 1701 con·

188 1744 390 1807 cionatores
405 1744 624 1808 retinuerint,
640 1744 720 1826 Jam
736 1745 819 1824 quid
834 1756 933 1807 tanto
950 1745 1125 1808 auditorio
1146 1743 1293 1824 dignum
1318 1743 1430 1808 Pater

189 1850 417 1930 praestiterit,
435 1861 637 1932 quantoque
652 1868 735 1914 cum
749 1852 866 1915 fructu
881 1852 996 1932 ipsum
1012 1851 1155 1914 Patrem
1176 1851 1429 1932 frequentaue-

189 1958 402 2038 1·it,paucis,
420 1958 467 2021 mi
481 1958 598 2037 Pater,
616 1959 750 2039 accipe.
772 1957 950 2022 Nobilium
975 1959 1068 2022 bona
1084 1977 1167 2039 pars
1189 1959 1430 2039 quadragesi·

190 2081 295 2143 mam,
312 2065 370 2127 cui
384 2064 430 2128 ad
445 2065 506 2128 illa
520 2082 631 2146 usque
651 2076 812 2145 tempora
838 2063 1068 2128 infestissima
1093 2065 1220 2143 iuerat,
1248 2065 1432 2128 extensio-

187 2188 264 2234 rem
275 2173 430 2252 optabat,
447 2172 543 2235 haud
562 2189 647 2235 sane
674 2173 743 2234 alio
768 2172 887 2235 animo
913 2189 1114 2253 quamquo
1139 2171 1269 2235 diutius
1285 2181 1428 2236 tantum

190 2295 405 2356 praeconem
418 2279 543 2342 audire
558 2279 693 2356 liceret,
710 2278 903 2358 eademque
918 2287 992 2341 tum
1004 2279 1157 2358 primum
1176 2278 1261 2359 quid
1275 2278 1346 2342 hae
1362 2279 1431 2343 sibi

192 2384 267 2447 dies
282 2386 414 2449 uellent
426 2401 623 2465 agnoscere
645 2386 771 2464 coepit.
798 2384 979 2466 Siquidem
1003 2395 1086 2448 ante
1111 2403 1154 2449 ea
1179 2394 1343 2464 tempora
1358 2403 1430 2448 non

191 2509 325 2571 paucos
338 2493 493 2572 reperire
505 2502 593 2570 erat,
609 2492 680 2572 qui,
694 2493 770 2555 siue
782 2493 901 2555 carnis
913 2491 1088 2556 iouendae
1101 2492 1231 2572 gratia,
1244 2492 1322 2556 siue
1335 2493 1431 2573 quod

160 2615 163 2620 ·
189 2598 321 2661 alicubi
339 2616 402 2678 per
428 2599 702 2678 imprudentiam
718 2598 907 2662 haereseos
929 2615 1075 2662 succum
1101 2599 1365 2678 degustassent,
1393 2599 1430 2663 in

190 2704 466 2785 quadragesima
484 2705 701 2785 promiscue,
725 2705 820 2769 haud
840 2722 944 2768 secus
966 2714 1071 2785 atque
1094 2705 1173 2768 aliis
1193 2705 1428 2786 temporibus,

188 2812 355 2875 carnibus
380 2812 477 2875 uesci
502 2822 773 2875 consueuerant.
801 2811 855 2875 De
875 2811 1015 2875 ieiuniis
1038 2821 1153 2891 taee0,
1175 2829 1258 2875 cum
1273 2823 1309 2875 et
1325 2813 1428 2891 alios,

187 2929 377 2999 praecepto
384 2919 566 2982 Ecclesiae
579 2921 874 3000 obtemperantes,
882 2937 945 2998 per
956 2919 1180 2982 insolentiam
1193 2919 1427 2996 incesserent;

189 3044 311 3090 nerum
331 3028 400 3090 hac
415 3027 464 3090 illi
479 3027 764 3107 quadragesima,
782 3037 819 3089 ut
835 3026 966 3089 diuersi
977 3036 1011 3089 et
1022 3025 1120 3089 Patri
1132 3036 1165 3088 et
1180 3026 1284 3089 nobis
1297 3029 1424 3090 retule-

187 3143 284 3212 runt,
302 3152 372 3197 non
388 3134 501 3196 solum
516 3134 561 3196 ab
576 3150 639 3195 esu
664 3133 836 3211 carnium,
861 3133 973 3195 sedet
997 3151 1017 3195 a
1040 3132 1227 3195 lacticiniis
1250 3133 1427 3196 abstinue-

186 3250 280 3304 runt.
297 3241 431 3304 Variae
453 3240 631 3317 haereses,
648 3257 740 3319 quae
760 3240 953 3303 multorum
976 3239 1107 3302 ciuium
1124 3239 1262 3303 animos
1287 3240 1426 3304 inuase-

186 3358 277 3424 rant,
295 3347 449 3409 aduentu
464 3345 580 3409 Patris
595 3356 787 3426 utcumque
804 3363 1000 3426 repressae,
1016 3365 1061 3409 ex
1073 3347 1308 3426 plurimorum
1320 3348 1425 3411 etiam

186 3455 315 3517 animis
342 3453 500 3517 funditus
527 3453 738 3531 extirpatae.
765 3453 863 3516 Haec
889 3461 988 3515 tanta
1014 3470 1095 3517 cum
1124 3454 1245 3517 diuino
1267 3454 1427 3518 subsidio

185 3562 326 3624 adiutus
344 3561 577 3641 praestiterit,
595 3561 797 3623 inuidorum
811 3560 910 3637 dena,
927 3560 987 3640 qui
1008 3561 1177 3624 tamenin
1200 3562 1263 3624 tali
1277 3578 1318 3624 re
1329 3563 1426 3625 uires

184 3685 268 3731 suas
282 3685 429 3730 exerere
450 3668 548 3745 solet,
574 3684 749 3747 nusquam
770 3685 808 3730 se
828 3668 999 3747 prodidit:
1027 3668 1098 3730 imo
1122 3667 1146 3730 ii
1168 3668 1249 3748 ipsi,
1275 3669 1338 3749 qui
1353 3669 1421 3732 hoc

184 3775 325 3838 nomine
347 3774 507 3837 nonnihil
533 3775 688 3853 suspecti
713 3784 826 3851 erant,
855 3774 1060 3863 suppliciter
1087 3791 1126 3837 se
1148 3774 1424 3854 demittentes,e

183 3881 415 3944 concionibus
430 3890 556 3943 notatu
571 3880 736 3959 digniora
752 3881 916 3960 excipere
931 3879 1064 3943 frustra
1080 3881 1319 3959 postularunt.

241 3988 326 4066 lam,
341 3987 425 4066 quid
439 4004 504 4067 pro
524 3999 598 4050 tam
620 3986 751 4065 insigni
773 3985 943 4050 beneficio
970 3986 1127 4050 beneficii
1151 3996 1276 4051 auctor
1291 3991 1420 4053 retule-

183 4097 239 4174 rit,
256 4105 293 4159 ut
309 4105 464 4173 caetera,
481 4094 656 4175 patienter
671 4094 823 4173 suscipe.
840 4094 879 4157 In
895 4093 1017 4173 primis
1032 4094 1178 4174 singuli,
1194 4112 1349 4177 quorum
1364 4114 1423 4159 au·

180 4204 332 4266 thoritas
346 4203 381 4265 in
397 4203 465 4265 hac
482 4201 662 4280 republica
675 4201 864 4280 plurimum
876 4202 981 4278 ualet,
998 4218 1077 4265 sese
1089 4201 1189 4265 Patri
1201 4203 1422 4281 obtulerunt,

180 4311 227 4373 ad
239 4311 358 4373 omnia
374 4309 637 4390 paratissimos;
655 4325 795 4389 quoque
811 4308 968 4371 animum
982 4325 1084 4371 suum
1101 4309 1137 4370 in
1148 4308 1293 4373 Patrem
1305 4321 1340 4375 et
1353 4312 1423 4375 col·

181 4419 314 4498 legium
341 4417 467 4479 melius
493 4416 733 4492 declararent,
761 4415 905 4495 quidam
931 4432 1065 4493 eorum,
1092 4415 1230 4480 adhoc
1256 4434 1422 4481 munusa

224 4661 232 4692 ¹
265 4659 382 4704 scamnis
393 4661 517 4714 tenplum
530 4666 681 4703 onerarunt.
