3210 5392
667 428 669 433 '
723 423 786 482 ΑΝ.
809 422 879 479 1554
1363 422 1419 477 ’167

265 569 307 634 Er
327 563 568 648 concionibus,
596 587 687 651 quae
714 569 808 650 apud
833 582 899 630 nos
925 565 1116 645 habentur,
1144 581 1296 645 maguus
1321 568 1418 629 uenit

225 689 382 755 prouentus
407 678 570 757 pietatiS,
596 689 635 740 vt
663 693 734 739 non
763 678 877 739 solum
904 677 979 753 ille,
1006 675 1067 755 qui
1096 675 1132 737 in
1161 674 1281 736 diuino
1305 675 1418 736 verbo

226 784 431 848 annuntiando
446 786 586 848 nauiter
602 785 740 847 laborat
764 783 789 857 ¹,
807 785 1026 860 consoletur,
1043 782 1105 844 sed
1126 781 1244 858 etiam,
1262 781 1322 860 qui
1342 790 1417 843 tan·

225 893 276 952 tarn
291 892 480 954 ubertatem
500 892 636 954 fructus
656 890 895 970 conspiciunt,
917 892 1103 952 laetentur.
1128 888 1171 950 Et
1191 887 1250 968 qui
1273 887 1416 966 capiunt

223 1006 325 1060 tantam
351 999 558 1076 utilitatem,
586 997 662 1061 Deo
696 997 834 1077 gratias
868 1006 978 1075 agant
1007 1013 1072 1075 pro
1098 994 1293 1071 beneficiiS,
1324 1010 1416 1074 quae

223 1103 310 1166 diuina
323 1105 436 1184 gratia
452 1115 487 1168 et
503 1106 767 1168 concionatoris
782 1121 889 1184 opera
901 1103 1109 1183 percipiunt.
1126 1101 1240 1164 Maior
1255 1101 1292 1163 fit
1303 1101 1413 1182 quoti·

222 1207 262 1269 die
273 1212 458 1275 auditorum
474 1213 645 1290 accessio,
663 1209 821 1292 adeoque
837 1211 988 1274 adaucta
1010 1220 1075 1286 est,
1098 1220 1136 1272 vt
1151 1209 1338 1286 interdum,
1355 1208 1415 1287 qui

223 1315 298 1389 primi
311 1319 463 1397 ueniunt,
480 1330 579 1382 arcte
594 1318 785 1382 admodum
806 1318 963 1395 sedeant,
982 1317 1094 1379 vltimi
1109 1317 1169 1379 vix
1190 1319 1304 1379 locum
1320 1315 1415 1378 inue-

221 1420 302 1497 niant,
316 1425 371 1488 vbi
385 1426 510 1489 sedere
526 1426 672 1506 possint.
694 1426 831 1488 Malunt
851 1425 944 1488 enim
966 1423 1107 1503 aliquod
1126 1423 1262 1503 perpeti
1284 1423 1415 1486 incom-

221 1529 345 1605 nodum,
374 1549 482 1612 quam
510 1534 714 1596 dulcissimo
747 1532 872 1595 salutis
901 1531 1029 1611 pabulo
1058 1530 1207 1610 priuari,
1239 1545 1415 1609 quamque

220 1631 269 1696 illis
282 1638 501 1717 delectentur,
529 1651 564 1702 et
584 1641 774 1702 commissa
793 1648 940 1719 peccata
957 1639 1187 1713 detestentur,
1203 1647 1416 1714 argumento

218 1750 277 1803 sunt
296 1746 539 1823 percussiones
558 1757 753 1827 pectorum,
774 1745 876 1810 fletus
891 1754 925 1808 et
947 1744 1001 1807 vis
1016 1744 1279 1821 lachrimarum,
1308 1758 1414 1821 quam

218 1842 379 1916 effundunt.
1295 1873 1298 1877 ·

260 1953 381 2021 Verum
394 1977 440 2022 ne
454 1960 509 2023 his
523 1961 784 2024 iucundissimis
799 1961 910 2040 epulis
932 1960 998 2021 soli
1018 1958 1228 2035 fruerentur,
1246 1957 1303 2035 qui
1319 1958 1415 2019 ultro

215 2059 248 2121 ad
258 2079 314 2127 uos
329 2066 485 2141 veniunt,
501 2078 718 2146 quaeruntur
733 2069 830 2129 coeci
845 2078 879 2129 et
894 2067 1011 2129 claudi
1026 2076 1060 2128 et
1075 2065 1190 2127 omnis
1202 2052 1415 2127 conditionis

212 2160 344 2235 honines
368 2191 433 2254 per
455 2175 565 2250 νίς-οε,
592 2176 817 2253 angiportaS,
846 2191 908 2254 per
937 2191 1058 2236 omnes
1085 2172 1237 2253 denique
1264 2173 1413 2251 plateaS,

209 2277 273 2352 quin
286 2278 329 2341 ad
344 2263 488 2361 nuptias
504 2283 560 2343 vel
579 2282 685 2344 etiam
706 2282 820 2344 coacti
842 2281 997 2344 ueniant:
1019 2281 1149 2343 fratres
1169 2280 1337 2357 iunioreS,
1354 2278 1415 2357 qui

204 2382 300 2448 adbuc
314 2387 441 2450 litteris
455 2389 608 2466 student,
624 2388 748 2451 diebus
762 2387 861 2451 lestis
878 2389 913 2450 in
936 2387 1109 2466 emporio,
1133 2388 1188 2450 vel
1204 2388 1254 2464 (ut
1270 2384 1413 2461 vocant)

199 2487 325 2567 lances,
350 2494 410 2557 ubi
436 2503 511 2557 tum
539 2495 694 2557 maxima
724 2495 905 2558 hominum
933 2495 1129 2573 frequentia
1154 2505 1222 2571 est,
1255 2493 1415 2555 vicissim

193 2600 452 2663 concionantur.
471 2600 572 2680 Quod
586 2601 720 2665 factum
735 2619 841 2682 quam
857 2604 987 2682 populo
1002 2605 1141 2682 placeat
1155 2602 1214 2664 vel
1233 2600 1315 2662 inde
1330 2599 1414 2661 faci·
1429 2605 1433 2614 '

191 2705 218 2766 le
231 2706 451 2787 intelligitur,
478 2708 582 2788 quod,
610 2718 801 2789 antequam
816 2710 1091 2772 concionaturus
1110 2709 1213 2786 adsit,
1231 2708 1416 2770 auditores

188 2812 300 2875 locum
314 2825 499 2892 occupent,
516 2832 585 2894 quo
600 2814 740 2878 facilius
755 2816 902 2878 verbum
922 2815 1000 2893 Dei,
1017 2815 1110 2894 quod
1132 2832 1213 2878 cum
1227 2813 1414 2877 incredibi-

186 2919 208 2980 li
223 2936 348 2982 amore
362 2920 520 2995 docetur,
545 2922 752 3002 percipiant.
775 2922 896 3002 Neque
917 2923 1033 2986 minus
1052 2938 1186 2999 omneS,
1210 2922 1269 3003 qui
1289 2922 1334 2985 ad
1355 2939 1414 2982 au·

183 3026 353 3089 diendum
374 3028 564 3104 accedunt,
585 3029 630 3092 ad
652 3030 818 3093 virtutem
843 3029 1116 3104 inflammantur,
1143 3047 1250 3109 quam
1275 3045 1415 3091 summa

182 3132 420 3197 admiratione
446 3135 644 3213 capiuntur,
661 3154 742 3198 cum
767 3136 888 3200 vident
914 3137 1230 3216 flagrantissimum
1252 3137 1416 3216 spiritum

180 3240 542 3320 ardentissimamque
568 3242 779 3304 charitatem
804 3242 872 3305 Dei
887 3254 921 3306 et
943 3244 1096 3323 proximi
1116 3243 1152 3306 in
1171 3243 1340 3306 fratribus
1355 3261 1413 3305 no·

179 3346 278 3409 stris.
295 3345 376 3409 Non
390 3349 505 3410 solum
518 3348 605 3409 haec
621 3366 641 3409 a
657 3348 794 3411 ciuibus
808 3366 943 3411 summe
955 3351 1154 3424 laudantur,
1166 3367 1291 3412 verum
1307 3350 1417 3413 etiam

179 3455 397 3533 optimatum
411 3454 541 3517 iudicio
553 3465 587 3517 et
603 3453 693 3518 Rmi.
717 3455 918 3519 Cardinalis
936 3456 947 3483 ¹
960 3456 1325 3520 honorificentissimis
1338 3473 1413 3518 ver·

180 3562 237 3625 bis
252 3562 508 3641 approbantur.
527 3561 628 3625 Hanc
644 3573 740 3625 certe
763 3565 997 3642 occasionem,
1016 3582 1106 3644 quae
1123 3565 1228 3627 datur
1243 3564 1306 3627 toti
1330 3563 1414 3625 huic

178 3668 332 3746 ciuitati,
356 3668 579 3745 emendandi,
600 3672 700 3732 multi
716 3671 888 3750 arripiunt
904 3671 1017 3747 auide,
1041 3682 1076 3733 et
1092 3670 1137 3734 ad
1152 3671 1413 3733 confessionem

179 3793 331 3838 suorum
357 3785 585 3856 peccatorum
606 3794 687 3840 cum
707 3780 841 3856 gemitu
860 3796 902 3839 ac
923 3781 1062 3856 ploratu
1079 3778 1236 3840 veniunt.
1259 3776 1417 3857 Quorum

178 3884 343 3945 nonnulli
368 3883 589 3945 multitudine
614 3887 788 3947 scelerum
813 3894 846 3946 et
872 3884 1100 3947 diuturnitate
1120 3884 1291 3964 temporis
1313 3885 1416 3945 valde

181 3989 344 4069 peccatis
363 3989 513 4052 inuoluti
538 4000 651 4053 erant.
676 3991 745 4054 Alii
761 4009 873 4053 annos
893 3989 1027 4069 decem,
1044 3992 1201 4054 nonnulli
1217 3991 1354 4071 viginti,
1373 3991 1417 4052 de

179 4113 249 4159 sua
266 4096 449 4175 impietate
464 4096 618 4159 confessi
634 4116 704 4161 non
719 4107 831 4160 erant.
848 4097 896 4160 At
911 4107 950 4159 vt
963 4099 1113 4178 primum
1133 4099 1286 4162 confessi
1300 4111 1417 4173 erant,

181 4202 454 4265 euidentissima
475 4220 561 4266 suae
582 4204 818 4284 poenitentiae
840 4205 942 4281 signa
964 4205 1103 4268 dedere.
1121 4206 1211 4268 Nam
1227 4207 1286 4286 qui
1300 4205 1420 4268 aliena

180 4310 317 4372 multos
330 4326 446 4371 annos
463 4311 703 4389 possidebant,
722 4310 808 4372 nihil
824 4311 921 4389 prius
937 4311 1090 4374 habuere
1104 4328 1212 4390 quam
1226 4323 1266 4375 vt
1283 4313 1417 4375 vnicui—

227 4584 237 4617 ἱ
266 4582 296 4628 P.
306 4584 418 4629 chhsel
430 4585 546 4629 Botelbo.

227 4658 238 4686 ¹
266 4656 360 4700 Petrus
370 4656 391 4700 T
392 4659 510 4711 agliavla
521 4659 552 4702 de
561 4658 675 4712 flraqou¹
688 4658 885 4702 Panormitanus
895 4659 1112 4714 Arcbleplseopus
1121 4668 1146 4704 et
1158 4661 1312 4705 Cardinalls.
