3210 5392
268 419 306 502 58
659 438 830 499 LITTERAE
840 454 1111 507 Quanlttuasrttsss

270 595 272 599 ·
330 584 570 650 Concionatus
589 583 654 648 fuit
673 583 711 648 P.
729 583 837 648 Auila
855 584 995 665 Hispali
1009 584 1218 649 concionem
1235 584 1377 665 quidem
1395 600 1500 664 egre·

263 692 378 772 giam3
395 710 441 754 ex
455 691 673 755 auditoribus
688 701 806 755 autem
820 692 979 754 nonnulli
994 692 1173 755 dicebant:
1190 692 1249 755 hic
1263 700 1360 755 recte
1380 691 1498 773 prole·

266 807 327 861 'cto
347 807 467 880 posset
489 799 580 862 inter
604 798 693 862 duos
712 800 842 861 choros
866 799 1091 879 concionari;
1115 800 1205 863 inter
1230 798 1319 863 duos
1338 816 1499 881 namque

262 907 396 970 choros
420 906 541 985 templi
561 905 706 969 maioris
723 921 794 969 non
814 906 1020 970 conceditur
1038 905 1177 987 Hispali
1198 907 1402 971 concionari
1421 908 1496 971 nisi

263 1013 589 1092 famigeratissimis
603 1013 926 1076 concionatoribus.

326 1119 481 1183 Profecti
496 1129 578 1183 sunt
592 1119 736 1184 tandem
751 1119 830 1183 inde
842 1119 888 1182 ad
899 1117 1068 1184 Sanctum
1079 1119 1216 1183 Lucam
1228 1119 1237 1150 ¹
1249 1117 1289 1182 Ρ.
1303 1116 1497 1182 Francisci

263 1227 375 1306 iussu,
391 1237 430 1289 vt
445 1224 606 1306 Collegii,
624 1227 718 1307 quod
729 1226 884 1290 Domina
900 1226 983 1290 Dux
998 1233 1009 1264 ¹
1024 1227 1095 1289 illic
1110 1225 1295 1304 construit,
1318 1225 1500 1307 possesio·

260 1350 345 1395 nem
366 1342 543 1414 caperent.
811 1399 813 1402 .

325 1437 364 1502 Ρ.
380 1457 468 1503 vero
490 1438 622 1504 Sancta
638 1439 735 1504 Crux
749 1437 777 1519 ¹,
793 1440 854 1519 qui
875 1438 1092 1503 eLusitania
1111 1438 1181 1502 huc
1201 1439 1309 1517 venit,
1325 1447 1365 1501 vt
1384 1438 1496 1518 bona,

259 1563 355 1626 «quae
371 1546 554 1611 Granatae
567 1546 725 1625 haberet,
742 1546 900 1626 Collegio
916 1545 963 1609 ibi
979 1544 1097 1608 futuro
1113 1544 1278 1624 donaret,
1295 1546 1365 1609 iam
1380 1544 1496 1610 Illibe-

261 1671 324 1717 ros
347 1653 529 1734 profectus
549 1663 612 1717 est.
634 1653 734 1718 Bona
754 1663 872 1718 autem
892 1653 1022 1716 donata
1045 1661 1142 1716 sunt:
1164 1653 1304 1731 domus,
1326 1669 1418 1733 quae
1437 1653 1497 1717 bis

261 1760 356 1823 mille
372 1778 499 1824 aureos
514 1762 610 1824 valet
625 1777 805 1841 nummos,
823 1759 949 1824 deinde
963 1759 1159 1838 nonaginta
1174 1768 1247 1822 tres
1267 1758 1415 1823 ducatos
1430 1774 1495 1822 au·

262 1883 342 1929 reos
358 1868 521 1931 annualis
532 1878 725 1948 prouentus
734 1868 886 1948 largitus
898 1876 962 1929 est.
976 1864 1164 1929 Donantur
1176 1875 1362 1946 praeterea
1374 1864 1493 1930 eidem

258 1972 420 2052 Collegio
436 1993 480 2037 ex
496 1991 596 2054 parte
610 1974 728 2039 Patris
742 1974 904 2054 Magistri
922 1973 1072 2056 Joannis
1085 1971 1240 2035 Aluarez
1255 1971 1410 2053 ‘viginti
1425 1990 1493 2037 sex

257 2077 381 2143 ducati
396 2090 589 2160 prouentus
610 2082 717 2145 etiam
732 2082 855 2160 annui,
871 2097 917 2142 ex
941 2080 1068 2160 quibus
1086 2095 1261 2143 summam
1280 2080 1494 2160 colligemus

255 2196 402 2251 centum
417 2199 452 2250 et
467 2188 652 2253 duodecim
666 2188 876 2252 ducatorum
896 2197 1036 2268 praeter
1052 2186 1205 2250 domum.

322 2293 473 2374 Agimus
494 2296 551 2359 hic
574 2313 638 2359 sex
657 2312 765 2376 supra
786 2296 931 2374 viginti;
955 2312 1000 2358 ex
1019 2294 1073 2357 his
1093 2292 1258 2356 undecim
1278 2294 1418 2373 absunt;
1441 2295 1492 2359 in·

257 2400 352 2464 firmi
366 2419 440 2465 sex.
458 2401 620 2481 Quatuor
633 2403 865 2483 professores
881 2418 1007 2480 nempe
1022 2400 1157 2465 Doctor
1174 2399 1280 2463 Plaza
1295 2397 1319 2474 ⁸,
1336 2401 1394 2481 qui
1407 2418 1489 2466 con·

260 2508 431 2571 scientiae
447 2525 553 2572 casus
569 2509 777 2573 enucleabat
790 2508 997 2588 laboratque
1008 2507 1173 2571 tertiana.
1187 2505 1224 2570 P.
1239 2505 1365 2569 deinde
1375 2507 1465 2590 Jaen
1477 2508 1493 2537 ⁰

253 2630 412 2692 graecus
438 2615 619 2679 institutor
639 2615 1021 2697 quotidianavvexatus
1044 2612 1146 2692 febri3
1173 2623 1316 2675 atvero
1339 2623 1491 2695 uterque

259 2723 365 2785 lenta:
382 2730 456 2785 tum
468 2721 595 2786 Frater
605 2721 704 2787 Roca
720 2723 741 2801 ²,
756 2722 815 2803 qui
827 2731 861 2785 et
872 2720 1102 2785 humanitatis
1113 2729 1148 2783 et
1160 2719 1355 2782 rhetorices
1370 2720 1489 2784 cathe-

255 2828 361 2891 dram
375 2827 692 2909 interpretabatur,
709 2831 845 2893 ventris
860 2828 956 2892 fluxu
971 2837 1005 2891 et
1025 2826 1200 2890 stomachi
1220 2824 1417 2904 debilitate,
1441 2828 1492 2890 ab

254 2952 301 2998 eo
316 2945 493 3016 tempore,
511 2954 581 3016 quo
596 2937 665 3000 huc
680 2938 794 3015 venit,
816 2954 956 3017 semper
975 2935 1123 3000 aflectus
1142 2936 1218 3000 fuit.
1240 2931 1366 2997 Frater
1386 2950 1488 3013 prae·

258 3051 354 3104 terea
370 3041 561 3106 Marcellus
576 3042 599 3122 ⁸,
616 3045 676 3123 qui
691 3044 735 3106 ob
753 3043 928 3106 stomachi
950 3043 1166 3106 debilitatem
1185 3057 1369 3122 magnam,
1386 3040 1487 3103 mini-

257 3163 351 3210 mam
381 3150 531 3212 classem
560 3167 624 3230 per
648 3150 773 3213 horam
798 3150 983 3213 dumtaxat
1012 3150 1217 3229 exercebat,
1249 3148 1377 3230 quique
1406 3148 1488 3211 loco

257 3252 295 3315 Ρ.
312 3253 401 3336 Jaen
417 3254 587 3319 suffectus
602 3256 684 3335 fuit,
701 3266 740 3317 vt
761 3272 930 3336 graecam
951 3257 1137 3320 lectionem
1157 3264 1365 3337 exponeret,
1387 3255 1424 3319 id
1436 3254 1486 3316 la·

253 3360 353 3424 boris
367 3377 448 3423 cum
462 3361 556 3425 ferre
571 3379 641 3425 non
656 3372 787 3443 posset,
804 3363 946 3426 omnino
961 3363 1101 3443 virique
1116 3364 1257 3426 lectioni
1273 3361 1486 3442 supersedit.

255 3465 295 3529 Ρ.
312 3468 418 3531 etiam
433 3466 583 3532 Pertusa
598 3467 609 3500 ⁹
625 3469 668 3532 ab
684 3486 725 3532 eo
742 3479 910 3548 tempore,
927 3487 997 3550 quo
1012 3488 1056 3533 ex
1072 3469 1254 3533 Lusitania
1269 3470 1385 3547 venit,
1404 3485 1487 3532 ven·

252 3575 319 3637 tris
338 3592 445 3638 cursu
467 3586 502 3640 et
522 3575 649 3656 capitis
670 3575 790 3639 dolore
812 3592 950 3655 semper
972 3575 1157 3638 laborauit.
1175 3574 1247 3638 Alii
1262 3575 1331 3638 duo
1346 3573 1485 3654 Patres

254 3808 468 3819 ———

296 3961 304 3992 ¹
335 3960 404 4005 Urbs
414 3968 453 4005 est
465 3974 544 4017 prope
556 3962 646 4006 Baetis
657 3962 767 4006 huminis
778 3972 833 4014 ora,
846 3959 972 4004 Saulucnr
983 3960 1014 4003 dc
1025 3960 1187 4004 Barrameda
1196 3960 1275 4005 dicta.

293 4031 304 4061 ²
333 4034 408 4077 Anna
419 4034 449 4077 de
461 4035 568 4087 Aragon
578 4041 603 4078 ct
615 4033 725 4084 Gurrea.
738 4033 755 4076 S
774 4033 909 4077 Francisci
920 4033 1009 4084 amita.
1022 4031 1079 4075 Dux
1092 4032 1133 4074 rel
1141 4064 1146 4086 ,
1155 4038 1183 4075 ut
1192 4032 1246 4087 jam
1257 4043 1318 4075 usus
1328 4032 1408 4077 habet
1419 4033 1486 4084 ‚Du-

255 4104 324 4149 cissa
335 4106 366 4148 de
376 4105 477 4149 Medion
489 4105 602 4150 Sidonia.

291 4176 302 4207 ὅ
331 4177 358 4220 Ρ.
371 4176 484 4221 Didacus
495 4179 525 4220 de
536 4178 689 4230 Suntacruz‚
700 4178 871 4221 communiter
882 4177 911 4220 Ρ.
925 4176 1076 4219 Suntacrun
1088 4176 1270 4220 Granatensrs
1279 4175 1374 4220 dictus.

292 4249 303 4280 ⁴
330 4245 363 4302 ls,
374 4250 417 4303 qui
427 4248 601 4293 Granatensis
612 4251 692 4293 etlam
703 4256 771 4298 erat.
782 4248 894 4302 Joannes
903 4247 999 4292 Paulus
1007 4250 1086 4302 vulgo
1094 4249 1237 4293 dicebatur.

292 4318 303 4348 ⁵
332 4319 359 4362 P.
371 4318 416 4363 Dr.
427 4319 539 4371 Joanncs
550 4321 581 4363 de
592 4323 618 4364 ln
628 4321 716 4364 Plaza.

291 4390 303 4419 ὕ
332 4391 360 4433 P.
371 4390 483 4444 Joannes
494 4393 524 4435 dc
535 4391 608 4443 Jahn.

291 4465 301 4494 ⁷
332 4462 425 4507 Frater
436 4463 547 4515 Joauncs
557 4465 588 4507 de
601 4464 678 4508 Roca.
690 4465 756 4508 Vide
768 4477 832 4519 quae
848 4466 958 4509 dlxlmus
970 4467 995 4508 in
1012 4471 1073 4509 tom.
1084 4477 1116 4518 ιι,
1128 4476 1187 4520 pag.
1198 4466 1224 4509 70
1234 4499 1238 4517 ,
1250 4472 1338 4510 annot.
1354 4464 1377 4514 3.
1392 4464 1436 4510 ubl
1452 4464 1486 4509 de

246 4539 299 4581 'boc
310 4534 404 4580 Fratre
415 4535 442 4578 fit
454 4547 547 4590 sermo,
559 4539 606 4580 sub
617 4538 716 4580 nomine
728 4537 835 4592 Antiqui
847 4537 926 4582 Roca.

288 4608 301 4639 ⁶
328 4607 636 4652 P.MarcellusSulazar.

289 4682 301 4714 ⁹
330 4681 358 4726 P.
369 4680 547 4726 Gundlsalvus
559 4680 677 4726 Pertusa.
