3210 5392
691 414 754 472 Aa.
777 415 846 472 last
1331 416 1378 474 181

175 566 266 635 ceret,
280 559 432 622 maxime
447 569 524 623 erat
539 560 744 624 uerendum:
761 560 855 639 quod
870 560 899 623 si
914 560 1123 640 contigisset
1137 561 1243 641 (quod
1259 559 1377 623 Domi·

178 681 232 726 nus
244 667 398 744 auertat),
416 666 500 747 quid
515 666 595 729 inde
610 668 693 730 maii
713 678 828 730 ortum
847 668 985 747 publice
998 667 1132 743 fuisset,
1150 668 1312 730 omnibus
1328 669 1375 730 iu-

180 770 342 835 dicandum
357 773 529 853 relinquo,
546 774 640 854 quod
651 774 687 836 in
703 775 898 854 periculum
913 792 955 837 ac
971 773 1161 837 discrimen
1176 774 1279 838 huius
1294 775 1377 836 ciui-

182 879 247 941 tatis
258 881 347 942 salus
361 863 565 960 uocaretur,
582 900 686 962 quem
706 898 828 945 omnes
846 882 879 944 in
900 881 993 944 idem
1016 881 1204 945 haereseos
1225 899 1374 944 coenum

188 985 283 1065 dilapsi
300 986 455 1051 animum
474 989 712 1068 recepissent?
731 1006 812 1052 cum
832 1005 934 1052 nemo
953 1006 1024 1050 non
1046 989 1184 1067 ignoret
1204 1005 1301 1068 spem
1317 989 1377 1051 im·

189 1093 323 1170 punitatis
343 1094 447 1174 (quae
462 1105 569 1174 caput
583 1104 637 1158 est
659 1097 773 1158 omnis
791 1096 974 1171 audaciae)
995 1095 1167 1175 peccandi
1186 1096 1377 1158 maximam

188 1214 246 1261 esse
259 1199 464 1265 illecebram.
487 1201 623 1265 Verum
651 1200 842 1280 Dominus,
865 1204 925 1282 qui
951 1203 1119 1282 populum
1140 1218 1241 1265 suum
1262 1202 1298 1265 in
1317 1203 1376 1265 ho·

190 1304 266 1369 stium
278 1305 429 1371 furorem
448 1308 577 1371 coniici
596 1327 667 1372 non
687 1309 790 1372 facile
811 1308 999 1388 aliquando
1019 1308 1161 1388 patitur,
1183 1325 1264 1371 cum
1286 1309 1378 1372 iilius

192 1414 270 1475 multo
282 1414 450 1477 maiorem
466 1432 587 1479 curam
603 1426 715 1495 gerat,
733 1434 840 1497 quam
851 1417 908 1479 ilie
924 1417 998 1497 ipse
1010 1416 1066 1479 uel
1077 1433 1121 1479 ne
1138 1417 1297 1495 cogitare
1308 1417 1379 1496 qui·

193 1518 247 1581 dem
258 1531 381 1599 posset,
398 1522 451 1584 sic
466 1523 542 1586 eius
557 1522 713 1586 animum
734 1524 934 1602 illustrauit,
955 1535 992 1586 ut
1008 1524 1192 1587 ueritatem
1214 1541 1285 1587 non
1304 1541 1378 1586 cer-

188 1635 261 1688 neret
271 1627 381 1707 modo,
397 1628 460 1692 sed
474 1638 642 1709 tanquam
658 1631 769 1694 oculis
783 1629 930 1693 uideret.
944 1629 1034 1693 Nam
1046 1629 1137 1693 filius
1148 1630 1377 1694 illustrissimi

193 1729 280 1811 Ducis,
295 1752 484 1817 omnesque
497 1737 590 1800 filiae
605 1735 612 1767 ¹
625 1747 660 1800 et
672 1737 833 1814 ancillae,
850 1755 941 1818 quae
953 1738 1071 1817 plures
1082 1747 1162 1801 sunt
1174 1755 1280 1817 quam
1292 1754 1376 1799 nun·

189 1853 268 1915 quau
279 1842 424 1906 alicuius
438 1843 608 1923 principis
623 1843 782 1922 uiderim,
800 1853 921 1907 nostro
935 1843 1033 1908 Patri
1048 1844 1231 1907 confessae
1239 1843 1275 1906 in
1289 1844 1378 1922 vigi·

196 1944 227 2007 iia
241 1947 487 2031 assumptionis
505 1951 666 2031 Virginis
688 1952 824 2015 Mariae
846 1952 1108 2015 sanctissimum
1131 1949 1378 2014 Eucharistiae

192 2066 416 2121 sacramentum
431 2074 624 2138 sumpsere,
642 2059 765 2139 hisque
780 2059 869 2122 duos
879 2059 1014 2122 libellos
1025 2057 1377 2122 doctrinaechristia·

194 2162 331 2228 naeidem
344 2163 452 2228 Pater
465 2166 594 2228 attulit:
610 2153 762 2229 accessit
778 2166 872 2247 quod
888 2167 958 2244 iila,
985 2182 1075 2245 quae
1094 2165 1183 2228 salsa
1203 2165 1286 2228 boni
1306 2165 1376 2244 opi·

192 2264 377 2335 nioneducta
389 2272 441 2335 sic
453 2289 491 2335 se
506 2272 543 2335 in
554 2273 734 2336 teterrimo
747 2290 868 2337 errore
882 2273 1177 2352 ingurgitauerat,
1191 2281 1229 2335 ut
1244 2274 1379 2352 expleri

195 2387 336 2455 uunquam
350 2396 457 2459 posse
477 2379 544 2443 sibi
568 2379 759 2455 uideretur,
780 2397 870 2460 quae
891 2380 1026 2443 tamdiu
1040 2381 1119 2443 luce
1140 2379 1319 2457 destituta,
1343 2381 1378 2442 in

193 2482 310 2548 tenebris
321 2496 465 2549 uersata
487 2487 613 2566 iuerat,
634 2487 670 2550 in
692 2486 792 2551 cuius
817 2487 933 2549 animo
953 2488 1005 2550 sic
1024 2486 1213 2549 haereseos
1239 2489 1383 2550 macula·

192 2581 332 2655 insederat
347 2602 453 2672 atque
469 2593 740 2671 inueterauerat,
756 2602 794 2656 ut
809 2610 879 2656 non
894 2593 1024 2672 exiguo
1046 2593 1167 2656 labore
1192 2593 1301 2657 deleri
1320 2610 1379 2674 po·

193 2696 283 2774 tuerit,
302 2699 344 2762 ab
370 2700 535 2780 opinione
560 2700 710 2780 denique
730 2700 852 2778 cessit;
873 2710 1078 2779 perpetuam
1093 2699 1175 2763 8³⁸0
1197 2700 1380 2764 Ecclesiae

189 2792 336 2869 Romanae
352 2807 564 2870 catholicam
578 2807 681 2871 iidem
698 2808 870 2887 promisit,
889 2808 1048 2887 promisit
1065 2816 1099 2869 et
1122 2810 1213 2871 uitro
1229 2825 1267 2870 se
1290 2825 1377 2871 sem·

191 2920 235 2982 per
245 2913 350 2977 uerbis
361 2913 432 2976 Ra
444 2915 556 2977 nostri
567 2914 681 2978 Patris
692 2914 797 2978 iidem
809 2914 1056 2993 adhibituram,
1071 2915 1127 2977 cui
1139 2914 1300 2978 consessa
1313 2924 1378 2992 est,

191 3022 216 3075 et
226 3019 383 3083 celebrato
399 3021 444 3083 ab
460 3021 581 3084 eodem
597 3038 701 3085 sacro
717 3023 751 3085 in
767 3022 842 3085 eius
858 3024 950 3097 aula,
976 3032 1010 3085 et
1031 3022 1151 3084 habita
1168 3021 1210 3084 de
1223 3020 1303 3084 ΞΜ
1320 3020 1378 3086 Sa-

187 3134 336 3191 eramento
350 3128 533 3208 concione,
549 3129 637 3191 satis
652 3147 737 3192 sane
745 3129 871 3192 deuote
887 3128 931 3191 ad
947 3127 1089 3191 Domini
1102 3146 1249 3192 coenam
1262 3146 1379 3192 acces-

188 3227 231 3290 sit.
242 3231 280 3297 Ut
292 3245 477 3316 praeterea
492 3237 568 3299 eius
584 3236 783 3300 assiduitati
798 3236 1052 3310 consuleretur,
1073 3236 1108 3299 id
1129 3235 1302 3300 Dominus
1317 3254 1380 3316 per

190 3331 269 3404 hosce
281 3344 352 3408 dies
371 3355 540 3424 operatus
558 3353 628 3422 est,
650 3353 687 3407 ut
706 3361 815 3407 unum
835 3361 880 3406 ex
895 3344 1046 3423 punctis,
1068 3361 1158 3424 quae
1178 3343 1281 3407 Pater
1302 3344 1380 3407 Illu-

188 3445 329 3514 suissimo
343 3450 437 3514 Duci
458 3452 504 3515 ad
523 3452 646 3514 uxoris
665 3451 824 3531 regimen
844 3451 990 3515 dederat
1012 3451 1118 3532 (quod
1140 3451 1256 3514 adhuc
1275 3451 1380 3514 nimis

186 3554 305 3624 arduum
318 3561 434 3624 uisum
448 3560 524 3638 fuit)
539 3559 765 3640 exequutioni
780 3557 1063 3622 demandaretur:
1078 3568 1114 3621 ut
1130 3558 1293 3621 videlicet
1305 3576 1378 3622 mu·

190 3656 237 3723 liet
246 3669 292 3730 uel
307 3668 342 3731 in
356 3668 504 3731 castello
520 3667 576 3729 vel
597 3684 669 3729 non
688 3667 793 3745 longe
808 3666 995 3729 habitaret.
1015 3664 1086 3728 Res
1101 3664 1260 3746 proiecto
1285 3664 1379 3727 haud

189 3766 291 3838 minimi
305 3774 484 3839 momenti:
497 3791 579 3837 nam
595 3773 624 3835 si
640 3790 784 3852 nupera
799 3772 952 3853 quodam
964 3772 1140 3851 Episcopo
1152 3771 1377 3848 domesticuS,

188 3880 379 3964 nescioquis,
396 3880 442 3944 ad
456 3881 570 3961 ipsam
586 3879 731 3944 Illmam.
749 3880 884 3943 Ducem
894 3897 973 3942 cum
988 3880 1066 3959 ipso
1081 3878 1181 3941 Duce
1196 3878 1268 3941 sere
1284 3879 1379 3941 habi-

190 3983 289 4051 tantem
307 3991 437 4053 missus
456 3999 525 4066 est,
553 3988 612 4069 qui
634 3987 794 4050 eamdem
816 3988 1018 4050 hortaretur
1039 3997 1077 4048 ut
1100 4004 1120 4047 a
1141 3984 1379 4048 familiaritate

188 4094 273 4157 nostri
288 4094 403 4160 Patris
424 4096 636 4170 discederet,
660 4112 725 4157 nec
751 4094 847 4157 iilum
866 4094 959 4156 ultra
979 4093 1189 4169 admitteret,
1210 4092 1378 4170 quoniam

187 4187 309 4267 futurum
324 4216 377 4268 est
392 4204 477 4268 iliud
491 4213 630 4284 tempus
642 4202 692 4280 (ut
707 4220 727 4263 a
743 4200 814 4264 iiiio
830 4200 927 4263 lllmi.
942 4200 1053 4263 Ducis
1067 4207 1190 4262 nostro
1202 4197 1299 4261 Patri
1315 4197 1379 4260 luit

186 4301 315 4390 relatum)
338 4329 408 4393 quo
428 4327 550 4374 omnes
574 4310 656 4373 hinc
672 4310 866 4388 abigemur;
891 4307 972 4387 quid
987 4305 1085 4369 fieret
1105 4306 1135 4369 si
1153 4306 1260 4383 longe
1283 4305 1380 4368 abes·

187 4415 229 4470 set
239 4426 427 4499 pateretque
442 4417 573 4481 aditus?

190 4561 365 4587 N-

220 4644 227 4678 ’
247 4651 301 4702 Vide
311 4660 420 4705 Potarcr
431 4661 533 4713 cirron,
543 4670 559 4706 t
573 4673 608 4713 rr,
620 4674 636 4705 n
655 4661 689 4711 95,
700 4673 756 4716 pag.
769 4661 804 4712 56,
815 4666 902 4703 annot.
915 4660 932 4702 l.
