3210 5392
176 437 227 495 1110
569 439 736 496 errsaas
750 451 1021 504 Qununrrrssruss
1098 468 1103 478 ·

175 585 259 646 dum
281 601 326 646 ex
341 582 490 647 Colonia
510 591 773 646 reuerterentur
792 583 1001 660 Louanium,
1030 582 1175 645 odorem
1197 581 1331 645 bonum
1353 578 1420 644 So·

176 691 315 752 cietatis
341 690 469 753 ibidem
495 700 717 770 sparserunt,
746 709 791 753 ex
817 690 1021 753 visitatione
1037 688 1257 752 infirmorum
1272 687 1414 750 decum-

176 797 332 859 bentium
348 798 383 859 in
398 797 632 875 hospitalibus
651 806 685 860 et
705 814 898 878 puerorum
916 814 960 859 ac
980 798 1173 859 multorum
1194 795 1416 858 studentium

178 904 214 965 in
226 904 357 967 scholis
369 904 530 984 publiciS,
544 920 644 984 qu0S,
655 913 693 967 vt
707 921 787 967 cum
800 903 926 966 litteris
939 904 1108 982 pietatem
1119 919 1259 983 quoque
1271 902 1404 965 coniun

178 1020 316 1088 gerent,
333 1010 465 1073 hortati
480 1023 561 1073 sunt
577 1011 685 1075 latine
702 1020 808 1091 atque
824 1011 930 1073 etiarn
952 1011 1101 1088 gallice,
1118 1009 1211 1089 quod
1237 1009 1330 1071 adeo
1346 1008 1420 1088 pla-

177 1117 249 1180 cuit
263 1118 394 1181 rectori
410 1119 565 1197 collegii,
583 1128 621 1181 vt
637 1136 747 1199 vsque
763 1119 798 1180 in
815 1119 906 1181 hanc
924 1120 1047 1180 horam
1059 1117 1234 1180 desideret
1255 1127 1290 1178 et
1312 1125 1417 1195 petat

178 1225 314 1305 aliquos
329 1244 374 1288 ex
390 1223 579 1304 Societate,
603 1227 659 1305 qui
687 1226 836 1288 doceant
864 1225 1022 1302 modurn,
1040 1241 1109 1304 quo
1135 1222 1246 1302 possit
1267 1239 1353 1285 suos
1371 1223 1417 1285 ad

178 1329 245 1394 Dei
260 1332 411 1409 gloriam
426 1332 482 1412 pie
498 1350 540 1395 ac
552 1343 674 1395 sancte
687 1333 800 1411 magis
814 1332 982 1395 imbuere:
998 1332 1065 1393 hae
1078 1331 1172 1393 fama
1184 1345 1327 1410 quoque
1339 1347 1420 1409 per·

178 1438 263 1501 moti
279 1438 348 1501 duo
365 1439 493 1502 ibidem
515 1440 687 1516 canonici,
710 1441 799 1503 alter
820 1439 883 1502 Sti.
911 1439 1107 1514 lamberti,
1135 1439 1224 1500 alter
1240 1434 1304 1500 Sti.
1324 1435 1419 1499 Mar-

179 1545 254 1623 tini,
272 1544 423 1609 offerunt
438 1544 606 1609 Societati
629 1563 713 1609 suas
734 1547 861 1609 domos
876 1563 958 1609 cum
973 1544 1085 1607 hortis
1100 1543 1292 1623 contiguis,
1311 1552 1420 1623 prout

180 1652 286 1715 latius
301 1652 494 1715 indicatum
511 1663 563 1715 est
579 1653 619 1715 R.
637 1654 675 1716 P.
692 1653 737 1715 V.
755 1672 775 1715 a
793 1652 859 1715 ll.⁰
874 1652 1034 1714 Adriano
1054 1650 1073 1710 ¹.
1090 1651 1164 1714 Nos
1178 1651 1286 1713 etiam
1300 1651 1422 1712 inuisi·

180 1775 259 1821 mus
275 1776 346 1820 non
362 1760 437 1821 sine
457 1759 572 1821 fructu
599 1761 634 1821 in
649 1761 716 1822 hac
743 1760 886 1822 ciuitate
913 1760 1047 1839 aliquot
1072 1758 1178 1821 morti
1205 1757 1418 1831 destinatos,

184 1868 275 1929 inter
291 1884 381 1946 quos
395 1867 535 1929 bonitas
550 1866 617 1930 Dei
634 1867 780 1946 dignata
795 1879 848 1929 est
870 1885 932 1947 per
955 1866 992 1928 P.
1019 1866 1226 1944 Quintinum
1245 1882 1423 1927 reuocare

182 1990 290 2036 vnum
305 1972 349 2035 ad
365 1990 490 2036 sanam
505 1985 669 2050 mentem,
683 1974 743 2054 qui
758 1975 888 2054 alioqui
905 1975 940 2036 in
956 1991 1020 2036 suo
1034 1972 1287 2035 lutheranismo
1309 1972 1420 2034 obsti·

184 2089 289 2143 natus
305 2080 395 2142 mori
417 2081 570 2143 volebat.

240 2185 335 2250 Idem
351 2186 456 2249 Pater
471 2189 586 2266 pergit
602 2188 750 2267 singulis
765 2187 887 2251 diebus
907 2187 1091 2250 dominicis
1114 2196 1218 2267 atque
1238 2186 1348 2248 etiam
1370 2185 1419 2248 se·

185 2293 249 2355 stis
269 2294 310 2370 (si
330 2294 470 2356 aliunde
492 2312 564 2357 non
583 2295 804 2374 impediatur)
828 2296 863 2357 in
885 2294 1125 2372 praedicando
1145 2303 1180 2356 et
1199 2291 1420 2372 explicando

184 2399 381 2463 doctrinam
402 2400 633 2464 christianam
648 2402 683 2463 in
705 2402 858 2481 quadam
880 2401 1050 2477 ecclesia,
1071 2417 1173 2480 quae,
1197 2416 1422 2479 quamquam

182 2507 250 2568 sita
268 2507 312 2568 sit
328 2506 363 2568 in
379 2509 509 2587 angulo
525 2517 560 2569 et
574 2526 683 2588 prope
696 2508 834 2571 moenia
847 2508 1014 2584 ciuitatis
1032 2508 1211 2569 auditores
1227 2516 1349 2597 tamen
1365 2523 1420 2568 sa·

183 2613 229 2675 tis
244 2611 446 2692 frequentes
464 2614 511 2677 ibi
533 2614 706 2692 visuntur,
721 2616 979 2694 multorumque
990 2614 1037 2677 ibi
1050 2613 1291 2676 confessiones
1306 2612 1421 2688 audit,

183 2728 217 2780 et
237 2720 474 2798 complurium
488 2721 619 2784 ciuium
639 2721 730 2784 inter
745 2739 783 2784 se
798 2721 1042 2784 dissidentium
1062 2720 1274 2783 concordias
1289 2736 1419 2800 procu-

184 2826 277 2888 rauit
292 2835 325 2888 et
342 2826 457 2890 adhuc
481 2837 667 2906 procurat,
694 2828 776 2891 dum
796 2828 861 2890 has
882 2828 1017 2906 scribo;
1040 2826 1182 2907 plurimi
1197 2843 1339 2906 quoque
1355 2843 1423 2888 nos

183 2934 339 2995 inuisunt
351 2933 494 3012 petituri
505 2935 702 3012 eonsilium,
717 2935 906 3014 praecipue
919 2935 955 2997 in
967 2935 1072 2996 rebus
1089 2932 1315 3012 grauioribus
1331 2943 1368 2995 et
1384 2933 1421 2994 in

182 3041 460 3103 desolationibus
476 3058 518 3103 ac
534 3041 709 3121 scrupulis
724 3054 758 3104 et
774 3042 940 3104 tristitiis:
958 3053 992 3104 et
1008 3040 1169 3121 quotidie
1185 3039 1331 3101 veniunt
1348 3042 1425 3119 plu-

184 3165 253 3225 reS,
270 3164 311 3209 eo
327 3147 423 3227 quod
438 3147 537 3209 multi
552 3164 616 3226 per
631 3147 697 3210 Dei
712 3149 865 3228 gratiam
882 3148 1067 3211 discedunt
1082 3165 1103 3209 a
1116 3147 1220 3210 nobis
1235 3146 1326 3208 bene
1341 3163 1426 3209 con·

184 3254 302 3315 solati.
319 3253 411 3316 Hinc
426 3254 463 3316 lit
478 3265 516 3316 vt
532 3256 766 3318 communiter
782 3256 869 3318 bene
882 3256 1070 3318 audiamus
1083 3254 1127 3317 ab
1141 3253 1315 3316 omnibus.
1333 3252 1425 3317 Sunt

183 3372 302 3423 tamen
317 3362 376 3439 qui
392 3362 427 3423 in
443 3362 548 3424 rebus
560 3362 738 3425 nonnullis
752 3361 967 3425 Societatem
983 3362 1145 3424 mordent
1156 3369 1189 3423 et
1202 3360 1426 3441 vituperant;

183 3478 360 3547 coguntur
375 3479 493 3532 tamen
508 3471 565 3532 vel
580 3470 680 3532 inuiti
695 3470 800 3534 fateri
816 3472 925 3533 multa
943 3471 1038 3532 bona
1055 3488 1076 3531 a
1092 3469 1193 3532 nobis
1209 3466 1298 3531 fieri.

245 3574 343 3636 Haec
355 3586 451 3653 sunt,
469 3575 574 3638 Pater
591 3577 635 3638 mi
652 3595 822 3657 perquam
841 3577 1061 3652 honorande,
1079 3592 1170 3657 quae
1186 3592 1279 3638 nunc
1297 3592 1427 3640 occur·

185 3690 267 3744 runt
284 3681 482 3744 scribenda.
504 3681 585 3745 Scio
602 3684 706 3761 longe
727 3685 828 3762 plura
848 3683 1002 3762 potuisse
1024 3664 1066 3743 ac
1082 3680 1245 3744 debuisse
1272 3699 1292 3743 a
1316 3683 1424 3746 nobis

184 3789 271 3865 fieri,
289 3788 319 3850 si
336 3805 404 3849 non
420 3787 589 3850 obfuisset
615 3789 759 3868 pigritia
782 3807 824 3852 ac
851 3789 1067 3867 negligentia
1090 3799 1223 3864 nostra,
1251 3804 1363 3867 quam
1383 3798 1423 3851 vt

184 3893 285 3956 nobis
301 3906 424 3973 parcat
436 3893 620 3970 Dominus
637 3895 815 3958 humiliter
831 3896 982 3974 petimus
997 3912 1018 3957 a
1034 3895 1079 3957 V.
1097 3893 1138 3957 R.
1157 3893 1194 3956 P.
1211 3903 1246 3957 et
1266 3896 1427 3959 caeteris

186 4001 352 4064 Patribus
367 4018 410 4063 ac
425 4000 596 4064 fratribus
612 4004 720 4064 orari.
734 4002 862 4065 Amen.

247 4107 413 4185 Tornaci,
429 4107 542 4170 lidus
555 4108 773 4189 Septembris
788 4109 876 4171 1554.

248 4213 290 4275 R.
307 4212 344 4275 P.
364 4213 408 4277 V.
426 4215 560 4277 inutilis
574 4233 701 4279 seruus
717 4217 752 4279 in
769 4216 922 4291 Christ0,

796 4431 1014 4492 Bnauauous
1038 4428 1240 4492 Ocrusruus.

232 4672 239 4701 ¹
274 4671 391 4714 Adriano
403 4671 600 4715 Adriatnssens.
