3210 5392
674 123 739 180 Au.
761 123 830 182 1555
1311 121 1363 181 381

119 269 306 347 ecclesiis,
322 268 417 332 domi
433 268 618 346 diligenter
634 286 740 348 opere
762 270 969 349 completur.
995 268 1073 348 Qua
1088 288 1140 361 ex
1161 287 1270 334 causa
1291 271 1365 331 lau·

113 372 274 438 dandus
287 376 383 438 venit
397 393 468 438 non
483 393 610 456 parum
624 374 721 440 Deus
737 374 817 455 Opt.
841 376 936 439 Max.
960 377 1129 439 nobilium
1156 384 1191 439 et
1211 377 1365 439 aliorum

106 491 305 560 pronatae
320 480 415 545 vitae
430 483 622 561 hominum,
640 483 698 563 qul
714 483 818 545 modo
834 482 963 546 diuinis
978 483 1213 546 sacramentis
1230 483 1282 546 vti
1296 483 1366 545 sre-

106 600 281 668 quenter
296 589 478 669 incipiunt.
495 588 619 652 Plures
639 588 882 652 confessiones
897 589 1106 653 audiuntur:
1123 590 1365 653 restitutiones

103 695 367 759 ducentorum
393 705 454 759 aut
478 695 631 775 plurium
652 697 799 759 millium
818 695 1066 776 dipondiorum
1087 696 1241 776 propriis
1256 696 1366 759 domi-

102 802 201 864 nis
221 802 312 866 fiunt:
338 803 550 866 subuentum
576 810 630 865 est
654 804 886 883 pauperibus,
918 804 1072 866 maxime
1097 803 1165 866 hoc
1191 813 1364 883 tempore,

101 926 233 986 cum,
257 919 402 990 propter
417 909 561 973 nauium
577 909 765 990 jacturam,
788 911 1012 990 cogitabatur
1035 911 1114 974 illos
1139 911 1367 974 laboraturos

102 1015 242 1081 farne:
258 1018 477 1097 compositae
492 1027 573 1081 sunt
588 1018 644 1081 his
659 1017 782 1081 diebus
802 1036 872 1080 non
896 1035 1031 1098 paucae
1051 1019 1141 1096 lites,
1159 1035 1243 1082 nam
1257 1028 1295 1082 et>
1307 1035 1366 1096 po·

105 1132 268 1186 strenia
282 1124 585 1205 quadragesimali
596 1125 761 1187 contione
774 1126 895 1188 habita
911 1142 931 1186 a
948 1123 1052 1189 Patre
1068 1126 1174 1189 Auila
1187 1124 1196 1156 ¹
1213 1142 1366 1189 commo·

106 1238 204 1292 tae
215 1240 299 1310 sunt,
316 1249 390 1294 non
404 1230 480 1294 sine
495 1232 657 1295 vbertate
671 1231 935 1311 lachrimarum,
954 1242 1106 1313 quatuor
1122 1241 1182 1295 aut
1197 1232 1364 1312 quinque,

107 1342 170 1397 et
197 1338 322 1416 publice
337 1338 409 1401 alta
424 1355 514 1402 voce
529 1337 774 1401 condonarunt
786 1337 932 1419 injurias
944 1339 1125 1418 capitales:
1143 1339 1200 1402 hic
1213 1349 1365 1404 mortem

111 1444 261 1521 patris,
276 1445 332 1507 ille
348 1444 484 1523 matris,
502 1445 561 1507 illa
576 1444 680 1523 filiae,
696 1445 784 1508 haec
801 1463 886 1508 vero
901 1446 1045 1525 sororis,
1062 1456 1096 1509 et
1112 1447 1182 1509 alio
1202 1446 1270 1525 die,
1287 1464 1368 1509 sua·

113 1545 244 1613 dente
254 1550 356 1614 Patre
369 1549 567 1630 Goncalez¹
578 1550 773 1615 fraternam
785 1552 1009 1615 dilectionem
1017 1570 1123 1633 super
1132 1554 1254 1634 quinto
1266 1570 1365 1634 prae-

117 1665 244 1736 cepto
257 1659 430 1737 decalogi,
443 1659 614 1722 emolliuit
630 1657 804 1722 Dominus
819 1660 960 1723 viscera
976 1660 1170 1740 cujusdam,
1187 1661 1247 1740 qui
1262 1663 1366 1741 alapa

120 1775 266 1828 caesus
273 1765 400 1842 fuerat,
411 1783 502 1845 quae
513 1783 580 1829 nec
592 1766 751 1846 militum,
765 1784 830 1829 nec
842 1766 1089 1848 inquisitorum
1100 1785 1224 1849 preces
1236 1769 1368 1832 emolli·

126 1871 490 1950 repotuerant,adeo
502 1883 642 1953 vt‚post
653 1874 893 1954 importunam
904 1875 1000 1938 litem
1012 1884 1047 1938 et
1058 1876 1202 1954 longam
1210 1875 1371 1939 vexatio·

129 1986 229 2039 nem
237 1989 268 2042 et
278 1996 430 2059 magnas
441 1979 632 2059 impensas,
643 1989 725 2045 ante
734 1981 868 2044 exitum
876 1981 1049 2044 ecclesiae
1061 1982 1178 2044 omnia
1190 1981 1369 2046 liberrime

133 2074 297 2149 donauit.
314 2085 489 2165 Denique,
506 2086 740 2150 concionante
755 2085 860 2150 Patre
876 2087 1036 2168 Baptista
1048 2085 1071 2166 ³,
1088 2087 1147 2151 diu
1161 2088 1369 2153 dissidentia

138 2191 252 2256 coroa
268 2193 440 2257 nobilium
460 2203 716 2272 matronarum,
740 2194 776 2256 in
796 2195 873 2274 ipsa
899 2196 1061 2273 ecclesia,
1079 2196 1197 2259 multis
1219 2195 1369 2261 videnti·

138 2283 216 2360 bus
226 2311 256 2363 et
270 2301 541 2378 admirantibus,
559 2301 746 2365 conciliata
762 2312 855 2365 sunt.

209 2402 333 2472 Habuit
358 2406 396 2471 P.
418 2404 562 2471 Xuarez
585 2405 710 2487 ‘apud
733 2425 913 2472 carcerem
933 2409 1111 2489 publicum
1133 2419 1262 2473 octauo
1286 2428 1370 2490 quo·

142 2512 214 2578 (lue
235 2515 289 2577 die
316 2515 502 2578 contiones
526 2512 570 2577 de
596 2514 790 2579 christiana
815 2515 988 2579 doctrina:
1016 2525 1062 2595 et,
1085 2526 1226 2596 praeter
1245 2519 1368 2596 multa,

142 2618 234 2683 <luae
246 2619 368 2684 diuina
383 2621 503 2703 gratia
517 2630 551 2684 et
566 2621 676 2700 ipsius
691 2633 905 2703 cooperante
920 2623 1092 2686 industria
1118 2623 1282 2704 expedita
1296 2624 1370 2687 sue·

141 2723 197 2795 re,
209 2729 363 2808 negotia,
381 2728 467 2791 illud
481 2736 535 2791 est
549 2728 695 2791 maximi
709 2729 876 2808 ponderis
889 2729 1009 2793 diuino
1022 2730 1144 2793 fauore
1156 2728 1369 2796 conlectum:

140 2830 220 2895 erat
232 2834 268 2897 in
282 2834 436 2899 vinculis
451 2833 577 2898 Petrus
592 2835 736 2916 quidam
750 2835 888 2899 Mendel
904 2835 926 2912 ⁸,
944 2836 1087 2899 natione
1101 2836 1248 2917 flander,
1262 2839 1371 2902 nutri-

139 2926 210 3017 tus,
226 2950 265 3006 ut
280 2941 410 3016 aiebat,
426 2940 472 3004 ad
487 2942 596 3022 pedes
621 2942 765 3005 Martini
779 2943 936 3020 Lutheri,
964 2952 997 3006 et
1012 2960 1193 3007 venenosa
1214 2941 1371 3024 ejusdem

136 3026 302 3112 doctrina
314 3049 481 3127 imbutus;
497 3048 566 3126 hic,
583 3049 687 3112 morti
701 3049 901 3127 damnatus,
924 3067 1006 3112 cum
1025 3061 1118 3113 esset
1139 3050 1196 3145 die
1211 3051 1369 3115 crastino

131 3145 421 3236 suspendendus,
449 3155 650 3219 admonitus
675 3173 800 3219 sacrae
821 3158 1032 3220 auricularis
1052 3156 1297 3238 confessionis,
1319 3176 1372 3222 re·

133 3253 283 3327 spondit
308 3263 507 3327 subridens:
534 3263 623 3326 “iam
641 3280 709 3343 ego
730 3262 882 3327 Domino
903 3280 982 3327 meo
1004 3263 1187 3329 confessus
1207 3283 1296 3345 sum,
1314 3267 1373 3330 cui

129 3361 203 3425 >cor
219 3386 336 3433 meum
351 3379 386 3433 et
401 3372 537 3434 scelera
562 3387 642 3433 mea
667 3379 748 3434 sunt
769 3379 864 3448 nota,
888 3388 992 3451 quem
1012 3369 1134 3434 fallere
1153 3373 1249 3435 nullo
1265 3372 1371 3436 modo

131 3467 299 3540 Possum:
322 3476 407 3557 quid
433 3475 628 3541 confitebor
648 3477 783 3540 homini
797 3478 977 3557 peccatori
996 3478 1102 3541 simili
1121 3478 1236 3556 mihii,
1254 3478 1371 3542 Voca-

131 3565 200 3678 flls
228 3593 280 3647 est
309 3602 408 3648 more
427 3584 530 3647 solito
552 3584 598 3647 ad
622 3584 738 3664 ipsum
760 3582 973 3648 audiendum
1002 3583 1108 3648 Pater
1135 3585 1292 3662 Xuarez,
1315 3586 1373 3648 cui

130 3682 221 3752 lpse
234 3691 347 3771 coepit
361 3707 465 3754 suam
480 3691 668 3770 propalare
687 3690 906 3754 vaesaniam.
923 3689 973 3753 Re
988 3700 1182 3771 comperta,
1200 3691 1373 3754 accedunt

127 3785 191 3852 ad
208 3796 457 3861 confutandum
472 3797 689 3861 haereticum
704 3796 898 3860 doctissimi
913 3807 946 3860 et
968 3797 1105 3877 egregii
1124 3796 1258 3860 ordinis
1272 3813 1373 3877 prae·

128 3948 356 3986 χ--α

184 4066 199 4100 ¹
228 4073 252 4120 P.
262 4076 396 4131 alphonso
404 4087 451 4120 seu
462 4075 560 4120 Bulllo
571 4077 601 4120 de
613 4076 702 4121 Avila.

184 4137 214 4184 ⁸.
230 4143 254 4190 Ρ.
264 4146 425 4193 6111111110
436 4146 573 4196 conmez.

184 4208 202 4241 ⁸
230 4216 254 4264 P.
264 4219 360 4273 Jouune
370 4220 494 4277 Baptista
504 4218 630 4264 Sanchez.

186 4283 205 4316 ⁴
231 4288 290 4336 Vide
300 4303 390 4348 rupi-t,
400 4303 461 4347 pag.
470 4292 521 4348 377,
531 4297 618 4336 annot.
630 4291 654 4335 4.
892 4346 895 4354 Ι
1056 4350 1058 4354 ³

183 4351 201 4383 ⁸
228 4359 330 4410 Nomine
339 4364 405 4409 baec
415 4375 465 4408 101
476 4364 578 4418 aperuit
591 4362 728 4415 Gonzalez,
740 4363 835 4406 litteris
845 4363 977 4417 hispanice
988 4363 1101 4417 scriptis,
1112 4375 1200 4417 snpra,
1213 4374 1272 4417 par.
1286 4363 1337 4405 373.
