3240 5386
743 113 806 170 Aa.
829 113 897 171 lans
1383 112 1437 170 459

168 268 209 319 et
233 259 431 320 rationem
447 269 481 320 et
497 257 647 320 formam
663 269 758 321 reete
773 259 917 321 uiuendi
933 259 1046 337 docet,
1064 269 1097 320 ct
1112 260 1209 336 leges
1225 269 1258 320 et
1273 258 1435 321 instituta

175 365 353 443 stabilit,
378 365 461 427 dum
477 365 663 427 uniuersos
683 383 704 426 a
721 365 815 427 vitiis
830 376 864 427 et
879 366 1060 427 erroribus
1075 363 1319 429 concionando
1336 382 1435 428 reuo-

10 516 16 520 .
52 500 65 528 .;
175 482 269 548 cat,
288 482 327 534 et
342 470 389 533 ad
403 472 500 534 vitae
515 471 731 534 christianae
746 470 855 534 decus
877 472 1094 547 cohortatur,
1117 481 1348 534 sacrosancta
1369 471 1435 534 Eu·

10 586 33 595 ·
179 575 400 640 charistiae
415 578 586 655 sacraria,
604 580 736 641 cultum
752 589 786 640 et
802 596 906 640 usum
921 589 1021 641 curat
1044 589 1078 640 et
1101 579 1262 658 imperat;
1280 578 1362 640 dum
1378 578 1433 639 de·

13 690 72 737 Q
184 681 312 761 nique
332 687 463 764 templa
485 684 612 761 diruta,
635 685 764 747 vitiosa
786 694 820 746 et
840 685 1021 747 immunda
1048 685 1291 761 instauranda,
1319 683 1435 746 aedifi·

10 788 13 793 '
186 789 322 853 canda
337 800 372 854 et
386 790 595 854 illustranda
610 800 712 853 curat
724 803 758 852 et
773 791 878 854 iubet.

258 893 336 959 Vbi
357 897 461 960 rediit
486 915 505 959 e
534 896 706 960 dioecesis
735 899 961 974 lustratione,
989 897 1179 959 comitatus
1214 908 1267 960 est
1293 910 1327 960 et
1356 897 1435 977 Epi·

10 983 84 1093 'ij
188 1009 365 1081 scopum,
389 1005 447 1083 qui
468 1015 502 1066 et
522 1005 597 1084 ipse
616 1021 730 1083 pagos
750 1013 783 1067 et
803 1006 960 1080 castella,
986 1005 1064 1066 vrbi
1083 1005 1245 1083 proxima
1261 1015 1295 1067 et
1311 1005 1346 1066 in
1362 1005 1434 1083 pla-

10 1092 36 1183 ]
69 1102 84 1143 ἲ
188 1101 286 1168 nitie
316 1111 523 1183 constituta,
547 1111 736 1173 circumire
757 1121 792 1173 et
814 1113 1001 1190 explorare
1025 1112 1147 1173 uoluit:
1172 1111 1208 1174 in
1233 1111 1301 1174 hac
1327 1111 1435 1173 etiam

10 1192 80 1283 T*
185 1216 327 1292 gregis
341 1216 486 1280 Domini
500 1234 651 1280 censura
665 1234 743 1280 sese
758 1217 808 1279 illi
823 1218 988 1281 comitem
1004 1216 1097 1280 haud
1121 1217 1301 1297 ingratum
1321 1227 1355 1280 et
1377 1217 1436 1279 ad·

184 1307 358 1387 l'lltorem
380 1341 452 1387 non
472 1324 637 1403 ignarum
658 1326 845 1404 praestitit,
870 1327 905 1388 in
927 1325 1033 1388 rebus
1055 1325 1184 1387 diuinis
1207 1325 1373 1404 agendis,
1402 1333 1436 1386 et

18 1412 25 1421 ⁵
179 1420 322 1509 rebuS,
341 1447 432 1510 quae
447 1441 649 1511 spectarent
664 1442 698 1494 et
713 1434 873 1495 valerent
890 1432 935 1496 ad
952 1433 1153 1495 animarum
1168 1442 1364 1513 quaestum,
1378 1448 1437 1510 ge-

174 1533 337 1600 renuis.
355 1537 504 1616 Etenim,
521 1538 613 1600 inter
628 1539 697 1601 alia
712 1537 838 1615 officia,
855 1539 1008 1602 habebat
1024 1539 1213 1602 conciones
1224 1539 1259 1600 in
1276 1537 1435 1600 Pastoris

169 1640 399 1723 conspectu
413 1644 460 1706 ad
473 1646 658 1725 populum,
675 1645 823 1708 hortans
838 1647 1026 1708 vniuersos
1043 1646 1088 1709 ad
1103 1647 1341 1724 poenitentiae
1357 1662 1434 1723 por·

166 1736 285 1823 tum,
308 1751 344 1813 id
359 1760 424 1829 est,
448 1751 494 1813 ad
515 1762 820 1815 sacramentorum
844 1751 1063 1831 frequentem
1083 1752 1358 1833 perceptionem,
1375 1752 1435 1814 ad·

165 1851 359 1920 InOnens
380 1857 460 1920 illos
479 1857 522 1920 de
543 1857 702 1922 Pastoris
723 1857 933 1935 obedientia,
954 1859 997 1921 de
1018 1857 1095 1936 fide,
1121 1858 1163 1921 de
1187 1876 1249 1938 spe
1271 1867 1305 1921 et
1320 1874 1432 1937 regno

159 1938 276 2020 Dei.
303 1963 382 2026 Hae
404 1965 594 2028 conciones
617 1974 690 2028 tarn
712 1965 837 2029 doctae
853 1974 887 2027 et
901 1976 1026 2043 gratae
1041 1964 1183 2028 fuerunt
1199 1964 1429 2043 auditoribus,

153 2057 202 2112 ut
228 2076 331 2134 non
346 2071 450 2134 modo
463 2072 678 2148 sustinuerit,
695 2071 757 2135 sed
772 2083 806 2134 et
822 2073 1043 2151 superauerit
1059 2089 1169 2151 spem,
1188 2089 1294 2151 quam
1309 2072 1352 2134 de
1375 2072 1433 2134 illo

148 2146 408 2256 Episcopus
422 2189 457 2241 et
471 2178 654 2241 domestici
676 2189 924 2259 conceperant,
942 2188 976 2240 et
991 2178 1207 2258 efflagitatus
1222 2178 1326 2241 fuerit
1342 2189 1379 2240 ut
1395 2179 1431 2241 in

144 2268 418 2347 quibusdam
433 2286 589 2349 castellis
603 2287 771 2365 populum
782 2285 938 2348 erudiret
953 2285 989 2348 in
1002 2286 1080 2364 lege
1096 2285 1250 2348 Domini.

233 2376 465 2471 Episcopus
479 2408 586 2471 porro
602 2407 733 2470 magna
749 2390 891 2455 Patrem
907 2404 1066 2455 nostrum
1082 2392 1327 2454 benevolentia
1343 2408 1436 2454 com-

132 2466 374 2561 pleetitur
396 2509 431 2561 et
451 2497 556 2561 valde
578 2499 688 2562 utitur
716 2498 952 2578 familiariter,
975 2510 1050 2562 tum
1071 2510 1217 2579 propter
1242 2499 1433 2577 ingenium,

124 2575 323 2667 stu<lia
338 2621 526 2683 moresque
541 2606 644 2682 illius,
661 2615 737 2667 tum
753 2605 797 2667 ob
814 2605 1012 2668 doctrinam
1031 2617 1064 2668 et
1086 2604 1313 2668 foelicitatem
1328 2605 1363 2666 in
1380 2621 1433 2667 re—

151 2690 240 2753 us
270 2711 466 2790 gerendis
483 2711 623 2774 Etenim
642 2711 692 2774 illi
711 2711 884 2790 imprimis
903 2729 1021 2774 rerum
1037 2711 1228 2774 arduarum
1244 2723 1277 2773 et
1299 2711 1434 2773 diuina·
1540 2753 1541 2756 ,

113 2786 268 2869 rum
310 2817 553 2897 gubernacula
575 2816 688 2880 credit
708 2818 934 2899 mandatque,
952 2817 1118 2896 illumque
1139 2818 1175 2880 in
1190 2816 1377 2880 consilium
1392 2817 1435 2880 de

106 2890 313 2987 rebus
327 2924 476 2988 secretis
494 2923 648 2987 adhibet.

94 3079 136 3146 L
224 3010 364 3095 Idem
389 3029 496 3093 Pater
517 3033 750 3094 concionatus
775 3042 828 3094 est
851 3031 946 3094 feriis
972 3031 1242 3093 solemnioribus
1265 3031 1300 3094 in
1326 3029 1439 3093 Diuae

91 3108 338 3249 fruQiae
364 3136 469 3212 aede,
496 3154 586 3218 quas
608 3138 797 3201 conciones
823 3154 974 3218 magnus
989 3155 1128 3218 quoque
1151 3148 1362 3201 consecutus
1387 3147 1440 3199 est

150 3216 356 3308 thus.
369 3243 409 3307 In
423 3244 699 3324 quadragesima
714 3245 864 3307 instituit
880 3246 1087 3308 concionem
1110 3245 1146 3306 in
1161 3256 1439 3307 commemorato

79 3298 140 3456 ge
150 3324 350 3440 ‘Plato
366 3360 402 3414 et
417 3349 572 3430 quotidie
587 3352 767 3430 virginum
784 3350 917 3414 Christi
932 3353 1001 3414 tria
1016 3360 1077 3414 aut
1100 3361 1252 3432 quatuor
1267 3351 1438 3414 coenobia

184 3442 316 3537 11'e,
328 3458 478 3538 illasque
490 3457 651 3538 (imperio
661 3458 840 3539 Episcopi)
854 3458 1038 3535 instruere,
1055 3458 1099 3520 ad
1113 3458 1342 3535 obedientiae,
1355 3475 1436 3537 pau·

67 3513 356 3691 gi‘tatis
371 3573 406 3627 et
420 3563 629 3627 humilitatis
647 3565 800 3644 gloriam
815 3565 965 3640 erudire,
989 3565 1085 3627 viam
1112 3564 1262 3645 denique
1284 3581 1389 3626 uerae
1405 3575 1439 3626 et

60 3722 163 3791 eq
184 3663 370 3757 Jgrae
393 3670 587 3749 religioniS,
612 3686 632 3732 a
657 3688 726 3751 qua
741 3672 932 3751 plurimum
948 3672 1125 3750 aberrant,
1142 3672 1281 3734 docere.
1299 3671 1436 3734 Verum

54 3808 146 3873 fi„
170 3757 393 3840 ιῐὶινετο
409 3776 535 3856 inipso
551 3786 682 3840 conatu
697 3776 885 3857 frangitur,
903 3778 1061 3840 incidens
1078 3779 1113 3841 in
1134 3778 1374 3841 valetudinem
1389 3776 1437 3838 in-

48 3913 123 3986 su
158 3856 359 3961 *llam
373 3892 409 3946 et
431 3884 499 3946 hac
520 3884 659 3947 ratione
679 3901 701 3945 a
724 3884 935 3947 concionum
958 3901 1114 3962 munere,
1131 3894 1438 3947 sacramentorum

41 4017 105 4081 fe
123 3957 402 4109 ssthione,
413 3999 448 4053 et
462 3990 614 4054 caeteris
627 3990 695 4071 piis
710 4001 744 4055 et
761 3991 940 4072 frugiferis
955 3990 1077 4054 officiis
1092 3993 1257 4070 cessauit,
1272 4008 1335 4070 per
1351 3989 1440 4053 duos

40 4139 141 4197 cc)
198 4090 267 4144 Q
309 4113 451 4160 menses
471 4098 631 4177 grauiter
651 4098 829 4162 laborans.
860 4097 998 4177 Quanta
1022 4100 1058 4162 in
1078 4098 1257 4162 coenobiis
1271 4099 1434 4178 gesserit,

31 4227 85 4290 C
99 4177 244 4335 hh
254 4203 423 4268 ciorum
437 4212 471 4267 et
486 4204 774 4268 exhortationum
789 4205 931 4284 auxilio,
950 4206 1151 4268 testimonio
1163 4213 1245 4268 sunt
1260 4205 1440 4284 virginum

201 4300 343 4372 ¹'isti
357 4319 519 4391 pastores
539 4329 582 4376 ac
603 4286 857 4391 moderatores,
878 4312 949 4391 qui,
973 4311 1072 4375 Patri
1091 4314 1313 4391 gratulantes
1328 4312 1370 4374 de
1392 4313 1441 4373 la·
