3210 5392
252 417 303 474 142
638 415 1091 482 Lurnaaeouanuiunsms

249 580 316 624 nus
332 560 523 634 Candidus,
541 580 561 622 a
578 578 647 640 quo
662 560 718 623 hic
735 561 870 640 appulit
893 559 913 638 ¹,
930 560 1085 640 quotidie
1105 559 1178 623 fere
1194 560 1335 623 roboris
1350 562 1488 623 valetu-

250 669 323 731 dini
338 668 489 730 accessit
505 679 744 747 augmentum,
761 667 994 730 concionatus
1010 676 1062 729 est
1078 667 1132 730 bis
1147 678 1245 730 terue
1259 665 1487 747 Antuerpiae

251 787 285 838 et
300 775 423 839 Leodii
438 792 508 836 non
524 776 600 836 sine
616 774 743 836 fructu.

310 883 348 945 ln
365 882 464 945 initio
479 881 634 969 Augusti
649 892 721 944 tres
735 882 843 961 probe
858 880 1021 944 doctrina
1043 882 1235 945 instructos
1250 881 1397 945 iuuenes
1411 880 1424 910 ³
1439 879 1486 942 ad

252 990 296 1052 V.
314 989 351 1052 P.
367 989 537 1064 misimuS,
554 989 613 1068 qui
639 989 743 1051 simul
764 990 854 1052 colla
870 1006 936 1051 sua
956 988 1133 1051 dominico
1153 988 1236 1068 iugo
1252 989 1288 1052 in
1304 986 1489 1052 Societate

251 1105 372 1159 nostra
403 1095 608 1158 submittere
636 1094 848 1158 desiderant.
879 1095 999 1158 Alium
1028 1096 1217 1174 quemdam
1245 1095 1487 1171 sacerdotem,

251 1203 297 1266 lt.
315 1203 503 1267 Iordanum
519 1202 553 1263 in
570 1199 794 1264 Hollandiam
810 1202 1076 1276 destinauimus,
1091 1202 1150 1265 vbi
1166 1218 1296 1281 magna
1312 1202 1486 1265 instantia

252 1310 434 1372 cuiusdam
450 1308 586 1386 decani,
604 1317 748 1371 nostrae
764 1307 933 1372 Societati
954 1310 1142 1388 plurimum
1168 1309 1298 1387 deuoti,
1315 1309 1486 1372 ecclesia·

252 1427 330 1480 sten
346 1418 434 1496 agit,
453 1433 566 1497 aquo,
588 1399 868 1479 confessionibus
883 1416 1068 1479 audiendis
1083 1417 1231 1495 aliisque
1243 1429 1488 1479 sacramento-

252 1541 330 1587 rum
345 1523 709 1587 administrationibus
725 1534 758 1586 et
774 1522 956 1600 doctriniS,
974 1521 1144 1586 Societati
1163 1522 1322 1586 exerceri
1338 1539 1487 1586 consue·

252 1631 307 1708 tis,
325 1631 517 1710 primordia
534 1628 720 1693 Societatis
732 1629 926 1692 radicanda
942 1647 1128 1708 speramus
1143 1628 1166 1693 ³.

312 1737 350 1800 In
367 1739 433 1801 hac
449 1750 567 1800 autem
589 1737 732 1799 ciuitate
748 1737 859 1800 maior
876 1754 1015 1817 semper
1030 1736 1067 1799 fit
1086 1737 1283 1817 frequentia
1299 1747 1374 1801 tum
1389 1738 1486 1800 viro·

251 1863 330 1908 rum
345 1855 419 1907 tum
435 1845 633 1921 mulierum,
650 1860 738 1923 quos
753 1843 927 1907 Dominus
940 1845 1079 1923 gratiae
1102 1860 1188 1907 suae
1209 1845 1353 1908 dulcore
1375 1845 1489 1908 domi·

253 1953 342 2015 nicis
357 1952 551 2032 quibusque
567 1950 772 2030 festiuisque
788 1951 911 2014 diebus
926 1967 1057 2029 magno
1072 1968 1153 2014 cum
1173 1950 1315 2015 feruore
1334 1961 1370 2015 et
1385 1952 1488 2032 spiri·

252 2067 309 2120 tus
324 2057 493 2120 auiditate
514 2058 557 2120 ad
583 2057 846 2120 sanctissimam
867 2058 922 2120 sui
948 2058 1109 2137 corporis
1130 2070 1164 2120 et
1184 2057 1369 2138 sanguinis
1391 2076 1487 2121 com·

252 2166 453 2228 munionem
468 2166 619 2228 inuitare
634 2167 812 2244 dignatur,
838 2183 929 2245 quae
945 2174 1045 2228 tanta
1064 2173 1117 2227 est
1140 2166 1175 2227 in
1197 2165 1360 2228 omnibus
1375 2167 1490 2228 eccle·

252 2273 324 2350 siis,
342 2280 379 2334 vt
396 2272 553 2351 plerique
568 2273 728 2334 extranei
744 2282 777 2334 et
793 2272 1146 2352 peregrinihocxiso
1158 2272 1373 2350 spectaculo,
1389 2289 1488 2351 pror·

254 2397 313 2442 sus
329 2380 364 2441 in
385 2390 565 2459 stuporem
585 2378 773 2458 quemdam
793 2379 1039 2442 admirationis
1061 2379 1257 2458 rapiantur,
1282 2378 1492 2441 dubitantes

256 2485 473 2562 Louanione,
490 2485 569 2548 aliis
584 2486 687 2548 huius
703 2486 839 2564 patriae
854 2497 1061 2565 comparato
1085 2486 1299 2561 ciuitatibus
1323 2486 1492 2548 coenobii

255 2594 371 2673 potius
387 2608 492 2672 quam
506 2592 604 2654 vrbis
619 2592 798 2671 epitheton
815 2592 1049 2655 tribuendum.
1069 2592 1120 2655 Ne
1136 2610 1227 2655 vnus
1242 2591 1383 2673 quidem
1408 2593 1487 2655 dies

254 2700 391 2777 transit,
409 2716 479 2779 quo
494 2716 565 2761 non
582 2698 766 2761 audiendis
781 2716 996 2779 occupamur
1012 2699 1305 2773 confessionibus,
1324 2716 1394 2762 non
1412 2716 1489 2762 mu·

255 2807 482 2870 liercularum
497 2815 532 2867 et
548 2821 736 2885 puerorum
753 2806 949 2879 dumtaxat,
967 2823 1116 2885 quorum
1131 2822 1283 2886 magnus
1298 2817 1352 2869 est
1367 2823 1491 2868 nume·

256 2931 327 2993 rus,
349 2914 465 2976 sedet
488 2913 724 2989 sacerdotum,
744 2930 808 2974 nec
830 2911 969 2975 infimae
989 2913 1203 2976 conditionis
1229 2912 1399 2976 virorum.
1428 2912 1491 2976 Vi·

255 3020 356 3099 ginti,
373 3021 423 3097 25,
441 3030 503 3082 aut
528 3037 570 3082 eo
592 3019 753 3099 amplius,
771 3019 805 3081 in
829 3019 980 3098 simplici
1000 3037 1171 3100 persaepe
1186 3019 1379 3083 festiuitate
1394 3019 1493 3099 apud

256 3135 392 3206 patrem
416 3137 578 3189 nostrum
602 3124 614 3155 ⁴
639 3125 863 3207 frequentare
888 3127 954 3188 hoc
984 3138 1248 3190 sacramentum
1272 3127 1395 3190 videre
1423 3135 1491 3189 est.

256 3232 464 3312 Complures
480 3250 564 3296 vero
577 3251 620 3295 eo
636 3232 833 3295 deuotionis
848 3233 1104 3313 charitatisque
1118 3234 1152 3296 in
1167 3232 1347 3297 Dominici
1362 3250 1487 3313 corpo·

255 3341 304 3402 ris
314 3340 594 3402 communionem
604 3339 793 3402 ardescunt
805 3340 956 3416 feruore,
970 3340 1177 3419 quodetiam
1189 3341 1339 3419 singulis
1352 3340 1491 3419 diebus,

257 3447 322 3509 nisi
335 3446 600 3509 subtraheretur
616 3447 815 3509 huiusmodi
831 3444 1040 3526 frequentia,
1056 3445 1133 3509 Deo
1148 3447 1241 3509 vniri
1257 3458 1440 3526 cuperent.

317 3553 510 3632 Quaedam,
538 3572 557 3615 a
584 3553 783 3633 quindecim
806 3564 866 3615 aut
889 3554 1069 3616 sexdecim
1086 3555 1188 3617 annis
1214 3570 1286 3616 nou
1312 3554 1493 3628 confessa,

255 3661 457 3740 frequenter
468 3661 707 3723 conscientiae
722 3677 880 3723 remorsu
893 3671 998 3740 atque
1010 3660 1129 3723 diuina
1145 3668 1241 3724 tacta
1258 3660 1491 3740 benignitate,

255 3767 414 3830 confiteri
434 3769 629 3847 proposuit;
656 3768 718 3830 sed
744 3776 972 3847 peccatorum
992 3768 1127 3830 foetore
1150 3768 1333 3847 deterrita,
1347 3768 1493 3831 diaboli·

255 3876 377 3956 cisque
399 3875 587 3954 illaqueata
614 3875 917 3955 persuasionibus,
946 3893 1128 3957 quousque
1154 3893 1173 3938 a
1200 3874 1355 3940 Domino
1385 3878 1493 3956 graui

255 3990 351 4045 tacta
367 3981 579 4057 infirmitate,
600 3983 729 4045 bonum
746 4000 886 4062 semper
901 3981 1070 4045 infectum
1094 3984 1235 4062 reliquit
1256 3983 1495 4063 propositum;

296 4225 304 4255 ¹
335 4226 368 4267 l.·
378 4223 444 4275 Junli
457 4225 531 4277 hujus
543 4223 602 4266 anni
617 4224 675 4265 lust.
686 4223 752 4266 Vide
766 4223 876 4267 Potaxcr
891 4224 1045 4275 chronicon,
1056 4232 1075 4267 t.
1086 4235 1121 4273 tv,
1131 4234 1190 4278 pag.
1201 4194 1250 4271 29ss
1261 4235 1286 4266 n.
1296 4223 1346 4266 uls.

294 4298 305 4327 ἱ
332 4295 430 4338 Horum
441 4296 543 4339 nomina
554 4307 599 4338 nec
613 4295 744 4338 Pouaxcus
756 4296 858 4349 quidem
868 4297 963 4350 aperit,
974 4296 1033 4339 dum
1051 4296 1098 4339 has
1114 4295 1218 4339 litteras
1233 4296 1387 4339 adverbum
1402 4295 1457 4338 fere
1469 4296 1497 4339 in

256 4379 331 4411 suum
343 4367 486 4411 Chronicon
499 4367 662 4411 transcribit.

295 4439 307 4468 ³
334 4438 423 4481 Verba
438 4440 502 4482 haec
511 4438 665 4492 primordia
678 4437 820 4480 Societatis
833 4438 983 4481 radicanda
999 4444 1144 4492 speramns
1161 4438 1198 4482 lta
1218 4437 1330 4481 mutavit
1349 4436 1496 4480 Ponaucus:

257 4511 400 4554 Societan's
414 4514 523 4554 nostrae
537 4511 700 4564 tyrocinium
714 4510 838 4563 ponebat.
849 4509 878 4552 T.
889 4520 924 4559 tv,
936 4522 996 4564 pag.
1006 4510 1052 4557 2¹92.
1063 4522 1086 4553 n.
1097 4509 1273 4553 dih-Vernm
1284 4509 1334 4564 his,
1345 4509 1371 4552 nl
1383 4510 1496 4553 multum

255 4572 378 4633 fallimur,
389 4594 439 4626 non
451 4584 533 4626 verba
544 4590 653 4635 tantum,
666 4589 709 4625 seo
719 4593 822 4624 sensum
833 4583 912 4625 etlam
923 4589 1038 4626 mutasse
1051 4580 1163 4626 videtur.

296 4656 307 4687 ⁴
335 4654 479 4697 Adrianum
492 4655 690 4708 Adriatnssens,
702 4653 861 4697 Loraniensi
873 4655 957 4698 domui
971 4656 1156 4709 praepositum.
