<?xml version="1.0" encoding="UTF-8"?>
<!DOCTYPE html PUBLIC "-//W3C//DTD XHTML 1.0 Transitional//EN"
    "http://www.w3.org/TR/xhtml1/DTD/xhtml1-transitional.dtd">
<html xmlns="http://www.w3.org/1999/xhtml" xml:lang="en" lang="en">
 <head>
  <title>
</title>
<meta http-equiv="Content-Type" content="text/html;charset=utf-8" />
  <meta name='ocr-system' content='tesseract 3.04.00' />
  <meta name='ocr-capabilities' content='ocr_page ocr_carea ocr_par ocr_line ocrx_word'/>
</head>
<body>
  <div class='ocr_page' id='page_1' title='image "./litteraequadrim02jesugoog_0132.png"; bbox 0 0 3210 5392; ppageno 0'>
   <div class='ocr_carea' id='block_1_1' title="bbox 221 1450 851 1723">
    <p class='ocr_par' dir='ltr' id='par_1_1' title="bbox 221 1450 851 1723">
     <span class='ocr_line' id='line_1_1' title="bbox 221 1450 581 1515; baseline 0.022 -9"><span class='ocrx_word' id='word_1_1' title='bbox 221 1450 248 1506; x_wconf 79' lang='grc' dir='ltr'><strong>Ρ.</strong></span> <span class='ocrx_word' id='word_1_2' title='bbox 259 1451 369 1515; x_wconf 85' lang='lat' dir='ltr'><strong>Petrus</strong></span> <span class='ocrx_word' id='word_1_3' title='bbox 383 1454 581 1514; x_wconf 89' lang='lat' dir='ltr'><strong>Domenech</strong></span> 
     </span>
     <span class='ocr_line' id='line_1_2' title="bbox 247 1549 676 1628; baseline 0 -20"><span class='ocrx_word' id='word_1_4' title='bbox 247 1549 323 1613; x_wconf 87' lang='lat' dir='ltr'><strong>Patri</strong></span> <span class='ocrx_word' id='word_1_5' title='bbox 335 1552 467 1627; x_wconf 77' lang='lat' dir='ltr'><strong>lguatlo</strong></span> <span class='ocrx_word' id='word_1_6' title='bbox 480 1552 523 1612; x_wconf 91' lang='lat' dir='ltr'><strong>de</strong></span> <span class='ocrx_word' id='word_1_7' title='bbox 534 1552 676 1628; x_wconf 88' lang='lat' dir='ltr'><strong>Loyola.</strong></span> 
     </span>
     <span class='ocr_line' id='line_1_3' title="bbox 272 1649 851 1723; baseline -0.002 -15"><span class='ocrx_word' id='word_1_8' title='bbox 272 1649 478 1722; x_wconf 81' lang='lat' dir='ltr'><strong>vallisoleto,</strong></span> <span class='ocrx_word' id='word_1_9' title='bbox 495 1653 507 1709; x_wconf 95' lang='lat' dir='ltr'><strong>l</strong></span> <span class='ocrx_word' id='word_1_10' title='bbox 523 1649 732 1723; x_wconf 87' lang='lat' dir='ltr'><strong>Septembris</strong></span> <span class='ocrx_word' id='word_1_11' title='bbox 747 1649 817 1710; x_wconf 77' lang='lat'>1554</span> <span class='ocrx_word' id='word_1_12' title='bbox 831 1651 851 1707; x_wconf 88' lang='lat'><strong>¹.</strong></span> 
     </span>
    </p>
   </div>
   <div class='ocr_carea' id='block_1_2' title="bbox 723 1885 798 2005">
    <p class='ocr_par' dir='ltr' id='par_1_2' title="bbox 723 1885 798 2005">
     <span class='ocr_line' id='line_1_4' title="bbox 723 1885 798 2005; baseline 0.027 -2"><span class='ocrx_word' id='word_1_13' title='bbox 723 1885 798 2005; x_wconf 77' lang='lat' dir='ltr'><strong>nis</strong></span> 
     </span>
    </p>
   </div>
   <div class='ocr_carea' id='block_1_3' title="bbox 119 2166 1370 4395">
    <p class='ocr_par' dir='ltr' id='par_1_3' title="bbox 119 2166 827 2242">
     <span class='ocr_line' id='line_1_5' title="bbox 119 2166 827 2242; baseline 0.007 -5"><span class='ocrx_word' id='word_1_14' title='bbox 119 2166 124 2173; x_wconf 83' lang='grc'>’</span> <span class='ocrx_word' id='word_1_15' title='bbox 216 2172 402 2242; x_wconf 86' lang='lat' dir='ltr'>Admodum</span> <span class='ocrx_word' id='word_1_16' title='bbox 415 2176 493 2241; x_wconf 68' lang='lat' dir='ltr'><strong>Rae</strong></span> <span class='ocrx_word' id='word_1_17' title='bbox 503 2178 540 2242; x_wconf 92' lang='lat' dir='ltr'><strong>in</strong></span> <span class='ocrx_word' id='word_1_18' title='bbox 554 2177 696 2242; x_wconf 86' lang='lat' dir='ltr'><strong>Christo</strong></span> <span class='ocrx_word' id='word_1_19' title='bbox 710 2176 827 2242; x_wconf 87' lang='lat' dir='ltr'><strong>Pater.</strong></span> 
     </span>
    </p>

    <p class='ocr_par' dir='ltr' id='par_1_4' title="bbox 170 2280 1370 2455">
     <span class='ocr_line' id='line_1_6' title="bbox 215 2280 1370 2368; baseline 0.002 -23"><span class='ocrx_word' id='word_1_20' title='bbox 215 2280 323 2348; x_wconf 86' lang='lat' dir='ltr'>Gratia</span> <span class='ocrx_word' id='word_1_21' title='bbox 338 2296 374 2348; x_wconf 93' lang='lat' dir='ltr'><strong>et</strong></span> <span class='ocrx_word' id='word_1_22' title='bbox 394 2302 467 2366; x_wconf 89' lang='lat' dir='ltr'><strong>pax</strong></span> <span class='ocrx_word' id='word_1_23' title='bbox 486 2284 630 2350; x_wconf 91' lang='lat' dir='ltr'><strong>Domini</strong></span> <span class='ocrx_word' id='word_1_24' title='bbox 648 2285 762 2350; x_wconf 84' lang='lat' dir='ltr'><strong>nostri</strong></span> <span class='ocrx_word' id='word_1_25' title='bbox 781 2284 867 2368; x_wconf 89' lang='lat' dir='ltr'><strong>Jesu</strong></span> <span class='ocrx_word' id='word_1_26' title='bbox 886 2284 1018 2349; x_wconf 88' lang='lat' dir='ltr'><strong>Christi</strong></span> <span class='ocrx_word' id='word_1_27' title='bbox 1038 2285 1084 2348; x_wconf 89' lang='lat' dir='ltr'><strong>sit</strong></span> <span class='ocrx_word' id='word_1_28' title='bbox 1100 2300 1239 2364; x_wconf 87' lang='lat' dir='ltr'><strong>semper</strong></span> <span class='ocrx_word' id='word_1_29' title='bbox 1253 2285 1370 2348; x_wconf 90' lang='lat' dir='ltr'><strong>nobis-</strong></span> 
     </span>
     <span class='ocr_line' id='line_1_7' title="bbox 170 2391 375 2455; baseline -0.005 -3"><span class='ocrx_word' id='word_1_30' title='bbox 170 2398 238 2452; x_wconf 72' lang='lat' dir='ltr'><strong>cum.</strong></span> <span class='ocrx_word' id='word_1_31' title='bbox 251 2391 375 2455; x_wconf 87' lang='lat' dir='ltr'><strong>Amen.</strong></span> 
     </span>
    </p>

    <p class='ocr_par' dir='ltr' id='par_1_5' title="bbox 147 2493 1369 3114">
     <span class='ocr_line' id='line_1_8' title="bbox 211 2493 1368 2580; baseline 0 -21"><span class='ocrx_word' id='word_1_32' title='bbox 211 2493 248 2560; x_wconf 87' lang='lat' dir='ltr'><strong>Vt</strong></span> <span class='ocrx_word' id='word_1_33' title='bbox 273 2497 494 2562; x_wconf 79' lang='lat' dir='ltr'><strong>satisfaciam</strong></span> <span class='ocrx_word' id='word_1_34' title='bbox 527 2507 719 2580; x_wconf 89' lang='lat' dir='ltr'><strong>praecepto</strong></span> <span class='ocrx_word' id='word_1_35' title='bbox 744 2508 827 2563; x_wconf 88' lang='lat' dir='ltr'><strong>tuae</strong></span> <span class='ocrx_word' id='word_1_36' title='bbox 861 2497 1092 2562; x_wconf 88' lang='lat' dir='ltr'><strong>Reuerendae</strong></span> <span class='ocrx_word' id='word_1_37' title='bbox 1124 2497 1368 2573; x_wconf 87' lang='lat' dir='ltr'><strong>Paternitatis,</strong></span> 
     </span>
     <span class='ocr_line' id='line_1_9' title="bbox 164 2602 1368 2686; baseline 0.007 -27"><span class='ocrx_word' id='word_1_38' title='bbox 164 2602 291 2668; x_wconf 89' lang='lat' dir='ltr'><strong>scribam</strong></span> <span class='ocrx_word' id='word_1_39' title='bbox 306 2604 428 2686; x_wconf 88' lang='lat' dir='ltr'><strong>aliqua</strong></span> <span class='ocrx_word' id='word_1_40' title='bbox 449 2623 494 2669; x_wconf 87' lang='lat' dir='ltr'><strong>ex</strong></span> <span class='ocrx_word' id='word_1_41' title='bbox 508 2605 575 2684; x_wconf 88' lang='lat' dir='ltr'><strong>his,</strong></span> <span class='ocrx_word' id='word_1_42' title='bbox 592 2622 682 2686; x_wconf 89' lang='lat' dir='ltr'><strong>quae</strong></span> <span class='ocrx_word' id='word_1_43' title='bbox 698 2622 762 2685; x_wconf 89' lang='lat' dir='ltr'><strong>per</strong></span> <span class='ocrx_word' id='word_1_44' title='bbox 774 2622 839 2668; x_wconf 91' lang='lat' dir='ltr'><strong>uos</strong></span> <span class='ocrx_word' id='word_1_45' title='bbox 856 2605 949 2681; x_wconf 90' lang='lat' dir='ltr'><strong>(licet</strong></span> <span class='ocrx_word' id='word_1_46' title='bbox 964 2605 1103 2669; x_wconf 91' lang='lat' dir='ltr'><strong>inutilia</strong></span> <span class='ocrx_word' id='word_1_47' title='bbox 1120 2605 1368 2680; x_wconf 89' lang='lat' dir='ltr'><strong>instrumenta)</strong></span> 
     </span>
     <span class='ocr_line' id='line_1_10' title="bbox 161 2703 1368 2793; baseline 0.003 -23"><span class='ocrx_word' id='word_1_48' title='bbox 161 2703 306 2776; x_wconf 88' lang='lat' dir='ltr'><strong>Dominus</strong></span> <span class='ocrx_word' id='word_1_49' title='bbox 320 2721 443 2776; x_wconf 87' lang='lat' dir='ltr'><strong>noster</strong></span> <span class='ocrx_word' id='word_1_50' title='bbox 458 2712 527 2776; x_wconf 91' lang='lat' dir='ltr'><strong>hoc</strong></span> <span class='ocrx_word' id='word_1_51' title='bbox 540 2711 792 2793; x_wconf 87' lang='lat' dir='ltr'><strong>quadrimestri</strong></span> <span class='ocrx_word' id='word_1_52' title='bbox 813 2713 1007 2793; x_wconf 90' lang='lat' dir='ltr'><strong>praeterito</strong></span> <span class='ocrx_word' id='word_1_53' title='bbox 1028 2712 1065 2775; x_wconf 89' lang='lat' dir='ltr'><strong>in</strong></span> <span class='ocrx_word' id='word_1_54' title='bbox 1078 2713 1186 2775; x_wconf 89' lang='lat' dir='ltr'><strong>vinea</strong></span> <span class='ocrx_word' id='word_1_55' title='bbox 1205 2728 1271 2775; x_wconf 88' lang='lat' dir='ltr'><strong>sua</strong></span> <span class='ocrx_word' id='word_1_56' title='bbox 1287 2729 1368 2791; x_wconf 92' lang='lat' dir='ltr'><strong>ope·</strong></span> 
     </span>
     <span class='ocr_line' id='line_1_11' title="bbox 157 2817 1368 2899; baseline 0.005 -22"><span class='ocrx_word' id='word_1_57' title='bbox 157 2817 214 2880; x_wconf 89' lang='lat' dir='ltr'><strong>rari</strong></span> <span class='ocrx_word' id='word_1_58' title='bbox 227 2819 390 2898; x_wconf 80' lang='lat' dir='ltr'><strong>dignatus</strong></span> <span class='ocrx_word' id='word_1_59' title='bbox 406 2830 470 2883; x_wconf 87' lang='lat' dir='ltr'><strong>est.</strong></span> <span class='ocrx_word' id='word_1_60' title='bbox 487 2819 531 2883; x_wconf 88' lang='lat' dir='ltr'><strong>Et</strong></span> <span class='ocrx_word' id='word_1_61' title='bbox 545 2829 584 2885; x_wconf 93' lang='lat' dir='ltr'><strong>ut</strong></span> <span class='ocrx_word' id='word_1_62' title='bbox 605 2818 773 2883; x_wconf 87' lang='lat' dir='ltr'><strong>exordiar</strong></span> <span class='ocrx_word' id='word_1_63' title='bbox 795 2818 922 2898; x_wconf 87' lang='lat' dir='ltr'><strong>abhis,</strong></span> <span class='ocrx_word' id='word_1_64' title='bbox 938 2819 1050 2899; x_wconf 89' lang='lat' dir='ltr'><strong>quiin</strong></span> <span class='ocrx_word' id='word_1_65' title='bbox 1072 2819 1140 2883; x_wconf 90' lang='lat' dir='ltr'><strong>hac</strong></span> <span class='ocrx_word' id='word_1_66' title='bbox 1155 2819 1260 2883; x_wconf 90' lang='lat' dir='ltr'><strong>domo</strong></span> <span class='ocrx_word' id='word_1_67' title='bbox 1276 2835 1368 2883; x_wconf 92' lang='lat' dir='ltr'><strong>com-</strong></span> 
     </span>
     <span class='ocr_line' id='line_1_12' title="bbox 151 2917 1369 3008; baseline 0.002 -22"><span class='ocrx_word' id='word_1_68' title='bbox 151 2936 329 3005; x_wconf 88' lang='lat' dir='ltr'><strong>morantur,</strong></span> <span class='ocrx_word' id='word_1_69' title='bbox 357 2943 480 2990; x_wconf 90' lang='lat' dir='ltr'><strong>omnes</strong></span> <span class='ocrx_word' id='word_1_70' title='bbox 499 2927 641 3008; x_wconf 88' lang='lat' dir='ltr'><strong>quidem</strong></span> <span class='ocrx_word' id='word_1_71' title='bbox 662 2927 751 2990; x_wconf 89' lang='lat' dir='ltr'><strong>bene</strong></span> <span class='ocrx_word' id='word_1_72' title='bbox 771 2917 903 3004; x_wconf 90' lang='lat' dir='ltr'><strong>valent,</strong></span> <span class='ocrx_word' id='word_1_73' title='bbox 925 2926 1044 3006; x_wconf 80' lang='lat' dir='ltr'><strong>gratia</strong></span> <span class='ocrx_word' id='word_1_74' title='bbox 1064 2924 1220 3004; x_wconf 86' lang='lat' dir='ltr'><strong>Domini,</strong></span> <span class='ocrx_word' id='word_1_75' title='bbox 1248 2943 1369 3006; x_wconf 89' lang='lat' dir='ltr'><strong>quam-</strong></span> 
     </span>
     <span class='ocr_line' id='line_1_13' title="bbox 147 3031 1369 3114; baseline 0.001 -21"><span class='ocrx_word' id='word_1_76' title='bbox 147 3047 241 3112; x_wconf 89' lang='lat' dir='ltr'><strong>quam</strong></span> <span class='ocrx_word' id='word_1_77' title='bbox 254 3033 308 3097; x_wconf 89' lang='lat' dir='ltr'><strong>his</strong></span> <span class='ocrx_word' id='word_1_78' title='bbox 324 3032 450 3097; x_wconf 88' lang='lat' dir='ltr'><strong>diebus</strong></span> <span class='ocrx_word' id='word_1_79' title='bbox 465 3033 626 3112; x_wconf 85' lang='lat' dir='ltr'><strong>proxime</strong></span> <span class='ocrx_word' id='word_1_80' title='bbox 646 3033 756 3114; x_wconf 87' lang='lat' dir='ltr'><strong>lapsis</strong></span> <span class='ocrx_word' id='word_1_81' title='bbox 776 3031 887 3096; x_wconf 86' lang='lat' dir='ltr'><strong>ferme</strong></span> <span class='ocrx_word' id='word_1_82' title='bbox 908 3049 1031 3096; x_wconf 91' lang='lat' dir='ltr'><strong>omues</strong></span> <span class='ocrx_word' id='word_1_83' title='bbox 1052 3032 1262 3096; x_wconf 88' lang='lat' dir='ltr'><strong>laborarunt</strong></span> <span class='ocrx_word' id='word_1_84' title='bbox 1277 3049 1369 3095; x_wconf 94' lang='lat' dir='ltr'><strong>mor·</strong></span> 
     </span>
    </p>

    <p class='ocr_par' dir='ltr' id='par_1_6' title="bbox 121 3138 1370 4395">
     <span class='ocr_line' id='line_1_14' title="bbox 142 3138 1370 3221; baseline 0.001 -21"><span class='ocrx_word' id='word_1_85' title='bbox 142 3138 185 3201; x_wconf 92' lang='lat' dir='ltr'><strong>bo</strong></span> <span class='ocrx_word' id='word_1_86' title='bbox 197 3140 363 3218; x_wconf 88' lang='lat' dir='ltr'><strong>catarrhi,</strong></span> <span class='ocrx_word' id='word_1_87' title='bbox 381 3139 442 3221; x_wconf 91' lang='lat' dir='ltr'><strong>qui</strong></span> <span class='ocrx_word' id='word_1_88' title='bbox 456 3139 521 3203; x_wconf 90' lang='lat' dir='ltr'><strong>has</strong></span> <span class='ocrx_word' id='word_1_89' title='bbox 536 3140 702 3220; x_wconf 79' lang='lat' dir='ltr'><strong>regiones</strong></span> <span class='ocrx_word' id='word_1_90' title='bbox 720 3139 875 3203; x_wconf 86' lang='lat' dir='ltr'><strong>maxime</strong></span> <span class='ocrx_word' id='word_1_91' title='bbox 895 3138 1051 3219; x_wconf 82' lang='lat' dir='ltr'><strong>infestat,</strong></span> <span class='ocrx_word' id='word_1_92' title='bbox 1072 3139 1122 3202; x_wconf 89' lang='lat' dir='ltr'><strong>ita</strong></span> <span class='ocrx_word' id='word_1_93' title='bbox 1141 3147 1180 3202; x_wconf 91' lang='lat' dir='ltr'><strong>ut</strong></span> <span class='ocrx_word' id='word_1_94' title='bbox 1195 3139 1257 3202; x_wconf 87' lang='lat' dir='ltr'><strong>vix</strong></span> <span class='ocrx_word' id='word_1_95' title='bbox 1276 3139 1370 3203; x_wconf 93' lang='lat' dir='ltr'><strong>ullus</strong></span> 
     </span>
     <span class='ocr_line' id='line_1_15' title="bbox 141 3245 1367 3328; baseline -0.002 -20"><span class='ocrx_word' id='word_1_96' title='bbox 141 3247 288 3311; x_wconf 87' lang='lat' dir='ltr'><strong>euaserit</strong></span> <span class='ocrx_word' id='word_1_97' title='bbox 310 3246 395 3328; x_wconf 90' lang='lat' dir='ltr'><strong>quin</strong></span> <span class='ocrx_word' id='word_1_98' title='bbox 415 3246 451 3310; x_wconf 92' lang='lat' dir='ltr'><strong>in</strong></span> <span class='ocrx_word' id='word_1_99' title='bbox 466 3245 550 3310; x_wconf 91' lang='lat' dir='ltr'><strong>illud</strong></span> <span class='ocrx_word' id='word_1_100' title='bbox 570 3246 744 3310; x_wconf 91' lang='lat' dir='ltr'><strong>inciderit:</strong></span> <span class='ocrx_word' id='word_1_101' title='bbox 761 3245 825 3310; x_wconf 88' lang='lat' dir='ltr'><strong>sed</strong></span> <span class='ocrx_word' id='word_1_102' title='bbox 839 3263 934 3310; x_wconf 89' lang='lat' dir='ltr'><strong>nunc</strong></span> <span class='ocrx_word' id='word_1_103' title='bbox 952 3245 1025 3310; x_wconf 88' lang='lat' dir='ltr'><strong>iam</strong></span> <span class='ocrx_word' id='word_1_104' title='bbox 1045 3246 1166 3310; x_wconf 92' lang='lat' dir='ltr'><strong>mitius</strong></span> <span class='ocrx_word' id='word_1_105' title='bbox 1187 3263 1227 3309; x_wconf 90' lang='lat' dir='ltr'><strong>se</strong></span> <span class='ocrx_word' id='word_1_106' title='bbox 1247 3245 1367 3309; x_wconf 89' lang='lat' dir='ltr'><strong>habet.</strong></span> 
     </span>
     <span class='ocr_line' id='line_1_16' title="bbox 136 3351 1369 3433; baseline 0 -18"><span class='ocrx_word' id='word_1_107' title='bbox 136 3351 242 3416; x_wconf 86' lang='lat' dir='ltr'><strong>Pater</strong></span> <span class='ocrx_word' id='word_1_108' title='bbox 255 3355 364 3417; x_wconf 87' lang='lat' dir='ltr'><strong>etiam</strong></span> <span class='ocrx_word' id='word_1_109' title='bbox 379 3351 570 3432; x_wconf 84' lang='lat' dir='ltr'><strong>Goucalez,</strong></span> <span class='ocrx_word' id='word_1_110' title='bbox 592 3353 653 3433; x_wconf 93' lang='lat' dir='ltr'><strong>qui</strong></span> <span class='ocrx_word' id='word_1_111' title='bbox 674 3352 810 3429; x_wconf 91' lang='lat' dir='ltr'><strong>(utiam</strong></span> <span class='ocrx_word' id='word_1_112' title='bbox 830 3352 913 3416; x_wconf 90' lang='lat' dir='ltr'><strong>olim</strong></span> <span class='ocrx_word' id='word_1_113' title='bbox 932 3353 1071 3433; x_wconf 91' lang='lat' dir='ltr'><strong>scripsi)</strong></span> <span class='ocrx_word' id='word_1_114' title='bbox 1091 3352 1258 3416; x_wconf 90' lang='lat' dir='ltr'><strong>diuturno</strong></span> <span class='ocrx_word' id='word_1_115' title='bbox 1273 3352 1369 3415; x_wconf 90' lang='lat' dir='ltr'><strong>labo·</strong></span> 
     </span>
     <span class='ocr_line' id='line_1_17' title="bbox 133 3456 1368 3539; baseline -0.002 -16"><span class='ocrx_word' id='word_1_116' title='bbox 133 3461 228 3524; x_wconf 92' lang='lat' dir='ltr'><strong>rauit</strong></span> <span class='ocrx_word' id='word_1_117' title='bbox 241 3460 377 3538; x_wconf 89' lang='lat' dir='ltr'><strong>morbo,</strong></span> <span class='ocrx_word' id='word_1_118' title='bbox 394 3459 520 3524; x_wconf 90' lang='lat' dir='ltr'><strong>melius</strong></span> <span class='ocrx_word' id='word_1_119' title='bbox 534 3459 653 3539; x_wconf 92' lang='lat' dir='ltr'><strong>habet,</strong></span> <span class='ocrx_word' id='word_1_120' title='bbox 669 3458 738 3523; x_wconf 91' lang='lat' dir='ltr'><strong>nisi</strong></span> <span class='ocrx_word' id='word_1_121' title='bbox 752 3459 821 3523; x_wconf 90' lang='lat' dir='ltr'><strong>hoc</strong></span> <span class='ocrx_word' id='word_1_122' title='bbox 839 3460 955 3523; x_wconf 90' lang='lat' dir='ltr'><strong>hieme</strong></span> <span class='ocrx_word' id='word_1_123' title='bbox 976 3460 1013 3522; x_wconf 91' lang='lat' dir='ltr'><strong>iu</strong></span> <span class='ocrx_word' id='word_1_124' title='bbox 1027 3456 1189 3522; x_wconf 89' lang='lat' dir='ltr'><strong>eumdem</strong></span> <span class='ocrx_word' id='word_1_125' title='bbox 1204 3458 1368 3522; x_wconf 92' lang='lat' dir='ltr'><strong>morbum</strong></span> 
     </span>
     <span class='ocr_line' id='line_1_18' title="bbox 130 3564 1368 3646; baseline -0.002 -16"><span class='ocrx_word' id='word_1_126' title='bbox 130 3567 348 3645; x_wconf 89' lang='lat' dir='ltr'><strong>reinciderit,</strong></span> <span class='ocrx_word' id='word_1_127' title='bbox 374 3565 470 3646; x_wconf 90' lang='lat' dir='ltr'><strong>quod</strong></span> <span class='ocrx_word' id='word_1_128' title='bbox 488 3565 587 3629; x_wconf 89' lang='lat' dir='ltr'><strong>Deus</strong></span> <span class='ocrx_word' id='word_1_129' title='bbox 605 3574 756 3629; x_wconf 87' lang='lat' dir='ltr'><strong>auertat.</strong></span> <span class='ocrx_word' id='word_1_130' title='bbox 773 3564 1011 3629; x_wconf 89' lang='lat' dir='ltr'><strong>Concionibus</strong></span> <span class='ocrx_word' id='word_1_131' title='bbox 1031 3565 1148 3629; x_wconf 88' lang='lat' dir='ltr'><strong>Patris</strong></span> <span class='ocrx_word' id='word_1_132' title='bbox 1163 3564 1368 3628; x_wconf 90' lang='lat' dir='ltr'><strong>Prouincia-</strong></span> 
     </span>
     <span class='ocr_line' id='line_1_19' title="bbox 128 3671 1367 3754; baseline -0.002 -17"><span class='ocrx_word' id='word_1_133' title='bbox 128 3676 177 3737; x_wconf 88' lang='lat' dir='ltr'><strong>lis</strong></span> <span class='ocrx_word' id='word_1_134' title='bbox 201 3674 301 3737; x_wconf 92' lang='lat' dir='ltr'><strong>multi</strong></span> <span class='ocrx_word' id='word_1_135' title='bbox 325 3672 372 3737; x_wconf 90' lang='lat' dir='ltr'><strong>ad</strong></span> <span class='ocrx_word' id='word_1_136' title='bbox 397 3673 580 3737; x_wconf 91' lang='lat' dir='ltr'><strong>meliorem</strong></span> <span class='ocrx_word' id='word_1_137' title='bbox 599 3671 739 3752; x_wconf 83' lang='lat' dir='ltr'><strong>frugem</strong></span> <span class='ocrx_word' id='word_1_138' title='bbox 759 3689 837 3735; x_wconf 88' lang='lat' dir='ltr'><strong>sese</strong></span> <span class='ocrx_word' id='word_1_139' title='bbox 858 3681 1079 3753; x_wconf 89' lang='lat' dir='ltr'><strong>receperunt,</strong></span> <span class='ocrx_word' id='word_1_140' title='bbox 1107 3681 1141 3735; x_wconf 93' lang='lat' dir='ltr'><strong>et</strong></span> <span class='ocrx_word' id='word_1_141' title='bbox 1164 3673 1367 3754; x_wconf 89' lang='lat' dir='ltr'><strong>praesentia</strong></span> 
     </span>
     <span class='ocr_line' id='line_1_20' title="bbox 127 3778 1366 3858; baseline -0.001 -14"><span class='ocrx_word' id='word_1_142' title='bbox 127 3781 248 3845; x_wconf 87' lang='lat' dir='ltr'><strong>Patris</strong></span> <span class='ocrx_word' id='word_1_143' title='bbox 261 3778 447 3844; x_wconf 89' lang='lat' dir='ltr'><strong>Francisci</strong></span> <span class='ocrx_word' id='word_1_144' title='bbox 465 3780 658 3844; x_wconf 91' lang='lat' dir='ltr'><strong>multorum</strong></span> <span class='ocrx_word' id='word_1_145' title='bbox 676 3779 816 3843; x_wconf 88' lang='lat' dir='ltr'><strong>animos</strong></span> <span class='ocrx_word' id='word_1_146' title='bbox 829 3779 866 3842; x_wconf 92' lang='lat' dir='ltr'><strong>iu</strong></span> <span class='ocrx_word' id='word_1_147' title='bbox 881 3779 973 3842; x_wconf 91' lang='lat' dir='ltr'><strong>bono</strong></span> <span class='ocrx_word' id='word_1_148' title='bbox 996 3779 1232 3843; x_wconf 89' lang='lat' dir='ltr'><strong>confirmauit.</strong></span> <span class='ocrx_word' id='word_1_149' title='bbox 1249 3778 1366 3858; x_wconf 90' lang='lat' dir='ltr'><strong>Quan-</strong></span> 
     </span>
     <span class='ocr_line' id='line_1_21' title="bbox 123 3884 1367 3967; baseline -0.002 -15"><span class='ocrx_word' id='word_1_150' title='bbox 123 3899 206 3953; x_wconf 92' lang='lat' dir='ltr'><strong>tum</strong></span> <span class='ocrx_word' id='word_1_151' title='bbox 221 3886 267 3951; x_wconf 89' lang='lat' dir='ltr'><strong>ad</strong></span> <span class='ocrx_word' id='word_1_152' title='bbox 282 3897 444 3951; x_wconf 90' lang='lat' dir='ltr'><strong>nostrum</strong></span> <span class='ocrx_word' id='word_1_153' title='bbox 458 3887 656 3967; x_wconf 86' lang='lat' dir='ltr'><strong>principale</strong></span> <span class='ocrx_word' id='word_1_154' title='bbox 675 3886 885 3951; x_wconf 87' lang='lat' dir='ltr'><strong>exercitium</strong></span> <span class='ocrx_word' id='word_1_155' title='bbox 906 3884 1227 3950; x_wconf 90' lang='lat' dir='ltr'><strong>administrationis</strong></span> <span class='ocrx_word' id='word_1_156' title='bbox 1249 3903 1367 3949; x_wconf 88' lang='lat' dir='ltr'><strong>sacra·</strong></span> 
     </span>
     <span class='ocr_line' id='line_1_22' title="bbox 124 3972 1363 4074; baseline -0.003 -15"><span class='ocrx_word' id='word_1_157' title='bbox 124 4003 333 4060; x_wconf 90' lang='lat' dir='ltr'><strong>mentorum</strong></span> <span class='ocrx_word' id='word_1_158' title='bbox 358 3993 598 4074; x_wconf 88' lang='lat' dir='ltr'><strong>poenitentiae</strong></span> <span class='ocrx_word' id='word_1_159' title='bbox 617 4000 653 4057; x_wconf 91' lang='lat' dir='ltr'><strong>et</strong></span> <span class='ocrx_word' id='word_1_160' title='bbox 671 3991 924 4069; x_wconf 88' lang='lat' dir='ltr'><strong>eucharistiae,</strong></span> <span class='ocrx_word' id='word_1_161' title='bbox 945 3992 1077 4056; x_wconf 88' lang='lat' dir='ltr'><strong>indies</strong></span> <span class='ocrx_word' id='word_1_162' title='bbox 1096 3972 1224 4056; x_wconf 82' lang='lat' dir='ltr'><strong>crescit</strong></span> <span class='ocrx_word' id='word_1_163' title='bbox 1249 4009 1363 4056; x_wconf 89' lang='lat' dir='ltr'><strong>nume-</strong></span> 
     </span>
     <span class='ocr_line' id='line_1_23' title="bbox 127 4097 1368 4178; baseline -0.002 -13"><span class='ocrx_word' id='word_1_164' title='bbox 127 4120 195 4166; x_wconf 85' lang='lat' dir='ltr'><strong>rus</strong></span> <span class='ocrx_word' id='word_1_165' title='bbox 218 4102 289 4164; x_wconf 91' lang='lat' dir='ltr'><strong>huc</strong></span> <span class='ocrx_word' id='word_1_166' title='bbox 312 4099 529 4164; x_wconf 89' lang='lat' dir='ltr'><strong>venientium</strong></span> <span class='ocrx_word' id='word_1_167' title='bbox 553 4099 598 4163; x_wconf 91' lang='lat' dir='ltr'><strong>ad</strong></span> <span class='ocrx_word' id='word_1_168' title='bbox 618 4098 866 4178; x_wconf 88' lang='lat' dir='ltr'><strong>confitendum,</strong></span> <span class='ocrx_word' id='word_1_169' title='bbox 883 4099 933 4163; x_wconf 89' lang='lat' dir='ltr'><strong>ita</strong></span> <span class='ocrx_word' id='word_1_170' title='bbox 955 4107 993 4163; x_wconf 91' lang='lat' dir='ltr'><strong>ut</strong></span> <span class='ocrx_word' id='word_1_171' title='bbox 1012 4097 1051 4162; x_wconf 93' lang='lat' dir='ltr'><strong>P.</strong></span> <span class='ocrx_word' id='word_1_172' title='bbox 1078 4109 1199 4163; x_wconf 89' lang='lat' dir='ltr'><strong>noster</strong></span> <span class='ocrx_word' id='word_1_173' title='bbox 1223 4099 1368 4163; x_wconf 89' lang='lat' dir='ltr'><strong>Franci·</strong></span> 
     </span>
     <span class='ocr_line' id='line_1_24' title="bbox 121 4205 1368 4287; baseline -0.002 -15"><span class='ocrx_word' id='word_1_174' title='bbox 121 4225 228 4286; x_wconf 78' lang='lat' dir='ltr'><strong>scuS,</strong></span> <span class='ocrx_word' id='word_1_175' title='bbox 244 4207 323 4270; x_wconf 88' lang='lat' dir='ltr'><strong>visa</strong></span> <span class='ocrx_word' id='word_1_176' title='bbox 336 4206 549 4271; x_wconf 90' lang='lat' dir='ltr'><strong>necessitate</strong></span> <span class='ocrx_word' id='word_1_177' title='bbox 564 4206 821 4287; x_wconf 88' lang='lat' dir='ltr'><strong>operariorum,</strong></span> <span class='ocrx_word' id='word_1_178' title='bbox 832 4216 866 4269; x_wconf 91' lang='lat' dir='ltr'><strong>et</strong></span> <span class='ocrx_word' id='word_1_179' title='bbox 878 4205 1060 4286; x_wconf 90' lang='lat' dir='ltr'><strong>amplioris</strong></span> <span class='ocrx_word' id='word_1_180' title='bbox 1074 4205 1212 4284; x_wconf 89' lang='lat' dir='ltr'><strong>domus,</strong></span> <span class='ocrx_word' id='word_1_181' title='bbox 1224 4215 1261 4269; x_wconf 93' lang='lat' dir='ltr'><strong>ut</strong></span> <span class='ocrx_word' id='word_1_182' title='bbox 1277 4205 1313 4269; x_wconf 95' lang='lat' dir='ltr'><strong>in</strong></span> <span class='ocrx_word' id='word_1_183' title='bbox 1325 4223 1368 4269; x_wconf 89' lang='lat' dir='ltr'><strong>ea</strong></span> 
     </span>
     <span class='ocr_line' id='line_1_25' title="bbox 122 4311 1368 4395; baseline -0.004 -16"><span class='ocrx_word' id='word_1_184' title='bbox 122 4313 348 4379; x_wconf 86' lang='lat' dir='ltr'><strong>commorari</strong></span> <span class='ocrx_word' id='word_1_185' title='bbox 361 4314 512 4395; x_wconf 91' lang='lat' dir='ltr'><strong>possint,</strong></span> <span class='ocrx_word' id='word_1_186' title='bbox 527 4322 565 4376; x_wconf 92' lang='lat' dir='ltr'><strong>ut</strong></span> <span class='ocrx_word' id='word_1_187' title='bbox 579 4312 692 4394; x_wconf 90' lang='lat' dir='ltr'><strong>possit</strong></span> <span class='ocrx_word' id='word_1_188' title='bbox 707 4311 871 4376; x_wconf 85' lang='lat' dir='ltr'><strong>satisfieri</strong></span> <span class='ocrx_word' id='word_1_189' title='bbox 891 4312 1072 4376; x_wconf 89' lang='lat' dir='ltr'><strong>deuotioni</strong></span> <span class='ocrx_word' id='word_1_190' title='bbox 1087 4311 1290 4388; x_wconf 88' lang='lat' dir='ltr'><strong>multorum,</strong></span> <span class='ocrx_word' id='word_1_191' title='bbox 1308 4312 1368 4392; x_wconf 89' lang='lat' dir='ltr'><strong>qui</strong></span> 
     </span>
    </p>
   </div>
   <div class='ocr_carea' id='block_1_4' title="bbox 130 4588 1371 4706">
    <p class='ocr_par' dir='ltr' id='par_1_7' title="bbox 130 4588 1371 4706">
     <span class='ocr_line' id='line_1_26' title="bbox 175 4588 1371 4646; baseline -0.003 -13"><span class='ocrx_word' id='word_1_192' title='bbox 175 4589 185 4622; x_wconf 77' lang='lat'>¹</span> <span class='ocrx_word' id='word_1_193' title='bbox 215 4588 402 4646; x_wconf 72' lang='lat' dir='ltr'><strong>Autompuae</strong></span> <span class='ocrx_word' id='word_1_194' title='bbox 412 4590 437 4634; x_wconf 82' lang='lat' dir='ltr'><strong>ln</strong></span> <span class='ocrx_word' id='word_1_195' title='bbox 449 4589 545 4643; x_wconf 84' lang='lat' dir='ltr'><strong>duplici</strong></span> <span class='ocrx_word' id='word_1_196' title='bbox 556 4588 625 4640; x_wconf 79' lang='lat' dir='ltr'><strong>sollo,</strong></span> <span class='ocrx_word' id='word_1_197' title='bbox 638 4600 680 4634; x_wconf 86' lang='lat' dir='ltr'><strong>nn.</strong></span> <span class='ocrx_word' id='word_1_198' title='bbox 693 4588 734 4632; x_wconf 76' lang='lat'><strong>29⁹</strong></span> <span class='ocrx_word' id='word_1_199' title='bbox 742 4596 768 4633; x_wconf 85' lang='lat' dir='ltr'><strong>et</strong></span> <span class='ocrx_word' id='word_1_200' title='bbox 777 4588 937 4633; x_wconf 73' lang='lat' dir='ltr'><strong>auu-Allan</strong></span> <span class='ocrx_word' id='word_1_201' title='bbox 948 4600 1011 4633; x_wconf 81' lang='lat' dir='ltr'><strong>vere</strong></span> <span class='ocrx_word' id='word_1_202' title='bbox 1022 4600 1073 4633; x_wconf 91' lang='lat' dir='ltr'><strong>nou</strong></span> <span class='ocrx_word' id='word_1_203' title='bbox 1085 4596 1145 4634; x_wconf 84' lang='lat' dir='ltr'><strong>sunt</strong></span> <span class='ocrx_word' id='word_1_204' title='bbox 1156 4589 1204 4634; x_wconf 82' lang='lat' dir='ltr'><strong>alal</strong></span> <span class='ocrx_word' id='word_1_205' title='bbox 1216 4588 1371 4643; x_wconf 82' lang='lat' dir='ltr'><strong>praeceden.</strong></span> 
     </span>
     <span class='ocr_line' id='line_1_27' title="bbox 130 4658 866 4706; baseline -0.001 -1"><span class='ocrx_word' id='word_1_206' title='bbox 130 4661 203 4705; x_wconf 82' lang='lat' dir='ltr'><strong>tium</strong></span> <span class='ocrx_word' id='word_1_207' title='bbox 213 4658 300 4706; x_wconf 72' lang='lat' dir='ltr'><strong>Patria</strong></span> <span class='ocrx_word' id='word_1_208' title='bbox 308 4661 509 4706; x_wconf 73' lang='lat' dir='ltr'><strong>Valderrabano</strong></span> <span class='ocrx_word' id='word_1_209' title='bbox 520 4662 669 4705; x_wconf 78' lang='lat' dir='ltr'><strong>litterarum</strong></span> <span class='ocrx_word' id='word_1_210' title='bbox 680 4661 763 4705; x_wconf 85' lang='lat' dir='ltr'><strong>latina</strong></span> <span class='ocrx_word' id='word_1_211' title='bbox 772 4661 866 4704; x_wconf 74' lang='lat' dir='ltr'><strong>versio.</strong></span> 
     </span>
    </p>
   </div>
   <div class='ocr_carea' id='block_1_5' title="bbox 0 0 1610 5392">
    <p class='ocr_par' dir='ltr' id='par_1_8' title="bbox 0 0 1610 5392">
     <span class='ocr_line' id='line_1_28' title="bbox 0 0 1610 5392; baseline 0 0"><span class='ocrx_word' id='word_1_212' title='bbox 0 0 1610 5392; x_wconf 95' lang='lat' dir='ltr'><strong> </strong></span> 
     </span>
    </p>
   </div>
  </div>
 </body>
</html>
