3210 5392
188 106 242 165 too
575 106 745 165 Lucanas
765 122 1035 175 ounnaruusraas

187 270 255 332 que
270 252 420 332 amplius
435 249 505 313 300.
523 250 668 315 Ineunte
682 269 894 331 unoquoque
909 269 1029 314 mense
1046 253 1263 315 conueniunt
1278 262 1345 315 tres
1423 263 1466 307 ε

188 358 345 439 periotes
357 361 501 436 classes
515 359 558 422 de
573 359 764 439 propositis
779 359 968 421 axiomatis
983 359 1186 439 disputandi
1199 360 1328 438 gratia;
1342 354 1466 422 Ξ

186 466 251 529 bus
265 483 351 528 uero
367 467 523 529 sabbatis
538 467 574 528 in
588 484 653 528 sua
668 466 797 546 quique
817 466 923 528 classi
942 465 978 527 id
992 465 1143 541 faciunt,
1164 484 1230 529 nec
1247 466 1426 530 minua

186 571 371 661 diligenter
400 573 435 635 in
461 573 539 635 aliis
563 572 668 635 rebus
693 572 807 635 solitis
832 582 1009 635 exercent.
1041 571 1226 635 Venerunt
1256 573 1322 635 huc
1351 586 1466 634 ε

184 679 325 759 quando
340 679 385 742 ad
402 697 468 741 nos
483 678 682 742 Cardinalis
697 697 740 742 ac
755 678 959 743 Ludouicus
979 678 1177 759 Principes,
1194 697 1258 755 ac,
1275 697 1394 759 prat-.-
1424 694 1466 739 <

184 787 345 867 ptoribus
358 786 567 864 legentibus
584 804 706 849 omnes
719 788 853 849 classes
864 784 1063 865 audierunt,
1076 786 1112 848 in
1124 786 1275 865 singulis
1287 802 1353 865 pau
1373 784 1466 845 Ἰ

184 910 248 973 per
288 900 549 955 commorantes
585 893 751 955 audiendi
789 910 910 955 causa.
950 891 1183 955 Delectantur
1223 892 1273 954 illi
1308 907 1466 970 sup

185 999 328 1063 modum
343 998 411 1062 hoc
426 1016 550 1079 opere,
568 999 686 1061 omnia
702 999 747 1061 ad
767 999 937 1073 maiorem
958 997 1022 1061 Dei
1044 998 1184 1061 laudem
1207 999 1466 1077 dirigent<

185 1122 290 1184 quem
303 1123 411 1168 unum
426 1105 462 1168 in
478 1105 584 1168 rebus
598 1107 761 1168 omnibus
776 1113 961 1185 quaerunt.

243 1210 282 1274 In
292 1211 359 1274 hoc
367 1211 525 1292 Collegio
534 1211 659 1274 Patres
667 1211 879 1291 Fratresque
890 1211 926 1274 21
939 1212 973 1274 in
983 1211 1351 1291 praesentiacommor
1362 1226 1466 1270 :a

184 1327 251 1396 tur,
269 1329 420 1398 quatuor
436 1319 649 1396 sacerdotes,
667 1319 810 1397 caeteri,
828 1319 957 1398 partim
973 1316 1154 1396 Magistri,
1171 1319 1301 1398 partim
1313 1335 1350 1380 sc
1364 1316 1466 1378 1:

184 1425 318 1503 lastici,
335 1425 464 1504 partim
479 1426 696 1504 administri,
713 1442 836 1488 omnes
851 1425 945 1487 bona
960 1424 1174 1503 ualetudine,
1190 1424 1268 1488 Deo
1283 1432 1436 1505 grat
1453 1437 1466 1478 :

243 1529 323 1608 Sed,
334 1540 372 1593 ut
381 1532 550 1611 adipsum
558 1531 914 1612 Collegiiaedificium
921 1532 1119 1608 veniamus,
1129 1532 1165 1595 id
1174 1531 1250 1607 tibi,
1264 1529 1338 1594 Rae
1347 1523 1466 1592 1²

184 1646 254 1716 ter,
271 1636 389 1700 dicere
404 1638 533 1716 habeo,
551 1656 628 1701 esse
644 1640 721 1701 loco
741 1647 1004 1719 peropportuno
1025 1639 1151 1715 situm,
1173 1650 1248 1701 tum
1263 1638 1365 1702 fratr
1382 1645 1466 1693 ι·

183 1744 291 1823 quieti
306 1744 461 1823 spiritus
479 1745 572 1825 quod
587 1746 676 1808 haec
693 1745 789 1808 urbis
805 1762 888 1825 pars
909 1744 1071 1808 omnibus
1092 1746 1250 1808 externis
1269 1746 1419 1826 impe
1434 1751 1466 1790 ⁴

183 1851 312 1913 mentis
327 1867 440 1928 caret,
462 1860 536 1914 tum
558 1851 751 1915 commodis
773 1851 1014 1930 spiritualibus
1035 1852 1296 1932 proximorum,
1320 1861 1431 1930 qu
1454 1865 1466 1887 ·

172 1958 255 2020 'huc
271 1957 374 2020 facile
390 1959 487 2022 ciues
503 1959 601 2021 adire
617 1969 775 2037 possunt.

243 2063 340 2144 Opus
355 2064 470 2143 ipsum
486 2064 643 2144 procedit
658 2065 813 2144 egregie,
831 2064 911 2145 quia
926 2063 1097 2145 Princeps
1119 2064 1318 2128 Cardinalis
1333 2082 1382 2145 Ρ
1392 2063 1466 2118 s

182 2172 299 2250 perari
314 2172 427 2250 iussit;
443 2171 591 2251 percipit
606 2171 699 2234 enim
711 2189 755 2234 ex
768 2189 809 2233 eo
821 2187 989 2251 magnam
1001 2173 1231 2250 uoluptatem,
1246 2173 1427 2252 cupita
1447 2168 1466 2207 Ἰ

185 2278 345 2341 absoluta
372 2278 489 2340 omnia
518 2278 638 2340 uidere
663 2290 768 2358 atque
793 2277 963 2358 perfecta,
979 2288 1019 2339 ut
1038 2276 1168 2340 fratres
1190 2280 1271 2354 sint,
1294 2292 1400 2359 que
1415 2274 1466 2323 1

182 2383 372 2448 admodum
384 2394 518 2464 optant,
532 2384 703 2464 quietiore
714 2384 831 2446 animo
847 2383 926 2462 (etsi
941 2384 1028 2446 satis
1040 2383 1158 2463 quieto
1170 2385 1277 2462 sunt),
1294 2385 1424 2456 itacl
1442 2377 1466 2418 ¹

181 2491 350 2554 lectiones
375 2509 420 2554 ex
440 2492 693 2570 magistrorum
719 2491 1083 2570 scholasticorumque
1108 2491 1285 2555 sententia
1306 2510 1349 2555 ex
1363 2487 1466 2565 p

182 2608 323 2661 uantur.

241 2704 426 2785 Templum
447 2722 574 2784 parum
597 2704 787 2767 admodum
813 2704 912 2767 abest
936 2704 1021 2782 quin
1046 2703 1091 2766 sit
1112 2703 1320 2783 perfectum,
1342 2692 1466 2766 D*

183 2822 329 2890 aestate,
353 2809 431 2874 Deo
452 2811 609 2888 fauente,
632 2828 713 2873 cum
734 2811 936 2873 scholarum
955 2810 1045 2872 aulis
1070 2810 1219 2891 aliisque
1240 2811 1421 2873 inchoa
1435 2789 1466 2840 ¹

182 2917 349 2980 aedificiis
362 2918 575 2980 absoluetur.
588 2916 688 2979 Mitto
700 2916 791 2996 quod
804 2916 1046 2993 coenaculum,
1057 2916 1233 2995 cubicula,
1248 2907 1403 2980 dormi
1417 2900 1466 2951 ί

183 3025 246 3101 ria,
263 3026 515 3100 nosocomium,
534 3025 622 3086 cella
638 3024 793 3103 penaria,
818 3024 953 3100 culina,
975 3023 1190 3099 sacrarium,
1213 3025 1306 3086 aliae
1327 3024 1351 3085 it
1370 3014 1466 3068 ὅ

183 3131 292 3192 cellae
307 3132 529 3193 necessariae
545 3140 626 3193 sunt
645 3131 715 3194 iam
735 3129 988 3209 perfectissime
1009 3130 1202 3193 absolutae.
1227 3130 1326 3194 Deus
1342 3105 1466 3192 9

182 3237 297 3299 minus
312 3247 444 3315 noster,
462 3237 521 3317 qui
536 3239 624 3299 haec
639 3237 757 3298 omnia
773 3236 857 3298 lacit
868 3245 901 3297 et
914 3236 1056 3298 molitur
1068 3253 1138 3316 quo
1151 3236 1359 3316 diligentius
1450 3222 1466 3260 ⁵

182 3345 343 3407 omnibus
358 3347 563 3423 colaturque
579 3362 621 3405 ac
637 3344 809 3421 laudetur,
827 3344 928 3404 nobis
940 3360 1040 3404 suam
1056 3334 1466 3423 gratiamlargiaffl‘

182 3461 218 3513 ut
233 3451 268 3512 in
284 3452 388 3514 rebus
404 3452 564 3513 omnibus
580 3450 614 3514 id
627 3468 690 3530 pro
703 3451 792 3513 uirili
805 3458 905 3530 parte
917 3459 1150 3528 praestemus,
1165 3451 1260 3531 quod
1272 3452 1322 3514 illi
1332 3434 1466 3531 gf

182 3570 257 3621 tum
272 3558 317 3619 sit
332 3576 374 3620 ac
388 3559 586 3637 probatum.
602 3557 727 3619 Amen.

240 3664 424 3744 Tanquam
440 3663 500 3726 filii
515 3664 566 3726 tui
580 3665 674 3743 iique
689 3664 940 3742 indignissimi,
958 3662 1036 3725 R.de
1050 3663 1172 3742 Pater,
1189 3665 1307 3729 abste
1329 3644 1466 3746 pff

180 3788 268 3848 mus,
286 3781 324 3833 ut
335 3789 400 3833 nos
412 3772 480 3833 tuis
492 3771 656 3850 precibus
667 3770 744 3832 Deo
757 3771 991 3847 commendes,
1007 3787 1077 3850 quo
1090 3770 1301 3836 beneficium
1313 3735 1466 3836 nos

181 3886 364 3957 tantopere
380 3878 619 3939 necessarium
636 3878 888 3956 adipiscamur,
913 3877 1064 3957 indeque
1084 3878 1186 3940 nobis
1205 3861 1466 3943 benedic&

240 3984 295 4046 Ex
323 3983 390 4046 hoc
419 3985 591 4046 Eborcnsi
627 3984 785 4063 Collegio
814 3984 1002 4048 Societatis
1027 3984 1129 4065 jesu,
1161 3994 1266 4049 sexto
1301 3964 1466 4050 norff

179 4089 304 4169 MaiaS,
322 4108 415 4152 anno
430 4108 451 4151 a
468 4089 597 4153 Christi
614 4102 695 4153 ortu
714 4091 799 4153 1555.

398 4197 453 4259 Ex
468 4197 715 4260 commissione
730 4197 845 4260 Patris
860 4197 971 4261 Marci
986 4197 1144 4277 Georgii,

914 4304 1120 4368 Faucruoso
1145 4285 1288 4371 aunan.
