3210 5392
183 427 221 489 78
583 427 757 486 erraaaa
768 440 1041 491 duanmnsrass

180 572 273 638 diosi
297 571 582 655 disciplinarum,
613 581 757 653 praeter
780 588 860 650 eos,
889 572 951 652 qni
974 572 1019 637 de
1046 569 1227 637 Societate
1255 573 1420 640 nondum

183 691 303 761 erant,
322 698 437 761 neque
450 697 574 745 omnes
600 679 842 745 sufficeremus
863 680 894 743 si
908 680 1041 745 ciuium
1064 681 1200 744 sanctis
1214 680 1419 761 desyderiis

183 789 347 854 omnibus
369 788 489 853 iacere
513 787 601 852 satis
625 787 884 864 debuissemus,
908 785 1042 854 iactum
1068 796 1188 852 tamen
1213 799 1267 853 est
1292 798 1331 852 ut
1357 790 1419 853 hic

183 896 288 976 pauci
301 895 553 973 remanserint,
580 894 674 975 quod
689 895 856 976 precibus
877 911 1017 972 eorum,
1034 894 1095 976 qui
1115 905 1238 959 nostra
1253 912 1364 976 opera
1378 897 1418 961 in

180 1003 323 1083 negotio
336 1000 467 1067 Christi
481 1002 533 1067 uti
545 1002 722 1077 uolebant.
736 1000 861 1066 Patres
871 1002 985 1066 nostri
999 1000 1166 1066 resistere
1174 1019 1246 1067 non
1255 1014 1417 1083 possent;

182 1125 252 1190 quo
267 1109 305 1173 fit
319 1117 357 1174 ut
371 1109 453 1173 hinc
473 1126 511 1174 se
531 1109 568 1172 in
589 1108 770 1173 Baeticam
795 1108 1019 1188 prouinciam
1042 1109 1197 1190 quinque
1211 1126 1257 1173 ex
1281 1111 1418 1174 nostris

182 1217 198 1278 f
199 1215 351 1281 ratribus
363 1233 444 1280 cum
458 1214 495 1279 P.
512 1215 557 1280 D.
574 1216 706 1280 Turres
722 1214 730 1245 ¹
747 1215 971 1280 contulerint.
985 1215 1124 1296 Reliqui
1134 1226 1270 1294 autem,
1283 1217 1346 1297 qui
1357 1218 1421 1283 hic

182 1331 404 1402 manserunt,
428 1332 679 1404 praeterquam
700 1322 795 1405 quod
814 1321 1003 1402 diligenter
1025 1338 1103 1387 sese
1124 1322 1161 1386 in
1180 1323 1294 1387 literis
1314 1340 1422 1387 exer·

183 1438 318 1508 cerent,
344 1428 552 1494 mortificari
576 1446 730 1510 quoque,
753 1428 873 1493 omnia
896 1429 1017 1494 mundi
1041 1429 1146 1493 huius
1171 1429 1420 1511 despiciendo,

183 1537 423 1616 resignatione
452 1545 576 1602 sancta
610 1535 724 1600 obuiis
758 1535 852 1600 ulnis
883 1536 1120 1600 obedientiam
1155 1537 1421 1618 amplectendo,

182 1644 346 1723 proprias
362 1643 548 1724 passiones
568 1653 738 1708 consueta
756 1642 919 1708 oratione
937 1660 980 1707 ac
1001 1644 1104 1707 solito
1124 1643 1240 1709 studio
1263 1654 1301 1707 ut
1315 1661 1419 1726 supe·

183 1768 264 1814 rare
283 1751 421 1831 possint
441 1750 669 1838 elaborando,
689 1768 783 1814 nunc
803 1753 860 1815 uel
882 1751 1036 1815 maxime
1055 1768 1162 1831 opere
1186 1751 1317 1815 obnixe
1332 1769 1420 1817 con-

183 1858 342 1935 tendunt,
358 1867 547 1939 postquam
562 1857 632 1921 R.‘¹¹
647 1855 764 1921 Patris
775 1856 913 1921 Natalis
927 1857 1181 1922 consuetudine
1195 1876 1238 1923 ac
1254 1859 1415 1937 monitis,

183 1965 272 2028 haec
286 1975 321 2029 et
335 1964 404 2028 alia
419 1964 631 2043 huiusmodi,
655 1980 727 2028 non
742 1964 896 2028 iucunda
911 1965 1028 2028 minus
1041 1981 1148 2044 quarn
1169 1965 1281 2044 utilia,
1298 1965 1422 2031 edocti

185 2082 290 2152 atque
305 2072 453 2137 excitati
465 2088 598 2138 sumus.

243 2178 344 2243 Haec
353 2180 471 2259 itaque
479 2196 566 2243 sane
579 2177 684 2260 [sunt]
698 2178 736 2243 Ρ.
747 2177 837 2256 R.‘¹⁸‚
849 2195 939 2259 quae
951 2178 987 2242 in
999 2179 1282 2261 praesentiarum
1295 2198 1421 2246 occur-

183 2287 318 2351 rebant.
335 2285 480 2351 Utinam
495 2284 725 2366 Omnipotens
737 2284 835 2348 Deus
845 2301 910 2365 pro
922 2285 1063 2349 nomine
1077 2284 1275 2350 dulcissimi
1285 2286 1347 2351 filii
1362 2289 1421 2352 sui

182 2393 266 2476 Jesu
281 2391 413 2456 Christi
425 2410 468 2456 ac
483 2389 681 2456 Saluatoris
695 2392 809 2455 nostri
823 2391 909 2455 illud
919 2391 1021 2455 nobis
1038 2393 1235 2457 concedere
1251 2393 1422 2473 dignetur

182 2510 231 2579 ut,
248 2511 437 2580 postquam
450 2499 634 2581 propriam
653 2499 785 2579 optime
810 2496 1051 2563 infirmitatem
1069 2501 1340 2579 agnouerimus,
1358 2501 1422 2565 det

181 2624 319 2687 quoque
334 2605 489 2687 perfecte
503 2622 722 2685 cognoscere
737 2622 829 2686 quae
843 2605 889 2669 sit
903 2605 980 2670 eius
993 2607 1160 2670 uoluntas
1179 2606 1420 2687 beneplacens

182 2724 216 2777 et
231 2713 401 2793 perfecta,
417 2714 643 2795 gratiamque
664 2713 839 2793 impartiri
862 2712 966 2777 nobis
991 2712 1295 2778 abundantissime
1317 2716 1419 2794 uelit,

180 2838 251 2901 qua
266 2830 301 2885 et
315 2822 375 2885 illa
390 2821 574 2902 perficere,
592 2838 683 2903 quae
695 2823 769 2884 uult
784 2821 877 2900 ipse,
896 2829 931 2883 et
946 2838 987 2884 ea
1009 2821 1114 2897 bona,
1131 2838 1223 2902 quae
1241 2821 1322 2885 fidis
1341 2823 1423 2888 suis

181 2929 411 3009 praeparauit
435 2928 576 3005 amicis,
605 2928 774 3008 consequi
789 2928 982 3007 possimus,
999 2928 1093 3007 quod
1108 2938 1145 2991 ut
1160 2928 1301 2992 facilius
1316 2946 1416 2994 asse·

181 3052 332 3116 quamur
347 3034 407 3099 lilii
422 3036 551 3099 mirum
565 3036 600 3098 in
615 3035 759 3098 modum
774 3044 881 3112 certe,
895 3034 934 3097 P.
948 3032 1035 3113 ΚΜ,
1049 3036 1201 3114 petimus
1213 3047 1320 3117 atque
1334 3055 1420 3102 con·

180 3142 358 3206 tendimus
372 3142 461 3206 uelis
476 3158 541 3205 nos
556 3141 626 3206 tuis
640 3151 811 3222 perpetuo
830 3140 1016 3205 sacrificiis
1036 3159 1078 3205 ac
1100 3142 1322 3207 orationibus
1336 3161 1420 3209 esse

183 3248 566 3314 commendatissimos.

241 3558 375 3624 Datum
386 3462 625 3626 Siallirlrlritnticae
642 3563 755 3642 pridie
770 3562 845 3627 Cal.
863 3562 966 3643 Sepb.
988 3562 1078 3625 1554.

244 3881 291 3942 In
313 3887 444 3960 patarta
464 3882 608 3961 pagina
624 3883 709 3945 hoec
734 3889 876 3946 tontum
903 3884 1155 3963 reperiuntur:
1171 3883 1212 3962 Q.
1236 3882 1418 3948 Salaman-

185 4002 239 4066 ca,
256 3987 313 4066 ot,
330 3986 425 4068 Sept.

187 4151 398 4162 ——-—-—-.

227 4233 234 4265 ¹
264 4233 295 4276 P.
310 4233 354 4278 Dr.
366 4232 477 4277 alicnati
489 4233 519 4275 de
531 4232 634 4276 Torrcs.
