3210 5392
573 400 1025 472 errsnasoononruosrnss

712 1082 885 1168 ooovt
949 1063 951 1067 ’

236 1437 274 1494 P.
290 1435 408 1495 Petrus
424 1434 452 1494 N
455 1451 586 1502 avarro.

272 1532 325 1591 Ex
338 1533 580 1592 commissione
595 1535 704 1594 Patris
719 1534 855 1594 Antonii
869 1533 910 1594 de
925 1533 1093 1606 Corduba,

310 1631 401 1690 Patri
414 1631 542 1703 lunatio
556 1633 597 1691 de
612 1632 751 1707 Loyola.

347 1728 514 1802 Corduba,
530 1730 564 1790 15
576 1731 656 1804 julii
671 1731 741 1791 1554
753 1733 772 1788 ¹.

762 1966 838 2081 1ng

249 2258 453 2323 Reuerende
470 2259 661 2321 admodum
676 2259 710 2321 in
728 2257 869 2322 Christo
885 2269 936 2338 p!

248 2364 390 2429 Summa
406 2363 489 2446 Jesu
505 2365 638 2430 Christi
653 2365 847 2428 seruatoris
861 2365 973 2428 nostri
988 2366 1106 2444 gratia
1128 2375 1162 2430 et
1177 2383 1248 2447 pax
1270 2367 1314 2430 sit
1330 2385 1420 2431 sem·

184 2491 320 2555 perque
334 2482 472 2536 crescat
487 2473 598 2538 intuo
614 2473 838 2552 omniumque
853 2471 1029 2536 cordibus.
1047 2473 1172 2538 Amen.

247 2579 331 2644 Post
353 2581 429 2659 illa,
451 2580 494 2642 de
514 2579 640 2660 quibus
662 2579 736 2642 iam
757 2579 886 2642 certior
902 2578 1018 2642 factus
1040 2598 1078 2643 es
1104 2580 1422 2661 quadrimestribus

187 2687 360 2767 proximis
372 2686 493 2763 literiS,
508 2704 680 2767 perquam
691 2686 893 2749 venerande
904 2696 1017 2766 pater,
1035 2704 1126 2768 quae
1141 2688 1187 2750 ad
1198 2697 1232 2751 te
1244 2688 1423 2753 scribendi

188 2794 523 2874 inpraesentiarum
539 2809 617 2856 sese
633 2792 798 2867 offerunt,
815 2810 859 2855 ex
876 2793 931 2855 his
951 2811 1042 2873 quae
1057 2793 1155 2858 Deus
1175 2795 1329 2876 optimus
1349 2812 1423 2859 ma·

187 2900 305 2963 ximus
321 2918 383 2981 per
399 2901 465 2963 hos
480 2916 604 2966 seruos
618 2917 702 2962 suos
717 2910 885 2979 operatus
906 2909 975 2977 est,
998 2910 1080 2963 sunt
1099 2917 1191 2981 quae
1211 2911 1421 2981 sequuntur.

250 3007 484 3087 Occurritque
499 3007 535 3070 in
549 3007 764 3070 narrationis
778 2988 964 3085 uestibulo,
981 3007 1094 3087 patris
1103 3006 1289 3071 Francisci
1304 3003 1422 3073 ¹ano·

187 3113 243 3176 bis
267 3115 303 3176 in
329 3115 520 3177 Castellam
545 3113 735 3176 discessus:
762 3114 823 3194 qui
851 3113 992 3194 quidem
1015 3131 1096 3177 cum
1118 3113 1426 3195 Quadragesimae

188 3220 288 3283 initio
304 3220 438 3298 fuisset,
456 3221 632 3285 maximae
647 3220 880 3299 plurimorum
892 3220 996 3283 huius
1011 3221 1275 3305 oppidianimis
1287 3221 1425 3286 desola-

190 3328 278 3390 tioni
292 3327 367 3407 luit;
385 3337 437 3406 et,
460 3338 499 3390 vt
519 3312 679 3389 caeteros
695 3328 873 3405 omittam,
890 3326 1043 3390 Domino
1065 3327 1193 3410 Joanni
1210 3328 1399 3408 Cordubae
1414 3327 1425 3359 ³

189 3435 339 3514 aliisque
355 3451 460 3514 quam
475 3433 634 3513 plurimis
649 3432 823 3495 nobilibus
838 3434 936 3511 viris,
953 3451 1018 3497 nec
1035 3452 1106 3497 non
1126 3433 1330 3514 Inquisitori
1350 3436 1425 3500 Vil-

191 3542 245 3603 lar
259 3539 271 3570 ⁴
285 3541 388 3603 simul
413 3549 447 3602 et
468 3540 665 3602 canonicis:
691 3539 819 3619 quibus
840 3540 1002 3603 omnibus
1021 3539 1138 3604 Patris
1157 3541 1333 3606 aduentus
1352 3561 1425 3608 non

190 3648 404 3710 mediocrem
419 3646 698 3709 consolationem
713 3647 895 3725 attulerat,
912 3647 1022 3709 verba
1037 3664 1161 3710 eorum
1175 3649 1314 3712 animos
1329 3667 1426 3714 com·

189 3763 387 3831 mouerant,
406 3770 513 3833 opera
528 3762 646 3815 autem
661 3753 696 3815 in
713 3753 981 3816 admirationem
997 3764 1102 3834 atque
1116 3762 1299 3834 stuporem
1311 3756 1422 3822 addu-

189 3869 331 3924 xerant.

251 3967 439 4041 Caeterum
459 3966 644 4029 uulnerum
664 3966 821 4029 dolorem
843 3967 1062 4047 aliquantum
1083 3970 1205 4033 leniuit
1227 3987 1328 4050 spes,
1353 3989 1425 4052 qua

188 4075 353 4153 suspensi
368 4075 466 4137 illum
480 4075 517 4137 in
531 4072 774 4153 Septembrem
790 4090 946 4137 mensem
962 4086 1162 4156 expectant.
1180 4075 1346 4140 Profecto
1360 4079 1426 4142 ita-

233 4353 241 4384 ί
269 4352 432 4405 Exemplum,
441 4357 469 4394 ut
480 4351 594 4404 videtur„
606 4351 794 4405 epographum,
807 4351 831 4394 ln
842 4352 938 4406 duplici
949 4352 1018 4406 sollo,
1030 4365 1073 4397 nn.
1082 4354 1123 4397 391
1134 4361 1160 4398 et
1170 4355 1218 4398 395.

231 4427 242 4457 ²
269 4425 297 4468 P.
310 4422 487 4467 Franclsclde
498 4422 587 4476 Barla.
1202 4473 1204 4476 Ι

229 4498 241 4529 ³
268 4496 372 4539 Decano
383 4495 508 4537 ecclesiae
520 4487 701 4543 Cordubensis.
716 4493 825 4547 Collegll
837 4493 978 4538 Socletutls
991 4495 1132 4541 fundatorl.

229 4570 241 4602 ⁴
268 4566 336 4610 Vlde
347 4567 443 4610 Carras
452 4566 485 4609 de
496 4565 551 4609 Son
562 4565 682 4618 Ignocio,
692 4573 710 4609 t.
722 4579 740 4608 v
751 4599 756 4618 ,
768 4577 827 4620 pag.
838 4566 892 4619 492,
904 4574 929 4609 et
941 4565 1104 4612 sianum:
1115 4602 1120 4624 ,
1133 4568 1258 4613 Historia
1272 4571 1306 4615 de
1315 4571 1344 4616 la
1361 4573 1430 4618 Pro·

188 4638 282 4684 vincia
292 4637 325 4681 de
335 4635 496 4688 Anaatucta,
507 4643 575 4691 part.
586 4637 693 4688 l.llb.11.
705 4649 762 4691 cap.
772 4637 806 4687 38,
816 4648 840 4680 n.
850 4637 872 4680 2.
