3210 5392
180 415 235 475 aot>
568 414 737 472 erraaaa
752 428 1023 481 ouanaruastaas

180 560 424 639 prompsisset,
437 576 507 621 non
522 570 653 634 tamen,
669 557 812 623 Christo
825 575 947 622 secum
962 557 1208 637 belligerante,
1230 574 1418 639 expugna-

182 668 214 730 ri
235 667 366 746 potuit,
391 684 457 731 nec
482 667 693 746 quibuslibet
718 666 1016 731 assentationibus
1042 666 1148 730 flecti.
1176 664 1310 747 Sperat
1327 666 1420 731 baec

182 784 296 839 mater
307 787 355 851 ut,
369 773 666 855 quemadmodum
678 791 764 836 suae
776 771 868 836 filiae
880 774 1018 853 lapsum
1030 774 1237 847 concitauit,
1249 783 1288 837 et
1298 774 1419 852 singu·

181 883 295 946 lorum
309 881 548 945 membrorum
564 898 606 943 ac
626 881 733 943 totius
755 880 915 960 corporis
935 881 1140 959 congeriem
1159 881 1272 945 diruit
1293 891 1330 945 et
1345 882 1418 945 ani·

182 1005 273 1065 mae,
289 989 391 1051 cuius
411 987 732 1068 splendidissimum
748 987 966 1051 domicilium
986 988 1201 1067 deturpauit.
1225 999 1420 1068 postquam

181 1095 353 1160 lubricum
369 1097 436 1158 iter
451 1095 619 1158 strauerit
633 1107 667 1158 et
683 1095 728 1158 ad
750 1095 835 1158 illud
849 1094 1003 1159 medium
1023 1096 1311 1160 conculcandum
1326 1094 1421 1159 filiae

182 1203 309 1280 suasit,
335 1219 416 1266 cum
441 1203 502 1265 uix
524 1201 676 1282 uestigia
700 1201 779 1281 quis
803 1201 934 1265 ibidem
960 1219 1121 1281 premere
1147 1204 1340 1282 potuisset.
1365 1203 1420 1267 sie

182 1309 257 1373 eius
283 1309 519 1389 reparationis
543 1308 619 1372 fore
645 1308 854 1372 adiutricem
881 1308 1034 1372 confidit.
1062 1308 1153 1372 Filia
1183 1326 1342 1390 namque
1367 1309 1418 1375 ita

182 1418 334 1480 materni
349 1416 507 1496 obsequii
523 1415 693 1480 hactenus
707 1399 932 1479 obseruatrix
952 1415 1059 1479 fuisse
1078 1414 1237 1495 uidetur,
1259 1425 1301 1480 ut
1316 1433 1418 1481 uum·

183 1524 350 1604 quamsit
365 1524 469 1587 matri
485 1521 610 1600 (matre
625 1521 788 1599 testante)
804 1522 931 1586 merito
946 1521 982 1584 in
997 1522 1237 1603 suspicionem
1252 1523 1414 1587 inciden-

181 1630 277 1709 dum,
293 1631 378 1712 quin
392 1632 428 1694 in
444 1639 625 1709 posterum
639 1629 715 1692 eius
729 1630 1001 1708 quamprimum
1016 1630 1173 1709 paruerit
1187 1629 1308 1694 dictis.
1326 1629 1415 1710 Quis

183 1737 383 1818 aliquando,
400 1736 476 1801 R.de
489 1734 606 1811 Pater,
620 1736 726 1799 tantis
738 1735 867 1799 diuinis
879 1735 1059 1801 beneficiis
1070 1736 1198 1815 dignas
1207 1737 1421 1814 persoluere

182 1845 318 1908 ualeret
333 1844 474 1921 grates?

242 1951 469 2016 Transieram
485 1968 541 2014 me
555 1950 601 2013 ad
616 1951 817 2027 conciones,
832 1949 878 2013 ad
893 1950 1063 2015 lectiones
1082 1961 1156 2014 tum
1179 1951 1326 2014 diuinas
1340 1961 1417 2015 tum

183 2059 368 2123 humanas.
385 2056 478 2122 ΒΨ
497 2056 603 2122 Pater
617 2056 748 2121 Rector
762 2058 884 2121 diebus
896 2057 997 2122 festis
1011 2059 1246 2122 concionatus
1261 2069 1330 2133 est,
1348 2068 1416 2122 eta

183 2165 332 2244 prandio
346 2163 530 2228 Paulinam
550 2165 736 2227 lectionem
750 2182 821 2227 non
841 2165 970 2241 omisit,
986 2175 1021 2228 et
1041 2184 1083 2228 ea
1104 2166 1281 2238 doctrina,
1306 2182 1418 2245 quam

183 2273 380 2352 piissimum
393 2271 512 2355 jesum
528 2273 560 2334 ei
575 2271 763 2350 elargitum
778 2288 938 2335 essenon
952 2272 1109 2351 ignoras.
1123 2272 1163 2334 ln
1175 2273 1314 2336 maiore
1328 2289 1415 2352 quo·

182 2396 249 2458 que
264 2379 415 2441 ecclesia
430 2379 534 2442 huius
549 2379 704 2442 ciuitatis
719 2378 906 2442 Ferrariae
926 2379 1089 2442 eumdem
1108 2378 1251 2442 Patrem
1271 2379 1419 2442 concio·

181 2502 245 2549 nes
255 2485 420 2549 habuisse
435 2503 505 2548 non
520 2496 554 2548 te
570 2487 670 2565 sugit,
688 2486 814 2565 quibus
828 2502 922 2548 nunc
937 2485 1138 2558 duomilia,
1156 2498 1191 2548 et
1203 2502 1299 2548 nunc
1318 2486 1418 2563 (non-

180 2592 356 2655 nullorum
371 2592 529 2670 arbitrio)
550 2593 618 2655 tria
643 2593 751 2656 millia
777 2591 978 2655 auditorum
1001 2592 1203 2668 interfuere;
1231 2592 1347 2656 miror
1364 2602 1418 2655 tot

183 2699 364 2763 auditores
375 2715 417 2761 eo
433 2708 602 2777 tempore,
620 2717 689 2779 quo
705 2709 778 2761 tum
790 2716 836 2761 ex
852 2699 981 2773 multis
998 2708 1071 2761 tum
1086 2716 1131 2761 ex
1152 2699 1292 2778 paucis
1311 2700 1420 2778 pluri·

184 2823 261 2868 mos
273 2807 432 2885 corporis
445 2807 561 2885 potius
574 2806 834 2869 satisfaciendis
842 2805 1027 2869 desideriis
1038 2805 1296 2881 incumbentes
1311 2822 1422 2885 quam

184 2912 335 2990 animae,
353 2914 445 2976 ultro
460 2912 618 2991 citroque
640 2913 879 2975 discurrentes
898 2910 1158 2992 quodammodo
1178 2911 1348 2991 decipere
1372 2913 1423 2975 ui·

185 3020 281 3096 deas,
298 3021 430 3082 nullum
456 3019 560 3082 huius
575 3020 688 3082 simile
709 3021 841 3082 iactum
868 3019 1051 3098 accepisse
1075 3020 1231 3081 memini:
1256 3036 1317 3082 res
1333 3036 1424 3082 sane

185 3127 477 3189 consuetudinem
493 3127 650 3196 uincens,
677 3126 910 3204 quorumdam
935 3125 1119 3204 opiniones
1144 3142 1324 3203 superans
1340 3143 1421 3188 esse

184 3233 333 3307 uidetur,
345 3233 436 3295 unde
449 3231 617 3311 Spiritum
628 3231 798 3296 Sanctum
809 3232 916 3294 luisse
928 3232 1112 3294 authorem
1124 3243 1248 3311 aperte
1261 3233 1422 3312 coneipi-

185 3350 251 3404 tur.
269 3339 323 3401 De
339 3340 405 3415 his,
422 3341 589 3419 quoniam
606 3341 711 3402 latius
726 3339 765 3401 T.
784 3338 825 3402 R.
842 3336 879 3400 P.
897 3339 1085 3402 certiorem
1100 3337 1250 3415 reddidi,
1269 3340 1425 3403 ulterius

185 3445 353 3525 progredi
368 3446 398 3506 si
413 3445 588 3521 desidero,
602 3444 769 3525 expedire
786 3461 877 3507 reor.

243 3551 499 3614 Verumtamen
515 3568 622 3614 unum
638 3551 722 3613 illud
738 3551 960 3630 subiungam,
979 3551 1072 3631 quod
1093 3550 1213 3613 multis
1236 3551 1424 3615 laboribus

184 3658 357 3737 susceptis
373 3658 407 3719 in
424 3657 552 3719 Ducali
567 3657 703 3719 Palatio
715 3668 946 3720 consecutum
959 3657 1136 3738 perspexi,
1159 3658 1189 3719 si
1211 3675 1289 3720 rern
1305 3659 1424 3738 ipsam

184 3764 292 3844 prius,
307 3775 411 3844 prout
423 3776 524 3842 gesta
535 3764 650 3839 luerit,
664 3764 788 3843 paucis
799 3761 1013 3844 explicuero.
1028 3761 1112 3826 Post
1125 3764 1213 3826 duos
1226 3764 1317 3843 dies,
1332 3782 1423 3845 quos

183 3872 368 3935 audiendis
379 3871 660 3934 confessionibus
673 3870 803 3933 [limae.
818 3870 928 3933 Ducis
941 3869 1093 3933 filiarum
1108 3881 1142 3933 et
1155 3871 1333 3934 nobilium
1345 3888 1419 3936 mu·

184 3978 308 4041 lierum
332 3978 615 4056 famularumque
639 3987 745 4056 atque
767 3978 964 4041 aulicorum
987 3975 1028 4039 N.
1053 3977 1159 4039 Pater
1182 3978 1417 4057 consumpsit,

183 4084 317 4164 ingenti
332 4084 520 4147 devotione
535 4083 646 4146 Illma.
664 4082 747 4146 Dux
765 4083 772 4114 ¹
788 4101 869 4146 cum
886 4083 1069 4159 confessis,
1094 4083 1209 4145 tribus
1232 4085 1351 4147 sacris
1365 4101 1418 4147 ce·

184 4193 328 4256 lebratis
340 4191 530 4269 (eratenim
539 4191 744 4253 solemnitas
752 4189 958 4253 Natiuitatis
968 4188 1416 4268 Domini),Sanctissimum

184 4299 452 4363 Sacramentum
469 4298 635 4377 percepit.
655 4296 693 4359 ld
708 4307 826 4359 autem
844 4315 915 4359 non
931 4298 1065 4375 celabo,
1082 4297 1176 4377 quod
1192 4299 1416 4376 praetermis·

181 4424 260 4470 sum
275 4423 352 4467 esse
367 4406 510 4468 senties.
528 4403 771 4467 Consueuerat
788 4413 908 4467 noster
925 4403 1042 4483 Pater,
1061 4403 1260 4482 praemissa
1279 4405 1411 4467 concio·

187 4566 331 4575 ..η-...-
341 4566 386 4573 —..

223 4647 231 4678 ¹
262 4645 370 4693 Renata.
379 4644 517 4687 Ferrariae
529 4643 649 4687 Ducissa.
662 4643 727 4686 Vile
742 4644 853 4686 Ponam
865 4644 967 4693 cleron..
978 4655 996 4689 t.
1007 4657 1040 4699 tv,
1052 4657 1076 4689 n.
1089 4646 1137 4689 lll’.
