3210 5392
605 427 608 432 Δ
643 399 707 456 Ar.
730 396 797 456 1554
1306 399 1342 455 47

167 542 266 605 Altro
282 543 347 606 che
362 542 408 606 de
427 542 463 606 19
478 541 585 624 [anni]
603 545 637 606 in
654 561 722 623 qua
738 561 799 607 era
815 543 955 624 priuato
967 544 1023 606 del
1035 561 1127 623 pane
1145 545 1236 607 della
1252 544 1339 618 vita,

100 652 184 712 anzi
198 651 268 712 mai
284 652 305 712 l’
322 649 463 714 haueua
478 662 633 730 gustate,
651 654 678 714 s'
702 651 748 713 ha
768 650 908 714 redotto
923 669 984 731 per
1000 669 1088 714 vera
1109 651 1302 730 penitentia
1318 670 1339 714 a

103 766 250 834 gustare
264 767 298 819 et
314 759 493 821 recrearsi
505 758 538 821 d'
558 775 637 820 esso
653 775 720 820 con
735 758 843 821 molto
858 756 967 821 frutto
983 757 1049 819 del'
1067 758 1185 820 anima
1200 775 1276 821 sua.

166 863 234 926 Vn’
252 866 343 927 altro
360 882 505 934 ancora⁸
523 865 588 927 che
600 881 702 927 como
718 865 900 944 giumento
915 873 1005 927 tutta
1017 866 1052 926 la
1067 864 1142 927 vita
1154 882 1218 927 sua
1234 865 1339 928 delet·

106 971 243 1034 tandosi
265 974 321 1034 nel
341 971 506 1049 mangiar
518 971 598 1034 delli
614 972 725 1051 porci,
742 988 814 1034 non
829 988 867 1034 se
882 988 1015 1034 curaua
1031 969 1073 1034 de
1088 972 1251 1051 mangiar
1268 974 1338 1035 alla

106 1079 223 1141 tauola
246 1078 302 1141 del
324 1076 475 1158 Signore
498 1095 566 1142 con
585 1079 609 1140 li
628 1078 709 1142 altri
735 1078 903 1154 huomini,
927 1079 1148 1157 ragioneuoli
1163 1090 1337 1157 creature,

102 1187 134 1246 s’
149 1185 194 1247 ha
211 1185 351 1248 redutto
366 1203 430 1265 per
445 1202 544 1248 mezo
559 1185 592 1247 d’
611 1203 658 1247 un
675 1184 788 1248 Padre
805 1183 1054 1248 aconfessarsi
1070 1195 1104 1248 et
1121 1185 1275 1248 ritornar
1292 1186 1337 1248 ad

104 1308 202 1354 esser
217 1292 391 1372 participe
403 1292 495 1355 della
507 1309 630 1354 mensa
646 1292 776 1355 diuina.

144 1398 212 1461 Vn’
228 1400 331 1474 altr0‚
350 1398 416 1462 che
430 1399 569 1461 haueua
583 1397 625 1461 30
639 1399 722 1461 anni
735 1399 802 1461 che
818 1400 1105 1463 continuamente
1117 1416 1178 1462 era
1194 1409 1287 1462 stato
1303 1399 1338 1461 in

103 1504 285 1585 desgratia
301 1505 359 1568 del
373 1504 524 1585 signore
536 1505 635 1569 Iddio
650 1523 717 1569 con
733 1516 833 1569 tener
844 1507 878 1568 la
894 1505 1106 1584 concubina,
1124 1505 1152 1568 s'
1162 1505 1208 1568 ha
1223 1506 1340 1569 redot-

105 1620 140 1674 ιο
154 1629 175 1674 a
191 1612 357 1692 pigliarla
372 1629 436 1692 per
450 1613 580 1693 moglie
594 1624 629 1676 et
644 1613 700 1676 sar
714 1614 790 1676 vita
806 1612 1012 1676 christiana.

164 1717 233 1782 Vn’
249 1720 353 1797 altr0‚
370 1720 436 1783 che
447 1737 509 1783 era
525 1729 617 1783 stato
636 1719 673 1782 14
687 1721 771 1783 anni
786 1720 1055 1798 concubinario,
1067 1723 1095 1783 s'
1114 1720 1158 1783 ha
1171 1721 1337 1783 maritato

105 1837 139 1888 et
152 1827 383 1889 reconciliato
408 1827 464 1889 col
483 1825 634 1906 Signore
649 1844 711 1907 per
728 1844 847 1890 mezzo
870 1826 961 1890 della
983 1826 1217 1905 consessione;
1238 1829 1337 1890 molti

109 1933 195 2011 altri,
211 1933 235 1995 li
247 1934 343 2013 quali
351 1933 499 2011 daduoi,
510 1944 574 2011 tre,
588 1945 725 2013 quarm,
740 1935 855 2012 cinc0,
867 1935 929 2011 sei,
940 1950 1043 2011 noue,
1058 1934 1150 1998 dieci
1161 1935 1257 2011 anni,
1271 1935 1336 1998 che

108 2057 168 2118 per
181 2040 314 2103 diuersi
329 2041 433 2119 graui
448 2040 587 2120 peccati
601 2041 627 2103 s'
644 2058 753 2104 erano
769 2042 974 2103 alontanato
990 2041 1082 2103 della
1097 2040 1333 2119 consessione,

110 2147 138 2208 si
151 2164 262 2210 sonno
277 2165 340 2227 per
356 2149 389 2209 la
403 2147 502 2211 Iddio
516 2147 633 2226 gratia
650 2147 834 2225 accostati‚
852 2148 948 2227 quali
961 2165 1030 2210 con
1042 2146 1263 2211 edificatione
1278 2148 1336 2211 del

110 2255 277 2332 prossimo
289 2263 324 2317 et
339 2255 433 2317 buon
447 2254 556 2317 odore
570 2271 822 2334 perseuerano.

165 2359 296 2441 Questa
311 2362 586 2442 quadragesima
600 2371 747 2441 passata
762 2365 790 2424 s'
807 2362 853 2425 ha
869 2370 1002 2425 attesso
1019 2380 1040 2425 a
1055 2361 1221 2442 predicar
1237 2363 1272 2426 in
1288 2364 1334 2425 al·

111 2468 184 2530 cuni
198 2467 406 2531 monasterii
420 2468 464 2531 de
477 2468 650 2531 monache
664 2478 698 2531 et
714 2468 822 2532 etiam
837 2468 927 2531 nelle
952 2469 1089 2532 carceri
1109 2470 1335 2549 procurando

112 2573 169 2637 che
182 2591 219 2637 se
234 2573 507 2638 consessasseno
519 2575 542 2636 li
557 2575 743 2652 carcerati,
758 2574 794 2636 di
808 2575 874 2637 che
889 2575 918 2637 si
934 2591 1046 2639 sonno
1057 2575 1232 2638 consolati
1248 2579 1333 2639 mol·

114 2691 144 2741 te
156 2682 279 2744 anime.

164 2787 257 2852 Nelle
273 2789 393 2852 schole
409 2788 522 2852 anche
539 2807 602 2868 per
616 2788 734 2867 gratia
750 2788 806 2851 del
821 2787 973 2868 Signore
989 2789 1018 2850 si
1035 2789 1202 2851 continua
1216 2790 1239 2852 il
1250 2790 1335 2853 frut-

117 2901 146 2954 to
158 2894 234 2959 delli
248 2896 403 2959 scholari
419 2905 517 2959 tanto
533 2897 623 2958 nelle
638 2897 772 2971 lettere,
789 2906 921 2974 quanto
937 2895 1018 2958 nelli
1040 2895 1148 2958 buoni
1168 2897 1331 2975 costumi;

120 2999 287 3066 ilnurnero
303 3008 386 3066 sara
397 3002 443 3066 fin
461 3021 482 3065 a
496 3001 568 3066 300.

166 3107 200 3172 In
213 3126 300 3173 casa
313 3110 426 3173 siamo
441 3109 488 3173 fin
503 3128 524 3172 a
538 3109 589 3186 37,
607 3119 642 3172 et
658 3109 738 3171 tutti
753 3125 817 3188 per
831 3109 949 3187 gratia
965 3110 1022 3172 del
1033 3108 1185 3189 signore
1201 3111 1231 3173 si
1247 3110 1334 3174 ssor-

119 3231 192 3279 zano
202 3217 236 3280 in
250 3216 362 3279 undar
375 3217 494 3280 inanzi
507 3218 564 3279 nel
578 3216 736 3295 servigio
755 3216 790 3279 di
806 3214 886 3294 Dio,
903 3224 936 3278 et
960 3216 983 3279 il
1005 3217 1099 3279 buon
1115 3217 1224 3281 odore
1240 3218 1331 3281 della

117 3319 322 3404 Compagnia
337 3340 476 3404 sempre
490 3323 562 3386 mai
576 3323 637 3402 piu
652 3325 679 3384 s'
698 3340 856 3403 esparze,
874 3332 907 3385 et
930 3324 989 3403 ρίι]
1014 3325 1044 3386 si
1062 3324 1149 3387 uede
1165 3325 1230 3387 che
1253 3325 1333 3389 sisa

119 3425 218 3492 srutto.
242 3430 287 3493 Di
304 3438 393 3493 tutto
413 3430 465 3492 sia
488 3446 627 3509 sempre
649 3441 683 3492 et
710 3429 964 3492 infinitamente
988 3430 1106 3493 lodato
1121 3429 1204 3512 Jesu
1225 3430 1330 3495 Chr0.

119 3530 150 3595 N.
163 3535 206 3613 S.‚
222 3539 279 3601 ch'
296 3554 405 3618 opera
421 3537 557 3614 iltut10‚
575 3545 608 3599 et
624 3542 643 3599 ε
660 3537 808 3599 authore
824 3536 856 3598 d’
875 3537 958 3615 ogni
974 3537 1074 3600 bene.
1093 3537 1219 3600 Amen.

162 3643 202 3708 Di
215 3645 379 3708 Palermo
394 3646 516 3708 ultimo
531 3644 566 3707 di
582 3644 710 3708 Giunio
729 3643 816 3705 1554.

340 3751 394 3814 De
410 3751 453 3814 V.
471 3750 509 3812 P.
522 3767 626 3814 seruo
642 3752 677 3813 in
692 3750 775 3832 Jesu
791 3750 865 3827 X.⁰,

654 3909 700 3973 Io.
723 3910 936 3973 Hffinorrvrro
958 3908 1167 3973 Dorffirrsscfl.

160 4178 437 4258 superscriptio:
453 4181 472 4251 †
490 4178 536 4241 Al
552 4194 637 4257 muy
653 4178 714 4239 R.d
748 4195 791 4240 en
810 4176 951 4240 Christo
964 4174 1019 4237 P.e
1034 4177 1066 4238 el
1077 4175 1132 4238 Ρ.ε
1149 4176 1214 4239 M.⁰
1228 4176 1330 4255 Igna·

110 4283 156 4344 cio
173 4285 213 4346 de
228 4284 377 4364 Loyola‚
397 4284 582 4364 Preposito
597 4285 742 4363 general
768 4283 810 4346 de
830 4285 864 4345 la
885 4282 1082 4362 Compania
1103 4283 1147 4346 de
1165 4283 1270 4365 Jesus
1285 4301 1330 4347 en

110 4385 219 4454 Roma.

157 4498 238 4560 Alia
253 4515 374 4560 manu.
388 4497 475 4561 1554.
489 4498 645 4561 Messina
657 4497 753 4576 (sle),
767 4498 848 4561 ult-⁰
868 4498 903 4561 di
916 4497 1072 4577 Giugno.

159 4605 276 4669 Manet
291 4605 490 4684 vestigium
505 4623 605 4669 cerae.
618 4606 747 4668 rubrae
762 4604 892 4683 sigilli.
