3210 5392
181 428 239 487 112
572 429 1029 499 errnuanonnnmuasrans

179 577 225 640 si.
248 574 338 657 Ipsis
359 574 456 638 seriis
477 574 705 640 Pentecostes
723 576 760 639 in
779 575 918 640 duobus
936 576 1053 658 pagis,
1074 576 1111 640 in
1130 576 1285 641 dioecesi
1308 574 1421 641 Seno-

180 683 285 747 'nensi
300 682 389 760 sitiS,
406 681 596 745 conciones
610 682 718 747 habui
733 698 815 746 curn
828 682 945 746 fructu
961 683 1160 747 animarum
1173 683 1344 764 uberiori,
1357 685 1422 766 qui

183 790 261 854 Deo
281 788 418 853 auctori
438 797 608 868 acceptus
627 787 774 852 feratur.
798 787 1014 853 Procurator
1039 790 1216 870 generalis
1235 788 1349 871 Regis
1367 800 1420 854 at·

180 914 252 977 que
274 896 471 960 aduocatus
492 893 627 974 Regius
641 895 843 959 iudicarunt
855 895 1015 976 auspicia
1037 896 1247 960 concionum
1268 897 1306 960 in
1329 897 1420 962 aede

181 1002 267 1066 Diui
290 1001 441 1067 Cosmae
461 1002 564 1083 (quae
589 1010 710 1065 nostra
731 1010 784 1065 est
808 1002 987 1081 paroecia)
1008 1003 1111 1067 nobis
1130 1002 1294 1067 iacienda
1323 1020 1417 1083 esse3

180 1109 247 1173 sed
261 1108 345 1173 dum
364 1109 523 1173 animum
541 1108 710 1190 Episcopi
730 1125 750 1170 a
773 1108 876 1172 nobis
897 1109 1151 1173 alienissimum
1167 1110 1418 1190 intelligerent.

185 1218 341 1281 animum
356 1225 462 1297 atque
476 1215 642 1279 affectum
663 1214 886 1295 remiserunt,
908 1233 950 1278 ac
970 1216 1077 1281 modo
1099 1217 1214 1280 silent.
1236 1216 1344 1281 Certe
1359 1218 1419 1283 do·

183 1341 250 1388 nec
265 1323 424 1387 serenior
447 1339 536 1385 aura
550 1323 652 1385 nobis
673 1321 852 1402 affulgeat,
868 1322 932 1385 vix
953 1339 1036 1402 spes
1054 1323 1225 1387 relucebit
1239 1323 1419 1387 uberioris

182 1432 321 1495 fructus
340 1439 401 1494 aut
420 1429 627 1493 incrementi
647 1428 846 1509 Societatis;
868 1447 953 1493 nam
971 1439 1144 1510 quantum
1163 1430 1328 1511 exemplo
1345 1447 1417 1495 mo·

183 1547 314 1603 uentur
326 1547 450 1601 nostro
464 1535 510 1600 ad
524 1537 690 1617 pietatem
706 1547 740 1600 et
761 1534 989 1617 perfectionis
1009 1536 1177 1616 studium,
1198 1545 1340 1601 tanturn
1361 1555 1416 1600 ca·

181 1646 327 1709 lumniis
352 1645 534 1708 hominum
554 1645 776 1708 deterrentur
798 1644 843 1708 ab
861 1644 1011 1708 instituti
1032 1645 1145 1708 nostri
1164 1645 1321 1725 sequela.
1339 1643 1418 1709 Non

175 1753 290 1816 ueriti
312 1762 393 1815 suut
411 1750 554 1832 quidam
574 1751 611 1813 in
630 1750 771 1831 publica
787 1767 910 1814 mensa
929 1748 1124 1814 Sorbonica
1144 1768 1212 1815 nos
1238 1753 1419 1832 appellare

184 1860 287 1938 regni
301 1861 556 1938 exploratores,
572 1856 666 1938 quod
680 1858 839 1922 nonnulli
854 1866 973 1921 essent
994 1858 1168 1935 extranei,
1184 1876 1323 1940 nosque
1338 1876 1420 1923 cen·

182 1984 287 2031 suere
302 1967 437 2029 alienos
452 1965 549 2029 ciues
563 1981 730 2044 grauate,
747 1964 842 2044 quod
857 1966 1102 2045 eleemosynas
1122 1965 1166 2028 ab
1187 1964 1421 2030 offerentibus

182 2075 416 2156 excipiamus,
439 2071 590 2151 Quidam
613 2071 750 2134 Doctor
775 2071 810 2134 in
835 2072 978 2151 templo,
1004 2072 1041 2134 in
1064 2071 1206 2152 publico
1232 2049 1419 2138 hominum

182 2190 373 2260 conuentu,
391 2179 474 2243 dum
491 2196 536 2242 ex
551 2178 771 2258 praescripto
786 2176 922 2241 Decani
942 2177 1172 2258 diplomatum
1187 2180 1420 2244 examinatio·

184 2292 221 2354 ni
237 2289 407 2352 interesse
421 2294 622 2367 rogaretur,
639 2301 701 2364 per
721 2283 892 2347 famulum
907 2284 1033 2348 domus
1053 2295 1197 2349 nostrae
1215 2288 1421 2368 procaciter

182 2393 512 2460 stomachabundus
526 2391 751 2455 exclamauit:
773 2390 860 2454 “Par
881 2400 1002 2455 nostre
1021 2393 1125 2456 dame
1146 2411 1194 2457 on
1207 2410 1300 2457 vous
1315 2394 1421 2459 debu·

185 2503 255 2567 roit
269 2511 348 2566 tous
357 2501 499 2564 'donner
512 2501 544 2562 le
558 2497 642 2577 foet,
660 2506 695 2561 et
710 2499 855 2562 chasser
870 2499 913 2562 de
924 2499 958 2561 la
972 2500 1067 2562 ville.
1085 2499 1203 2580 Voyla
1219 2518 1302 2564 mon
1319 2502 1423 2566 aduis

183 2628 255 2690 que
266 2608 300 2689 je
316 2609 500 2688 donneray
515 2604 557 2685 ¹.„

246 2715 342 2780 Idem
358 2732 423 2778 nos
437 2722 543 2778 antea
564 2714 703 2777 adunco
725 2730 813 2776 naso
835 2712 1068 2793 suspenderat
1087 2714 1156 2777 hac
1176 2715 1423 2783 subsannatio

184 2841 243 2887 ne:
262 2822 396 2903 “Voyla
416 2840 485 2884 vne
507 2821 596 2884 belle
616 2819 792 2900 Religion,
809 2814 878 2884 une
900 2821 990 2883 belle
1008 2820 1204 2900 Religion,
1221 2821 1355 2888 Mirum
1369 2837 1425 2890 est

185 2939 357 3011 quantum
378 2930 556 3012 patiamur
577 2928 765 2991 occasione
784 2927 948 3006 nominiS,
965 2945 1035 3009 quo
1057 2925 1245 2993 Societatis
1267 2932 1425 2997 nominis

183 3038 270 3120 jesu
285 3038 516 3117 appellamur,
529 3035 705 3116 plerisque
716 3035 945 3113 arrogantiae
956 3034 992 3099 id
1003 3034 1249 3099 tribuentibus.
1267 3036 1424 3116 Quidam

186 3145 482 3220 nomenclatores
503 3141 659 3225 Jesuitas
678 3158 743 3204 nos
765 3142 958 3220 nominant,
974 3141 1159 3205 breuitatis
1174 3153 1366 3223 praetextu
1385 3163 1425 3210 se

184 3250 426 3313 defendentes.
442 3248 564 3329 ltaque
582 3248 734 3329 vndique
750 3249 845 3312 omni
865 3248 978 3311 dicaci
994 3248 1116 3328 lingua
1131 3250 1422 3331 perstringimur.

185 3356 293 3420 Faxit
310 3356 416 3440 Jesus
430 3354 602 3434 Christus,
620 3365 658 3418 vt
679 3355 724 3419 ad
745 3355 951 3435 obsequium
966 3356 1107 3418 diuinae
1123 3356 1321 3421 maiestatis
1335 3375 1426 3423 suae

187 3463 348 3526 serenior
361 3480 450 3526 aura
465 3463 567 3526 nobis
582 3462 726 3525 tandem
747 3463 890 3544 aspiret.
907 3461 1099 3525 Precamur
1120 3479 1191 3526 vno
1206 3481 1268 3527 ore
1283 3481 1424 3545 omnes,

187 3580 227 3633 vt
248 3569 371 3650 optimi
388 3569 457 3633 Dei
480 3568 681 3648 benignitas
703 3568 956 3632 Paternitatem
982 3578 1079 3632 tuam
1098 3569 1200 3632 nobis
1221 3570 1281 3635 diu
1301 3583 1424 3637 seruet

185 3678 412 3756 incolumem,
430 3693 535 3756 quam
551 3676 789 3755 obsecramus,
806 3684 846 3738 vt
860 3693 925 3739 nos
941 3676 1104 3755 precibus
1116 3676 1240 3741 iuuare
1254 3677 1425 3759 dignetur

190 3783 301 3847 variis
316 3783 494 3847 aerumnis
510 3783 675 3862 agitatos.
1453 3784 1456 3790 ’

168 3882 173 3889 ’
249 3889 422 3969 Lutetiae,
440 3889 605 3954 Calendis
619 3888 836 3970 Septembris
853 3890 941 3953 1554.

249 3998 304 4061 Ex
318 3997 466 4078 imperio
482 3995 552 4059 ΚΜ
564 3994 680 4059 Patris
693 3995 890 4077 Praepositi
903 3996 1066 4077 Magistri
1078 3997 1264 4063 Paschasii
1274 3999 1425 4067 Broetii.

167 4094 170 4103 ’
250 4102 349 4167 R.dae
361 4104 404 4179 P.
417 4115 497 4167 tuae
513 4104 850 4184 obsequentissimus
865 4105 968 4185 filiuS,

837 4316 1023 4382 Ronnnrus
1045 4319 1301 4389 Cunussourus·

233 4595 241 4629 ¹
269 4596 319 4640 Per
329 4595 358 4641 B.
370 4594 506 4651 Virginem
516 4602 648 4652 oporteret
658 4608 705 4641 voe
715 4608 802 4645 omnes
817 4598 928 4654 flagellis
943 4599 1052 4642 caedere
1068 4605 1094 4643 et
1111 4612 1142 4645 ex
1156 4602 1220 4646 urbe
1236 4601 1340 4658 elicere:
1359 4604 1428 4652 bace

188 4676 231 4712 cst
242 4679 299 4712 mea
309 4669 439 4712 sententia
449 4680 526 4723 quam
537 4670 638 4714 laturus
648 4680 712 4714 sum.
724 4668 863 4726 Potnucns,
874 4672 892 4715 l.
903 4682 934 4725 c..
944 4682 1004 4725 pag.
1016 4670 1065 4725 32³,
1081 4683 1106 4716 n.
1116 4671 1164 4716 692.
1304 4673 1308 4681 '
