3210 5392
593 1076 845 1160 OCOXLIV

189 1412 315 1484 Nicolaus
328 1426 501 1495 Bellefille‚

213 1515 500 1584 &commissione
514 1526 624 1585 Patris
639 1528 808 1588 Paschasii
822 1528 935 1600 Broet,

240 1618 320 1681 Patri
332 1622 463 1697 ignatio
476 1624 518 1683 de
531 1624 670 1698 Loyola.

266 1719 399 1780 Parisiis
412 1721 430 1780 2
442 1722 592 1795 Januarii
607 1725 677 1784 1555
690 1726 710 1784 ¹.

663 1930 767 2012 Jesus

186 2135 286 2205 Gratia
307 2152 342 2207 et
364 2160 436 2223 pax
459 2143 602 2207 Domini
622 2144 735 2206 nostri
756 2143 839 2225 Jesu
863 2141 995 2207 Christi
1017 2144 1062 2206 sit
1088 2160 1226 2224 semper
1250 2161 1332 2207 cum

128 2241 267 2312 0111ribus
280 2250 395 2313 nobis.
412 2249 539 2314 Amen.

181 2349 269 2431 Juxta
283 2368 537 2420 sacrosanctae
552 2356 771 2419 obedientiae
793 2356 1015 2436 praescripta
1036 2355 1133 2435 (R.de
1159 2365 1193 2420 et
1214 2358 1333 2421 obser·

119 2453 317 2527 llaudissime
329 2462 459 2542 Pater),
473 2480 606 2542 eorum,
624 2463 765 2543 quaein
781 2462 1009 2526 celeberrima
1024 2463 1238 2543 parisiorum
1253 2481 1331 2526 aca-

115 2547 221 2631 demta
234 2587 253 2632 a
267 2571 372 2633 nobis
390 2579 492 2650 gesta
508 2578 606 2648 sunt,
629 2568 734 2633 Ram
752 2567 1006 2632 Paternitatem
1026 2580 1124 2632 tuam
1145 2571 1333 2633 certiorem

110 2668 259 2756 reddere,
275 2687 409 2757 quanta
425 2677 619 2755 poterimus
639 2676 812 2738 breuitate
832 2676 1053 2739 conabimur:
1079 2694 1169 2757 quae
1189 2677 1333 2740 leuioris

109 2758 241 2846 illterim
255 2784 422 2847 videntur
437 2784 604 2847 momenti
616 2782 754 2845 silentio
766 2791 1046 2862 praetereuntes,
1062 2782 1105 2845 ab
1117 2783 1204 2863 ipsis
1217 2784 1331 2847 dome·

103 2875 203 2950 Sticis
214 2891 456 2954 narrationem
467 2888 722 2968 inchoabimus,
739 2905 901 2968 quorum,
919 2889 1081 2968 quamuis
1099 2900 1272 2968 angustus
1285 2891 1331 2953 sit

102 2985 284 3075 nlluterus,
307 3013 374 3059 nec
393 2997 441 3059 ita
461 3006 645 3059 accrescat
665 3006 704 3058 vt
725 2995 803 3057 aliis
820 2995 855 3057 in
877 2995 981 3073 locis,
1002 2996 1037 3057 in
1058 2995 1183 3076 quibus
1206 3013 1329 3059 omnes

97 3089 236 3168 Sullimo
251 3104 368 3168 studio
384 3103 583 3166 institutum
598 3111 759 3165 nostrum
771 3102 1002 3181 comprobant
1015 3113 1048 3165 et
1065 3105 1326 3182 amplexantur,

93 3198 222 3273 <forum
236 3221 356 3274 tamen
372 3209 465 3273 bona
476 3209 623 3287 indoles,
642 3209 799 3288 probitas
815 3226 857 3270 ac
877 3209 1069 3291 modestia,
1092 3227 1163 3272 non
1177 3210 1327 3289 exiguos

91 3302 308 3380 pollicentur
322 3316 472 3394 fructus,
487 3325 526 3378 vt
542 3316 602 3396 qui
616 3315 699 3378 totis
715 3316 851 3377 viribus
864 3315 991 3395 dignos
1006 3325 1040 3378 et
1053 3333 1157 3395 pares
1169 3333 1254 3380 suae
1269 3335 1330 3378 vo-

89 3410 336 3488 eationislieri
351 3423 578 3500 contendant,
596 3440 674 3485 eam
689 3439 855 3502 namque,
874 3439 965 3501 quae
977 3423 1149 3485 virtutum
1161 3425 1330 3502 omnium,

90 3515 321 3595 potissimum
336 3541 455 3593 autem
470 3530 578 3592 totius
593 3529 787 3607 religionis
809 3528 1076 3591 fundamentum
1091 3540 1144 3592 est
1161 3547 1203 3593 ac
1219 3532 1326 3605 basis,

84 3615 347 3715 Obedientiam,
359 3647 541 3716 tamquam
550 3654 673 3698 veram
686 3646 835 3698 matrem
846 3637 967 3698 colunt
976 3646 1011 3698 et
1022 3648 1249 3716 venerantur;
1260 3656 1330 3718 quo

87 3711 135 3786 fit
151 3751 193 3806 vt
207 3744 243 3807 in
257 3744 448 3807 virtutibus
463 3753 497 3806 et
509 3744 707 3806 litterarum
720 3743 835 3805 studio
849 3759 989 3805 omnem
1001 3760 1101 3822 spem
1113 3746 1328 3824 expectatio·

82 3833 250 3929 neltaque
263 3852 369 3929 longe
385 3858 563 3930 superent,
580 3866 730 3929 quorum
746 3849 852 3911 etiam
867 3847 1016 3912 honesta
1030 3851 1254 3914 conuersatio
1271 3851 1330 3913 ad·

80 3937 342 4020 uersariorum
356 3966 559 4036 compescat
574 3974 649 4034 ora,
666 3974 687 4018 a
702 3943 799 4019 uitiis
812 3956 900 4019 alios
912 3957 1065 4019 deterret
1077 3966 1111 4020 et
1123 3957 1168 4019 ad
1180 3958 1329 4022 meliora

76 4045 241 4142 Dellicit,
257 4073 292 4127 et
306 4063 470 4143 quamuis
489 4064 658 4126 exteriori
679 4065 775 4126 cultu
798 4081 819 4125 a
840 4064 1086 4125 saecularibus
1108 4081 1179 4126 non
1201 4065 1330 4128 discre-

74 4150 197 4247 pent,
212 4186 333 4232 eorum
345 4178 464 4233 tamen
476 4170 622 4233 interior
635 4179 783 4233 ornatus
795 4170 891 4250 ipsos
904 4169 1008 4232 facile
1024 4188 1045 4232 a
1058 4171 1209 4233 caeteris
1222 4172 1331 4234 omni-

73 4238 165 4331 bus
182 4275 356 4341 discernit.
374 4275 427 4340 Ita
442 4277 585 4340 enimin
600 4278 651 4340 eis
666 4278 786 4341 diuina
803 4279 936 4340 relucet
950 4278 1080 4357 gratia,
1098 4287 1137 4340 vt
1153 4279 1330 4342 neminem

73 4348 212 4446 latere
226 4385 336 4465 possit
351 4404 372 4449 a
388 4402 457 4465 quo
473 4393 703 4465 praeceptore
718 4384 961 4447 instituantur.

74 4506 311 4555 &-

135 4609 147 4642 ¹
188 4618 374 4684 autographae,
387 4630 419 4673 ab
430 4628 485 4683 lpso
495 4626 603 4672 Nicolao
614 4625 987 4681 81111111111111111111,111101111
998 4626 1066 4680 folio,
1077 4627 1150 4671 11319
1161 4626 1200 4672 bis
1208 4629 1330 4683 repetito.
