3240 5386
702 410 767 469 Au.
791 410 859 469 luat
1341 408 1395 468 127

153 558 194 620 in
206 558 299 620 hanc
311 557 495 621 ciuitatem
510 556 717 636 adduxerat,
736 565 773 619 ut
788 574 868 620 cam
886 556 922 619 in
938 557 1087 619 honesto
1102 558 1182 619 loco
1197 557 1390 619 collocaret

154 674 192 726 ct
206 665 282 744 ipse
295 681 316 727 e
327 663 472 727 ciuitate
483 662 692 741 discederet,
710 663 775 726 fuit
790 680 991 743 persuasus.
1009 663 1082 727 Nec
1096 662 1303 726 sacerdotes
1315 674 1392 726 tan-

157 783 233 832 tum
259 780 342 833 sunt
366 770 510 833 vtilitati
534 771 778 851 proximorum
803 771 941 848 intenti,
969 788 1052 833 nam
1080 769 1211 833 fratres
1240 787 1394 849 quoque,

154 893 267 955 quam
291 878 368 940 sine
383 877 581 941 studiorum
600 876 823 941 incommodo
850 889 1010 958 possunt,
1028 878 1064 940 in
1086 894 1128 940 eo
1149 877 1226 958 ipso
1248 876 1394 956 diligen·

156 985 246 1047 tiam
265 983 444 1047 adhibent.
467 983 546 1048 Duo
570 1001 633 1064 per
654 984 730 1047 dies
753 985 888 1064 aliquot
908 982 1170 1048 xenodochium
1194 983 1394 1063 frequenta·

153 1101 252 1169 runt,
270 1099 309 1153 ut
324 1091 538 1171 pauperibus
554 1091 595 1169 (si
619 1091 776 1172 ipsorum
792 1092 992 1172 indigerent
1013 1092 1133 1172 opera)
1154 1090 1394 1170 subuenirent,

151 1198 222 1278 qui
245 1197 436 1277 diligenter
460 1196 650 1261 admodum
675 1214 850 1279 pauperes
876 1197 1002 1278 quouis
1026 1198 1150 1261 morbo
1176 1198 1393 1277 laborantes,

156 1304 404 1367 molestiarum
415 1321 535 1381 onere,
552 1314 722 1384 quantum
734 1313 912 1384 poterant,
930 1306 1173 1382 subleuabant,
1187 1314 1221 1367 et
1238 1304 1394 1382 ipsorum

150 1411 341 1474 doloribus
357 1409 464 1491 (quod
478 1421 533 1474 est
548 1427 716 1491 magnum
732 1412 888 1491 aegrotis
903 1411 1080 1488 solatium)
1095 1427 1225 1490 magna
1241 1411 1394 1474 charita·

156 1532 194 1581 te
210 1518 528 1598 compatiebantur.
547 1517 636 1581 Cum
650 1534 736 1580 uero
752 1517 827 1581 dies
848 1518 985 1597 aliquos
1007 1517 1103 1580 domi
1117 1518 1250 1581 detenti
1267 1517 1394 1580 defuis·

152 1637 250 1702 sent,
268 1635 302 1688 et
325 1642 500 1705 pauperes
521 1643 591 1688 non
615 1625 818 1702 inuiserent,
836 1625 1024 1705 plurimum
1040 1625 1082 1688 de
1098 1625 1256 1705 ipsorum
1272 1624 1395 1687 absen-

157 1732 210 1794 tia
227 1733 548 1810 conquerebantur,
566 1741 671 1811 atque
686 1732 727 1809 is,
742 1732 799 1795 cui
811 1731 1001 1812 praecipua
1015 1731 1227 1795 xenodochii
1240 1749 1326 1794 cura
1338 1731 1395 1795 de·

159 1839 332 1901 mandata
355 1849 419 1916 est,
442 1856 564 1918 quare,
587 1849 623 1901 ut
642 1838 813 1901 haberent
833 1838 875 1901 de
896 1855 1004 1917 more,
1026 1855 1202 1919 pauperes
1217 1855 1289 1901 non
1307 1837 1395 1901 uise-

157 1955 243 2008 rent
269 1945 479 2024 inquirebat,
502 1945 634 2007 ueritus
655 1944 768 2007 bonus
788 1944 843 2007 uir
865 1944 914 2022 (ut
934 1944 1063 2022 aiebat)
1079 1962 1124 2007 ne
1144 1946 1269 2023 ipsein
1286 1961 1395 2008 causa

157 2052 300 2129 fuisset,
314 2067 395 2114 cum
409 2068 470 2113 eos
483 2050 597 2114 minus
614 2051 726 2113 amice
741 2051 945 2130 recepisset,
960 2067 1023 2113 cur
1034 2051 1142 2114 tantis
1154 2051 1255 2114 bonis
1268 2068 1396 2132 paupe·

160 2176 224 2221 res
239 2157 544 2246 defraudarentur:
562 2157 695 2220 idcirco
710 2157 838 2220 fratres
858 2166 912 2219 est
928 2157 1117 2237 plurimum
1132 2157 1343 2238 deprecatus
1358 2167 1397 2220 ut

163 2264 339 2345 quidquid
358 2266 393 2326 in
414 2264 636 2327 xenodochio
652 2264 793 2341 vellent,
817 2264 937 2341 libere,
954 2264 1048 2326 uelut
1063 2264 1099 2325 in
1114 2264 1257 2344 propria
1278 2263 1395 2340 domo,

162 2381 328 2451 agerent,
344 2372 438 2433 nulla
454 2387 515 2433 eos
530 2370 689 2449 indigere
701 2369 880 2445 facultate,
898 2371 1015 2433 omnia
1029 2388 1092 2449 per
1104 2388 1183 2433 eum
1197 2370 1261 2433 sibi
1277 2371 1394 2433 licere.

155 2479 288 2560 ltaque
304 2495 385 2541 curn
404 2487 483 2558 post
499 2495 632 2557 paucos
651 2477 729 2539 illos
750 2477 825 2540 dies
844 2487 1118 2556 reuerterentur,
1141 2478 1268 2539 mirum
1291 2494 1397 2556 quam

164 2588 181 2649 f
181 2587 275 2648 uerit
290 2585 506 2665 pauperibus
520 2583 691 2647 iocundus
707 2602 830 2647 eorum
845 2584 1029 2647 aduentus.

227 2693 297 2756 Alii
313 2692 383 2754 duo
396 2691 526 2755 fratres
539 2691 728 2754 hisdiebus
744 2708 814 2753 non
830 2709 955 2770 parum
970 2692 1198 2754 elaborarunt
1213 2702 1396 2769 conantes,

162 2817 232 2880 pro
260 2800 395 2863 uiribus
420 2814 568 2878 prauam
594 2798 783 2879 quamdam
803 2798 1093 2861 consuetudinem
1115 2799 1218 2860 huius
1244 2798 1400 2862 ciuitatis

157 2907 357 2986 extirpare.
384 2904 505 2969 Solent
527 2905 651 2968 diebus
681 2903 779 2967 festis
809 2904 1015 2968 saltationes
1040 2905 1203 2985 publicae
1228 2905 1323 2982 fieri,
1354 2905 1399 2967 ad

165 3029 259 3093 quas
274 3013 432 3093 plerique
457 3012 638 3092 utriusque
660 3029 777 3090 sexuS,
799 3012 855 3073 uel
878 3011 1119 3089 conspiciendi
1140 3012 1269 3091 gratia,
1290 3013 1346 3074 uel
1361 3028 1400 3073 se

163 3119 237 3183 illis
252 3120 360 3182 etiam
376 3118 606 3194 admiscendi,
623 3117 808 3196 accedunt;
825 3118 874 3180 ita
890 3127 939 3194 ut,
956 3135 1036 3180 cum
1052 3119 1219 3198 copiosus
1241 3118 1339 3196 satis,
1357 3135 1399 3180 ac

155 3227 245 3306 plus
257 3226 347 3288 satis
371 3227 417 3288 sit
437 3226 641 3288 saltantium
663 3242 841 3303 numerus
865 3241 994 3303 magna
1018 3225 1323 3288 circumstantium
1338 3225 1399 3287 ho·

161 3333 299 3396 minum
314 3349 447 3394 corona
462 3333 532 3394 sint
548 3332 692 3394 obsessi.
709 3321 854 3394 Fratres
870 3331 970 3411 (quos
985 3348 1097 3410 nuper
1110 3331 1194 3409 dixi)
1207 3332 1340 3410 pluries
1353 3332 1399 3396 ad

161 3456 239 3514 ρος,
258 3450 295 3501 ut
310 3439 361 3501 eis
377 3439 684 3516 concionarentur,
698 3438 828 3514 adiere,
847 3455 995 3518 quorum
1012 3447 1132 3500 tantus
1152 3438 1217 3501 fuit
1232 3439 1268 3501 in
1284 3439 1400 3502 dicen-

159 3547 213 3609 do
226 3528 347 3609 feruor
363 3556 397 3609 et
412 3545 580 3624 efficacia,
596 3557 634 3608 ut
650 3545 721 3608 iam
740 3545 901 3625 publicae
920 3546 1127 3608 saltationes
1143 3546 1285 3610 minime
1299 3547 1398 3626 fiant,

163 3670 279 3732 neque
295 3653 484 3734 quisquam
510 3669 571 3715 eas
593 3669 717 3715 rursus
733 3651 957 3715 introducere
974 3652 1112 3715 audeat.
1134 3652 1259 3716 Mulier
1281 3654 1399 3733 etiam,

164 3760 305 3839 publice
320 3760 514 3839 peccatrix,
532 3759 644 3822 estad
660 3757 850 3822 Dominum
867 3776 1056 3837 conuersa,
1073 3769 1107 3822 et
1123 3760 1228 3823 homo
1243 3760 1400 3840 quidam,

157 3867 224 3946 qui
238 3883 302 3947 per
317 3876 414 3928 totos
429 3866 552 3929 decern
576 3884 688 3929 annos
703 3865 887 3929 confessus
903 3875 1052 3946 peccata
1068 3884 1137 3928 non
1154 3866 1279 3944 fuerat,
1299 3867 1401 3929 timo·

162 3973 414 4053 reperculsus,
434 3971 691 4035 confessarium
713 3973 807 4035 illico
831 3973 1036 4052 postulauit:
1064 3990 1187 4035 uerum
1208 3990 1314 4052 quum
1330 3992 1402 4037 non

161 4080 254 4143 satis
269 4089 344 4142 tarn
354 4079 463 4159 longo
478 4088 635 4160 tempore
650 4078 746 4142 facta
762 4088 880 4158 posset
898 4079 946 4141 ita
967 4078 1117 4142 faciliter
1140 4080 1175 4141 in
1191 4080 1400 4143 memoriam

160 4203 351 4263 reuocare,
378 4185 468 4248 alius
493 4186 525 4248 ei
547 4185 760 4249 confessioni
776 4184 890 4249 dictus
914 4197 966 4248 est
990 4184 1075 4248 dies.
1092 4184 1172 4248 Duo
1189 4185 1248 4248 alii
1271 4195 1400 4250 octauo

157 4311 306 4373 qnoque
332 4292 389 4355 die
409 4310 537 4372 pueros
562 4292 763 4356 doctrinam
787 4292 1017 4356 christianam
1041 4293 1201 4370 edocent,
1227 4293 1271 4356 ad
1293 4311 1402 4374 quam

162 4400 324 4481 plerique
338 4399 440 4480 pueri
454 4399 610 4479 ueniunt,
632 4401 741 4463 multo
762 4410 880 4462 tamen
902 4402 1020 4480 plures
1042 4401 1216 4478 venirent,
1237 4400 1398 4480 proinde·

160 4525 234 4588 que
249 4507 386 4570 fructus
401 4516 494 4569 esset
511 4507 663 4585 uberior,
685 4507 715 4569 si
735 4507 885 4569 ecclesia
907 4518 1030 4569 nostra
1052 4507 1195 4569 tandem
1212 4506 1400 4586 perficere-

160 4625 235 4677 tur.
252 4612 459 4695 SperamuS,
476 4613 551 4676 Rae
575 4613 692 4692 Pater,
716 4614 845 4677 isthinc
868 4613 951 4677 huic
967 4614 1191 4677 incommodo
1206 4615 1401 4679 remedium
