3210 5392
694 106 756 164 ΑΝ.
779 106 848 163 1555
1330 109 1385 165 147

137 255 247 327 pana
264 250 285 328 ¹,
309 261 408 312 entre
430 263 528 313 otros
547 252 682 329 modos,
708 269 776 331 que
799 269 843 313 en
865 252 898 313 la
916 253 1076 314 consulta
1097 253 1148 314 les
1171 251 1305 330 dieron,
1322 253 1382 315 sue

134 373 217 435 que
233 374 272 420 se
286 357 478 420 siruiessen
494 357 537 419 de
553 366 659 435 gente
674 358 717 420 de
732 359 765 419 la
782 357 977 436 Compafiia
999 358 1042 420 de
1062 358 1177 439 JestiS,
1202 359 1380 437 poniendo

133 464 300 527 muchos
315 463 425 528 detlos
439 481 527 544 para
539 464 593 527 los
604 465 750 528 instruit
762 483 786 544 y
799 470 963 543 ensenar,
977 484 1000 544 y
1012 482 1079 544 que
1094 467 1126 527 el
1141 463 1253 529 Senos
1270 465 1380 543 Arco-

133 570 252 650 bispo
268 571 312 634 de
328 570 501 634 Valencia
517 573 588 634 assi
601 572 636 633 10
651 572 748 634 tenia
763 571 1018 649 determinado,
1035 571 1078 634 de
1097 572 1195 652 pedir
1215 581 1321 652 gente
1337 572 1381 635 de

132 678 178 740 la
197 675 401 757 Compama
416 695 504 758 para
520 677 623 741 dicho
638 679 800 757 negocio.

207 785 265 849 La
279 783 494 848 Sanctisima
510 784 679 848 Trinidad
694 803 755 848 sea
778 802 823 848 en
842 787 873 848 el
892 786 1011 850 anima
1032 787 1074 849 de
1089 785 1245 849 Vuestra
1261 785 1381 848 Pater-

129 891 275 956 nidad.

208 996 269 1062 De
284 997 438 1073 Gaudia,
455 1000 487 1062 el
501 1000 657 1079 primero
673 1000 716 1062 de
730 999 838 1080 Mayo
859 1000 945 1062 1555.

477 1105 531 1169 De
546 1104 592 1168 V.
607 1105 644 1168 P.
663 1107 780 1169 sieruo
797 1125 841 1169 en
856 1107 1088 1189 JesuchristO,

840 1320 999 1385 Auromo
1014 1321 1226 1386 Coauasses.

207 1640 485 1721 Superscrt'ptt'o
506 1641 544 1703 in
559 1646 690 1720 quarta
701 1641 858 1720 pagina:
872 1643 894 1713 †
912 1639 959 1704 Al
980 1658 1063 1721 muy
1079 1638 1156 1703 R.<¹⁰
1171 1658 1214 1703 en
1239 1640 1383 1705 Christo

125 1735 274 1811 Padre
298 1749 330 1810 el
349 1747 388 1810 P.
409 1748 501 1811 M.tre
519 1747 664 1828 Ignacio
686 1747 729 1809 de
747 1747 884 1827 Loyola
910 1747 1093 1829 Preposito
1114 1748 1267 1812 General
1288 1748 1331 1811 de
1351 1751 1386 1810 ia

122 1841 354 1935 Compama
370 1855 413 1918 de
427 1854 535 1931 Iesus,
553 1853 678 1918 Roma.

212 1961 303 2025 Alia
318 1979 440 2025 ntanu.
459 1961 547 2024 1555.
564 1959 999 2041 Gaudia-Quadrimestre
1015 1962 1070 2025 del
1087 1963 1240 2043 maggio.

294 2598 509 2643 Praecedentium
520 2599 607 2643 Patris
618 2601 722 2644 Antonii
735 2599 861 2644 Cordeses
872 2601 1021 2644 litterarum
1032 2601 1114 2644 latina
1125 2599 1211 2643 versio
1222 2600 1244 2642 ².

724 2841 827 2977 Jesus

223 3131 430 3200 Reuerende
447 3138 483 3200 in
498 3135 639 3201 Christo
654 3136 770 3200 Pater.

226 3241 350 3308 Gratia
374 3253 409 3307 et
435 3261 507 3324 pax
532 3243 675 3308 Domini
700 3243 813 3306 nostri
841 3243 929 3325 Jesu
956 3243 1088 3306 Christi
1115 3243 1160 3305 sit
1189 3260 1329 3323 semper
1353 3245 1390 3308 in

92 3329 338 3415 0tnnibus.

225 3455 274 3520 Vt
297 3459 454 3522 breuiter
478 3474 694 3536 recenseam,
723 3475 813 3539 quae
839 3457 960 3520 diuina
989 3458 1128 3520 bonitas
1153 3457 1208 3520 his
1237 3467 1391 3538 quatuor

110 3544 345 3629 mensibus
364 3565 526 3644 proxime
541 3564 671 3658 elapsis
684 3580 748 3644 per
763 3563 887 3627 Patres
908 3574 943 3627 et
958 3564 1103 3627 Fratres
1123 3564 1226 3626 huius
1242 3563 1393 3642 Collegii

127 3655 314 3735 ⁰Derata
331 3681 397 3749 est,
413 3687 656 3751 quaecumque
677 3671 736 3733 illa
761 3671 842 3748 sint,
866 3671 1068 3733 summatim
1089 3686 1131 3732 ea
1153 3671 1316 3749 attigisse
1335 3679 1393 3732 sat

136 3764 248 3855 erit,
261 3778 310 3841 ita
321 3789 360 3842 ut
369 3777 456 3841 nihil
471 3795 552 3841 cum
566 3778 668 3857 desit,
684 3777 856 3841 breuitate
872 3787 1003 3855 tamen,
1020 3794 1110 3857 quae
1123 3786 1292 3857 pergrata
1303 3778 1392 3840 solet

149 3875 258 3963 eSse,
274 3886 556 3966 complectantur
570 3885 699 3948 omnia.
721 3883 929 3947 Habuerunt
950 3884 1062 3946 nostri
1085 3883 1209 3946 Patres
1232 3900 1303 3946 non
1317 3892 1392 3947 tan·

157 3981 244 4054 ium
256 3991 361 4068 domi,
378 4008 501 4055 uerum
517 4001 551 4054 et
565 3991 663 4069 ioris,
680 3990 870 4053 conciones
883 3990 1038 4068 crebras
1053 3988 1296 4069 quaeiuerunt
1308 4000 1391 4053 tem·

173 4153 379 4180 ‘k-

218 4265 225 4297 ¹
252 4267 355 4320 joanna.
366 4269 479 4325 Philippi
489 4268 512 4314 11
522 4279 604 4313 soror.

218 4338 227 4368 ²
251 4340 435 4397 autographae
445 4343 540 4394 duplici
554 4343 621 4396 folio,
634 4341 715 4394 primo
726 4350 749 4381 n.
760 4338 808 4387 513,
821 4337 904 4379 altero
915 4346 965 4379 non
979 4339 1123 4379 numerato.
