3210 5392
571 434 743 492 errsrtaa
757 445 1027 498 nunonrussraes

707 1110 893 1194 CDXIX

239 1452 275 1510 P.
292 1453 438 1525 ignatius
452 1451 493 1508 de
507 1452 667 1510 Azebedo
686 1452 719 1522 (i)

275 1550 366 1609 Patri
380 1550 509 1623 ignatio
525 1551 566 1607 de
581 1550 718 1623 Loyola.

312 1649 523 1722 Ulyssipona.
542 1651 553 1706 l
570 1648 775 1720 Septembris
791 1649 860 1706 1555
874 1651 895 1701 ¹.

753 1881 851 2005 Jegus

417 2176 623 2240 Reuerende
639 2175 827 2238 admodum
848 2176 883 2237 in
899 2175 1040 2238 Christo
1056 2176 1172 2240 Pater.

244 2284 368 2347 Gratia
389 2295 422 2347 et
445 2303 517 2363 pax
537 2283 667 2348 Christi
690 2283 825 2344 habitet
847 2299 986 2361 semper
1007 2283 1117 2346 corda
1140 2295 1270 2347 nostra.
1291 2281 1376 2360 Quam

182 2391 389 2454 breuissime
409 2408 585 2470 exponam
608 2391 663 2457 his
683 2390 804 2466 literiS,
827 2406 918 2467 quae
937 2389 1111 2467 singulari
1135 2389 1202 2453 Dei
1221 2400 1287 2469 opt.
1306 2400 1375 2450 max.

181 2496 349 2560 beneficio
364 2515 427 2577 per
448 2507 599 2576 quatuor
622 2498 686 2558 hos
708 2513 845 2558 menses
864 2507 968 2574 gesta
984 2506 1066 2559 sunt
1087 2498 1122 2559 in
1145 2497 1213 2560 hoc
1233 2493 1375 2575 Ulyssipo·

180 2605 281 2666 nensi
296 2605 459 2682 collegio,
477 2613 512 2664 et
528 2603 564 2666 in
580 2604 782 2683 praesentia
798 2612 983 2681 geruntur.

242 2708 419 2788 Principio
435 2710 543 2788 igitur
558 2709 696 2788 integra
712 2726 835 2772 omnes
850 2709 1051 2772 ualetudine
1066 2727 1200 2787 sumus,
1214 2725 1273 2771 nec
1288 2704 1376 2769 animo

183 2816 297 2879 minus
312 2834 418 2897 quam
431 2833 582 2896 corpore
592 2818 762 2879 ualemus.
777 2815 877 2878 Bona
889 2834 974 2896 pars
985 2816 1156 2895 temporis
1172 2820 1222 2892 (vt
1234 2807 1376 2879 alibiscri·

183 2933 278 3002 ptum
291 2924 355 3002 est)
371 2924 652 2986 confessionibus
665 2922 859 2999 audiendis
873 2923 1103 2985 concionibus
1115 2924 1161 2986 ad
1173 2925 1325 3003 populum
1334 2915 1375 2977 ha·

184 3030 304 3092 bendis
319 3031 613 3109 scholasticisque
629 3030 920 3108 occupationibus
935 3030 1160 3109 impenditur.
1179 3030 1330 3110 Magnum
1339 3026 1376 3081 esi

183 3138 345 3200 omnibus
358 3138 499 3199 diuinae
514 3136 737 3215 quaerendae
749 3137 884 3214 gloriae
897 3136 1061 3211 studium,
1076 3146 1109 3198 et
1122 3155 1208 3198 suae
1220 3138 1344 3216 quisque
1353 3134 1377 3186 et

183 3244 425 3321 proximorum
450 3245 555 3306 saluti
582 3244 768 3321 diligenter
794 3244 957 3318 consulit,
985 3261 1053 3322 quo
1083 3245 1199 3306 omnis
1225 3231 1377 3306 societatis

181 3359 317 3429 spectat
333 3349 517 3411 industria.
539 3348 671 3412 Diebus
686 3350 872 3412 dominicis
886 3367 929 3412 ac
944 3350 1044 3411 sestis
1059 3352 1251 3413 conciones
1261 3346 1376 3411 crebrae

183 3457 356 3519 habentur
369 3457 464 3519 domi
477 3466 621 3519 nostrae
633 3458 668 3518 in
677 3473 807 3534 magna
820 3455 1020 3518 auditorum
1031 3456 1241 3535 frequentia,
1255 3472 1310 3518 nec
1319 3460 1378 3512 cum

182 3563 316 3624 minore
342 3564 541 3625 animarum
568 3563 728 3637 utilitate,
756 3564 880 3641 quibus
906 3562 949 3625 de
975 3578 1072 3624 more
1099 3564 1276 3639 absolutis,
1301 3549 1375 3622 ntulii

180 3687 301 3730 eorum
318 3669 377 3748 qui
393 3670 551 3747 audiunt,
571 3687 648 3745 sese
664 3669 710 3730 ad
725 3669 976 3731 eucharistiam
992 3667 1131 3731 ardenti
1155 3671 1301 3749 quodam
1313 3656 1377 3724 desi·

154 3777 160 3787 ‘
180 3776 277 3838 derio
298 3785 522 3854 comparant:
548 3775 641 3855 quod
662 3776 819 3837 nonnulli
839 3775 973 3837 faciunt
996 3775 1146 3853 singulis
1170 3764 1377 3849 hebdomadis.

181 3882 240 3944 alii
256 3899 340 3944 uero
356 3882 588 3961 frequentius
606 3882 733 3961 quibus
753 3899 832 3944 cum
848 3880 1012 3943 satisfieri
1028 3899 1098 3943 non
1119 3885 1232 3961 possit
1249 3885 1378 3959 (magnus

179 3989 273 4051 enim
288 3990 324 4051 fit
341 3990 523 4051 hominum
537 3989 754 4066 concursus),
770 3989 804 4050 in
816 3988 992 4067 profestos
1004 3989 1080 4051 dies
1094 3974 1377 4052 consessionesdii·

183 4097 351 4172 teruntur,
379 4113 594 4174 quamquam
620 4096 674 4156 his
697 4095 805 4157 etiam
827 4094 950 4156 diebus
973 4095 1092 4157 multis
1106 4086 1396 4176 occupationibus,

183 4202 305 4265 Patres
322 4213 520 4278 teneantur,
540 4202 833 4264 scholasticorum
853 4201 1093 4263 confessiones
1114 4203 1301 4265 audientes.
1316 4193 1378 4256 Cae·

178 4324 336 4371 terorum
351 4319 480 4382 autem,
504 4324 655 4387 quorum
673 4325 785 4385 nuper
805 4307 958 4382 memini,
983 4308 1140 4369 charitas
1161 4327 1230 4371 non
1251 4295 1378 4389 volgaris

180 4434 317 4478 moram
333 4432 472 4478 omnem
487 4424 521 4477 et
537 4415 735 4477 molestiam
750 4414 922 4493 patienter
935 4414 1028 4475 ferre
1040 4416 1140 4476 solet:
1155 4420 1328 4494 expectant
1336 4405 1377 4466 be·

213 4578 215 4581 .
242 4577 396 4585 Ἀ...-

222 4663 229 4688 ¹
261 4658 446 4712 Apogrepbum
459 4657 554 4700 infolio
567 4656 669 4710 duplici.
680 4667 707 4697 n.
719 4654 766 4697 52⁸⁴
780 4653 818 4696 Ex
831 4656 880 4696 vol.
894 4654 954 4697 anni
966 4654 1025 4697 linio.
