3210 5392
702 453 767 512 Au.
790 453 860 513 1555
1338 453 1391 510 tal

162 585 285 664 decem
300 617 414 664 annos
430 599 614 663 confessus
630 617 701 662 non
715 598 843 662 fuerat.
859 596 961 662 Alius
981 597 1102 661 itidem
1122 607 1176 660 est
1195 597 1390 676 confessus,

162 706 256 773 luae
269 725 332 788 per
345 706 470 770 decem
483 717 518 769 et
533 723 598 769 sex
612 724 725 770 annos
741 708 945 769 occuluerat
960 713 1121 785 peccata.
1137 703 1251 782 Alius,
1269 722 1394 768 omnes

162 814 400 878 tomessarios
415 825 655 894 contemnem,
678 814 782 894 quasi
796 829 922 893 parum
937 810 1064 890 dignos
1085 811 1211 890 quibus
1234 829 1299 874 sua
1314 829 1393 891 pec·

162 923 246 985 *ata
268 921 525 998 manifestaret,
553 930 633 1001 post
660 937 773 983 annos
800 930 891 996 oct0,
920 936 1001 981 cum
1026 934 1147 982 coram
1172 918 1249 997 ipso
1272 919 1395 981 nescio

162 1029 243 1092 luis
255 1028 298 1091 de
312 1028 446 1091 nostris
460 1028 624 1091 Patribus
640 1026 748 1090 uerba
769 1026 921 1102 fecisset,
944 1025 1169 1088 commodum
1192 1041 1256 1087 suo
1271 1026 1393 1105 palato

162 1135 421 1199 ³0nfessarium
436 1143 660 1216 assequutus
678 1134 864 1198 confessus
879 1144 942 1196 est.
960 1133 1033 1196 Alii
1055 1132 1205 1211 denique
1220 1132 1331 1209 multi,
1348 1149 1393 1195 ne

162 1245 194 1298 n
218 1242 372 1321 singulis
391 1242 620 1306 recensendis
639 1241 810 1304 molestus
830 1241 908 1314 sim,
933 1239 1088 1302 confessi
1112 1248 1208 1316 sunt,
1236 1238 1296 1317 qui
1314 1256 1353 1301 se
1372 1256 1394 1300 a

166 1350 386 1412 onfessione
400 1348 633 1412 saluberrimo
648 1348 814 1412 uitiorum
829 1347 989 1410 antidoto
1004 1348 1134 1409 multos
1155 1363 1268 1408 annos
1290 1345 1393 1408 absti-

162 1464 331 1519 merant.

216 1561 433 1627 Uberrimus
448 1581 586 1643 quoque
604 1562 869 1626 confessionum
883 1561 1020 1624 fructus
1035 1578 1080 1623 ex
1101 1578 1143 1622 eo
1164 1561 1392 1638 cognoscitur

162 1671 257 1743 ,uod
273 1671 488 1750 complureS,
505 1681 579 1732 tam
600 1669 806 1732 scholastici
821 1685 927 1749 quam
948 1685 992 1731 ex
1008 1667 1097 1737 aliis.
1122 1667 1232 1729 uariis
1254 1666 1392 1744 religio-

162 1777 277 1855 jbuS,
304 1793 413 1839 suasu
438 1787 644 1840 nostrorum
662 1776 818 1851 Patrum,
842 1792 920 1838 sese
942 1774 1155 1852 dicauerint;
1179 1773 1228 1835 ita
1250 1782 1288 1836 ut
1309 1773 1395 1834 mihi

165 1884 252 1948 itra
270 1882 382 1946 ullam
397 1882 627 1964 hyperbolem
642 1883 888 1946 renunciatum
902 1882 958 1956 sit,
976 1882 1037 1943 uix
1051 1879 1266 1943 monasteria
1289 1878 1396 1941 huius

162 1990 265 2072 egui
279 1999 334 2052 tot
349 1990 452 2052 simul
467 2007 594 2069 capere
608 2007 724 2070 posse3
741 2001 776 2052 et
790 1989 826 2067 ii,
842 1989 902 2069 qui
927 1986 1072 2049 admissi
1091 1986 1183 2048 inter
1197 1985 1287 2048 alios
1301 1993 1395 2062 sunt,

162 2115 233 2162 am
249 2113 402 2159 suauem
416 2095 671 2159 aedificationis
686 2096 831 2159 odorem
846 2112 891 2158 ex
906 2110 944 2156 se
960 2094 1133 2169 emittunt,
1147 2102 1185 2154 ut
1200 2101 1234 2154 et
1250 2092 1329 2154 aliis
1344 2109 1396 2153 re-

162 2203 302 2285 igiosis
323 2201 477 2282 antiquis
497 2218 666 2281 magnum
688 2203 734 2265 sit
753 2202 918 2265 solatium
934 2209 968 2263 et
991 2198 1150 2262 nonnihil
1171 2198 1344 2272 stimulus,
1362 2207 1400 2260 ut

162 2311 196 2374 ‚d
212 2309 480 2392 perfectionem
495 2309 698 2387 diligentius
720 2309 897 2371 anhelent.
921 2306 1021 2369 Haec
1036 2305 1154 2369 omnia
1170 2304 1291 2368 diuina
1306 2304 1400 2367 boni-

162 2435 209 2482 as
227 2433 302 2496 per
317 2424 459 2479 nostros
474 2415 600 2478 Patres
612 2416 754 2496 operari
765 2413 912 2494 dignata
924 2423 989 2490 est,
1005 2411 1227 2494 quiquidem,
1241 2412 1403 2492 siplures

162 2533 296 2601 ssent,
311 2524 420 2585 multo
433 2522 612 2602 copiosior
622 2521 758 2585 fructus
771 2539 816 2585 ex
830 2537 956 2583 eorum
970 2519 1176 2582 ministeriis
1187 2517 1282 2581 haud
1298 2517 1402 2581 dubie

162 2631 407 2710 :olligeretur.

217 2736 430 2800 Deueniens
445 2735 491 2800 ad
514 2736 561 2814 id,
586 2736 680 2817 quod
700 2737 743 2799 de
764 2736 927 2799 doctrina
947 2734 1141 2797 christiana
1163 2750 1220 2796 me
1247 2732 1402 2795 secundo

162 2861 242 2910 oco
268 2841 449 2905 dicturum
471 2860 549 2905 sum
569 2842 758 2921 pollicituS,
780 2841 905 2904 Patres
926 2841 962 2904 in
981 2858 1023 2903 ea
1048 2839 1210 2904 docenda
1235 2837 1400 2902 eumdem

162 2950 310 3016 nodum
325 2949 517 3011 obseruant
536 2966 641 3029 quem
663 2960 779 3012 antea:
803 2948 1098 3029 deprehendimus
1113 2964 1184 3009 non
1200 2963 1344 3024 paucos,
1362 2945 1398 3007 in

162 3058 270 3122 ebus
287 3054 417 3119 diuinis
431 3073 557 3136 parum
569 3055 753 3133 sollicitos,
767 3058 843 3118 sola
855 3055 1038 3118 doctrinae
1051 3053 1254 3132 cognitione
1267 3052 1397 3116 cautio·

162 3183 217 3228 es
234 3161 394 3236 effectos,
411 3163 671 3242 conspicientes
686 3163 782 3225 uitae
797 3178 883 3225 suae
903 3160 1194 3224 consuetudinem
1208 3158 1398 3240 plurimum

162 3290 176 3334 t
191 3270 328 3349 regula
341 3269 542 3332 diuinorum
554 3269 802 3332 mandatorum
814 3269 1029 3348 discrepare.
1042 3266 1081 3330 In
1092 3265 1168 3330 dies
1181 3265 1301 3346 populi
1313 3280 1399 3344 erga

162 3395 232 3442 nos
258 3393 362 3438 amor
381 3376 497 3453 magis
517 3392 559 3437 ac
580 3376 696 3453 magis
716 3374 934 3450 accenditur,
957 3383 991 3436 et
1013 3372 1142 3453 opinio,
1162 3389 1269 3452 quam
1284 3373 1328 3434 de
1342 3388 1403 3434 no·

162 3497 241 3548 stra
268 3483 414 3545 minima
434 3480 612 3545 Societate
632 3495 884 3561 conceperunt,
906 3498 1046 3560 semper
1066 3488 1227 3559 augetur,
1252 3478 1401 3541 racioci·

162 3599 296 3654 nantes
310 3596 463 3668 quantus
478 3588 523 3650 sit
538 3598 743 3651 nostrorum
759 3598 900 3667 patrum
916 3603 1003 3666 erga
1019 3587 1201 3666 proximos
1215 3601 1326 3662 amor,
1341 3585 1401 3664 qui

162 3715 230 3761 eos
244 3706 365 3759 tantos
380 3695 522 3757 labores
536 3707 679 3774 tamque
695 3705 966 3774 perseuerantes
980 3693 1098 3755 subire
1115 3700 1232 3771 cogat:
1256 3691 1350 3753 vnde
1365 3690 1403 3753 fit

162 3814 203 3867 ut
219 3802 335 3866 maior
351 3801 560 3864 adhibeatur
573 3800 758 3880 diligentia
774 3801 809 3864 in
823 3801 943 3881 pueris
958 3799 1139 3862 mittendis
1150 3809 1183 3861 et
1196 3798 1232 3860 in
1248 3798 1404 3860 saluber·

162 3911 260 3974 rima
286 3908 420 3971 Christi
444 3907 606 3970 doctrina
626 3906 854 3984 addiscenda,
878 3906 971 3987 quod
996 3905 1162 3969 Patribus
1181 3914 1306 3984 sponte
1323 3920 1401 3965 cur·

167 4015 330 4079 rentibus
351 4014 493 4077 adhibet
507 4013 715 4076 acutissima
727 4013 895 4076 calcaria.
909 4012 1037 4076 Euenit
1050 4030 1120 4076 non
1133 4028 1216 4075 raro
1229 4009 1404 4087 homines,

169 4123 261 4186 inter
276 4139 316 4184 se
331 4121 481 4195 uicinos,
498 4121 571 4182 suis
587 4120 712 4183 studiis
727 4131 930 4199 occupatos,
948 4120 1015 4181 hac
1029 4119 1132 4182 simul
1145 4118 1294 4180 honesta
1307 4133 1406 4178 exer·

170 4229 339 4293 citatione
355 4226 535 4307 occupari,
553 4226 764 4305 quibusdam
776 4244 822 4289 ex
835 4245 904 4289 una
919 4237 1019 4307 parte
1032 4224 1251 4301 canentibus,
1270 4223 1349 4285 aliis
1361 4240 1407 4285 ex

175 4338 284 4399 altera
299 4335 462 4398 uicissim
475 4334 781 4413 respondentibus;
800 4333 849 4397 ita
870 4332 906 4394 fit
927 4344 965 4395 ut
986 4342 1019 4394 et
1035 4331 1122 4407 Deo,
1140 4330 1277 4409 angelis
1292 4343 1326 4393 et
1344 4330 1405 4392 ho·

175 4443 336 4519 minibus
359 4440 611 4503 suauissimam
631 4440 830 4504 armoniam
849 4439 1049 4501 conficiant.
1070 4436 1248 4501 Effectum
1268 4447 1322 4499 est
1338 4438 1404 4498 hac

178 4562 257 4613 tura
272 4557 481 4613 nostrorum
506 4557 658 4627 patrum,
681 4556 719 4610 ut
739 4545 900 4610 doctrina
921 4546 1019 4609 iniis
1039 4545 1139 4623 locis,
1160 4543 1286 4624 quibus
1301 4553 1405 4606 antea

178 4653 380 4732 docebatur,
408 4653 611 4732 diligentius
633 4654 743 4716 multo
763 4653 944 4716 doceatur:
966 4652 1003 4715 fit
1023 4652 1130 4715 etiam
1149 4661 1189 4713 vt
1213 4651 1314 4731 pueri
1335 4666 1407 4711 non
