3240 5386
669 444 733 502 Aa.
756 444 826 502 1555
1308 440 1363 500 293

130 579 225 651 biles
239 608 280 654 ac
292 591 472 672 principes
486 591 640 654 ciuitatis
656 592 810 655 maximo
825 608 891 654 nos
917 606 1037 653 amore
1060 589 1236 670 prosequi,
1261 589 1363 651 cuius

118 692 184 754 rei
199 712 320 761 eorum
335 698 501 779 frequens
523 698 569 761 ad
589 698 777 777 collegium
801 706 961 760 nostrum
985 695 1159 759 aduentus
1184 695 1285 757 nobis
1306 712 1362 756 ar·

106 809 301 872 &umento
318 822 395 868 esse
410 813 537 886 potest.
551 804 715 868 Gaudent
735 805 865 867 mutuis
888 803 1034 867 Patrum
1052 802 1272 883 fratrumque
1292 804 1362 864 col·

97 898 271 990 loquiis,
286 912 412 992 quibus
427 911 477 974 ita
492 911 538 974 ad
553 912 721 975 uirtutem
736 928 778 974 ac
797 911 864 974 Dei
880 928 1037 974 amorem
1052 909 1305 987 accenduntur,
1324 917 1361 970 ut

89 1015 231 1080 multi
245 1035 390 1081 usuram
404 1017 510 1098 (quod
525 1019 724 1082 execrabile
748 1018 872 1082 uitium
897 1020 1085 1081 multorum
1108 1016 1216 1080 corda
1237 1016 1272 1078 in
1292 1016 1362 1078 hac

80 1125 342 1192 praesertim
357 1125 503 1188 ciuitate
526 1134 687 1204 occupat,
715 1135 748 1188 et
774 1138 943 1206 tanquam
969 1125 1224 1188 immanissima
1249 1123 1363 1185 bestia

74 1230 246 1293 saeuit
257 1248 300 1294 ac
314 1231 566 1309 debacchatur)
575 1248 685 1311 aequo
696 1237 898 1311 paratoque
911 1231 1030 1294 animo
1044 1231 1242 1311 relinquant
1258 1239 1364 1310 atque

68 1337 327 1413 repudienq
344 1354 492 1417 quorum
505 1339 665 1400 nonnulli
681 1338 789 1401 totius
805 1338 900 1400 uitae
919 1333 1069 1401 crimina
1094 1336 1136 1400 R.
1163 1335 1201 1398 P.
1227 1336 1363 1418 Jacobo

62 1427 264 1505 Lainez
284 1442 466 1522 detexere,
490 1443 580 1507 inter
596 1462 685 1525 quos
707 1444 894 1524 quemdam
916 1445 1054 1507 silentio
1077 1443 1272 1524 praeterire
1293 1460 1365 1509 non

61 1553 290 1629 possum,
303 1551 403 1612 cuius
419 1561 517 1612 tanta
529 1559 605 1613 erat
618 1551 731 1613 uirtus
743 1551 906 1630 uitaeque
914 1549 1111 1629 integritas
1124 1559 1161 1612 ut
1174 1549 1241 1611 hoc
1257 1566 1363 1626 ann0,

57 1657 314 1720 Communi
339 1658 496 1720 omnium
522 1675 697 1721 consensu
719 1669 824 1739 atque
852 1659 1017 1735 clamore,
1045 1657 1148 1720 huius
1172 1657 1269 1721 urbis
1292 1657 1364 1719 dux

57 1746 240 1827 fuerit
255 1775 408 1827 creatus.
437 1763 566 1828 Multos
594 1766 849 1845 praetermitto,
873 1765 989 1846 quise
1016 1755 1060 1826 a‘d
1084 1763 1223 1843 frugem
1245 1764 1363 1826 melio·

54 1872 210 1933 sem
223 1887 405 1951 recepere,
422 1887 510 1950 quos
525 1872 562 1934 si
577 1889 759 1935 recensere
778 1870 920 1950 uellem,
945 1871 1089 1935 modum
1114 1871 1283 1951 epistolae
1305 1887 1362 1932 ex·

54 1973 299 2040 cederem
321 1976 340 2040 ¹.

172 2079 270 2147 Hoc
283 2092 404 2147 tamen
419 2083 529 2147 silere
543 2102 674 2165 nequeo
686 2085 709 2165 ⁸,
725 2085 870 2148 militem
887 2085 1075 2165 quemdam
1087 2083 1287 2163 hispanum,
1304 2084 1364 2163 qui

55 2191 218 2253 Cum
230 2189 272 2253 R.
289 2188 396 2253 Patre
411 2203 533 2253 nostro
553 2191 687 2273 Jacobo
709 2191 841 2254 Lainez
864 2190 1045 2254 Florentia
1071 2206 1238 2269 egressus
1253 2198 1306 2252 est
1321 2208 1363 2251 ea

61 2299 253 2360 mente
268 2314 380 2378 eoque
397 2299 555 2376 consilio,
577 2309 616 2360 ut
640 2300 676 2361 in
691 2298 852 2361 militiam
876 2297 1171 2379 proficisceretur,
1189 2296 1290 2359 cuius
1310 2296 1362 2359 rei

61 2402 250 2465 gratia
278 2421 407 2484 equum
435 2404 501 2467 sibi
532 2403 677 2468 Genuae
706 2412 855 2483 emerat,
885 2405 935 2466 ita
964 2402 1108 2467 Patrum
1141 2402 1363 2482 fratrumque

71 2511 297 2589 exemplo
313 2520 529 2573 commotum
554 2528 644 2590 esse,
661 2519 698 2573 ut
724 2519 877 2573 mentem
898 2511 1179 2589 sententiamque
1204 2511 1363 2588 mutarit,

71 2615 241 2692 atque
255 2618 319 2679 sub
333 2616 474 2680 Christo
490 2617 657 2698 deinceps
672 2618 708 2680 in
723 2615 899 2681 Societate
914 2625 1037 2679 nostra
1054 2617 1206 2680 militare
1224 2633 1262 2679 se
1275 2617 1364 2679 uelle

79 2719 311 2786 Pollicitus
324 2722 439 2801 luerit,
458 2726 559 2788 cuius
574 2724 788 2787 sanctissimi
803 2725 878 2786 uoti
899 2741 1045 2803 compos
1070 2723 1196 2801 sactuS,
1214 2722 1364 2786 Romam

85 2826 314 2892 profectus
326 2843 378 2893 est
395 2832 559 2894 eumalio
576 2832 697 2909 fratre,
714 2831 774 2911 qui
788 2839 871 2893 tunc
891 2832 1061 2911 temporis
1076 2831 1134 2892 hic
1155 2831 1188 2893 in
1210 2829 1363 2893 Societa-

93 2928 215 2995 tem
229 2934 341 2998 luerat
357 2937 545 3000 admissus.

199 3037 269 3104 Nec
290 3045 400 3106 multo
416 3061 502 3107 uero
518 3056 598 3124 post
624 3044 792 3108 sacerdos
820 3046 964 3126 quidam
986 3043 1186 3107 Mediolano
1202 3043 1364 3106 Genuam

103 3142 235 3208 uenit
246 3147 457 3213 Societatem
473 3152 711 3229 ingressurus,
729 3153 822 3231 quod
838 3169 918 3215 cum
933 3152 1172 3231 impetrasset,
1189 3150 1287 3212 iussu
1300 3147 1365 3211 Pa-

109 3242 213 3350 1f'is
224 3252 350 3318 Lainez
362 3255 512 3321 Romam
528 3259 638 3338 petiit.
652 3258 741 3321 Tres
756 3268 836 3322 sunt
851 3258 968 3334 modu,
986 3258 1046 3338 qui
1061 3257 1215 3321 maximo
1231 3256 1365 3320 deside·

109 3355 121 3395 s
123 3357 193 3409 10
215 3368 370 3425 tenentur
385 3372 422 3426 ut
438 3365 504 3428 sibi
520 3365 636 3428 aditus
653 3366 698 3428 ad
714 3383 778 3427 nos
793 3374 924 3445 pateat,
942 3366 1034 3426 inter
1048 3381 1138 3443 quos
1153 3368 1205 3426 est
1221 3362 1366 3443 quidam

107 3443 263 3530 doctor
276 3469 458 3551 utriusque
473 3472 572 3545 iuris,
589 3471 648 3551 qui
668 3472 703 3534 in
719 3472 787 3534 hac
803 3472 947 3534 ciuitate
963 3471 1088 3533 iudicis
1105 3469 1218 3533 officio
1235 3487 1277 3532 ac
1293 3487 1365 3533 mu·

106 3563 403 3664 flssrelungitur,
419 3578 547 3658 quique
563 3578 653 3640 inter
665 3578 828 3641 hommes
843 3577 979 3640 nobiles
994 3577 1129 3657 primos
1149 3576 1290 3639 ordInes
1306 3577 1364 3641 du·

106 3671 404 3762 ⁶¹t-Speetabat
429 3681 440 3712 ³
466 3682 508 3746 R.
524 3681 563 3745 P.
590 3683 722 3747 Lainez
746 3683 1011 3764 prosectionem,
1035 3699 1140 3764 quam
1162 3680 1368 3763 propediem

108 3759 291 3850 thuram
312 3789 489 3867 credebat,
517 3808 597 3852 cum
614 3807 682 3869 quo
710 3790 940 3866 Florentiam,
962 3789 1088 3852 deinde
1115 3805 1200 3851 uero
1216 3787 1367 3852 Romam

117 3870 268 3956 iturum
281 3911 320 3956 se
335 3897 513 3974 sperabat.
530 3896 631 3958 Laus
652 3897 726 3958 Deo
749 3898 827 3976 Opt.
845 3897 965 3973 Max,
988 3896 1052 3975 qui
1070 3894 1146 3956 mis
1161 3894 1253 3956 itanc
1274 3913 1366 3958 rnen·

126 3975 342 4076 leudona,
358 4006 411 4078 ut,
425 4000 641 4064 conculcatis
654 4002 763 4064 auras
774 4003 902 4064 arandi
913 4002 1108 4064 horroribus
1120 4017 1162 4062 ac
1173 4000 1367 4079 dignitati-

140 4077 220 4175 bus,
230 4105 306 4168 rllr's
316 4112 459 4169 lantum
474 4108 625 4185 r'nln'ent,
640 4126 729 4188 quae
745 4109 794 4171 ad
805 4107 990 4171 coelestem
1001 4107 1104 4170 illam
1117 4107 1366 4187 patriumper-

152 4196 285 4275 ducunt.

203 4316 290 4381 ΚΜ
310 4317 349 4382 Ρ.
366 4319 497 4383 Lainez
517 4322 748 4385 concionatus
768 4331 821 4385 est
836 4323 903 4385 hoc
920 4323 1073 4384 aduentu
1094 4323 1130 4384 in
1151 4323 1280 4401 templo
1295 4339 1366 4384 ma·

157 4445 353 4458 ι----

187 4520 192 4550 ⁸
219 4534 251 4566 ae
261 4525 366 4567 modum
378 4525 503 4580 epistolae
513 4526 648 4571 excedam.
659 4526 803 4571 Patareus.

183 4592 194 4622 ¹
217 4594 314 4637 dicam.
331 4593 367 4636 ld.

181 4662 192 4691 ³
218 4663 394 4718 expectabat.
407 4665 441 4709 ld.
