3240 5386
183 433 238 492 470
577 431 1031 499 errsaauouannmssrass

185 577 397 640 commissae
408 577 667 640 consessionem
680 594 887 657 expressam
896 576 1029 652 habuit,
1043 586 1081 639 ut
1092 577 1206 641 nostri
1217 575 1338 640 Patris
1349 582 1501 641 ar?

186 701 282 746 mum
308 684 353 747 ad
380 684 649 747 ardentissimae
671 684 814 763 pietatis
835 683 989 746 studium
1008 682 1220 762 adduceret,
1242 684 1498 748 excitat&

187 789 482 870 accenderetque;
509 791 567 870 qui
592 792 707 853 leuem
732 791 763 853 ei
789 790 1057 870 poenitentiam,
1088 790 1133 853 ob
1161 776 1501 870 grauissimun‘

186 897 301 960 morbi
322 897 459 985 pondus
482 898 676 977 imponens,
694 897 870 977 pollicitus
889 906 943 959 est
957 898 1143 976 nonnulla,
1165 914 1233 977 pro
1255 886 1498 977 augenda-fd

185 1004 412 1081 poenitentia,
441 1004 615 1066 sacrificia
642 1021 679 1066 se
704 1002 781 1066 Deo
805 1004 1016 1067 oblaturum.
1043 1002 1158 1082 Quam
1180 1004 1227 1066 ob
1244 1020 1324 1067 rem
1348 946 1501 1083 ipses

186 1119 366 1188 aegrotus,
384 1111 474 1173 actis
487 1110 626 1189 gratiis,
644 1111 753 1190 petita
769 1110 928 1172 oratione
950 1110 1074 1189 suique
1096 1110 1281 1186 memoria,
1306 1111 1411 1191 ipsum

187 1233 294 1295 quam
306 1215 527 1279 familiariter
541 1219 742 1296 amplexum
757 1216 1070 1294 deosculatumque.
1090 1216 1213 1279 uoluit.
1236 1215 1298 1279 Ad
1319 1215 1412 1296 quem

189 1321 292 1384 Pater
307 1332 438 1399 noster,
456 1340 530 1385 rem
546 1323 701 1386 diuinam
717 1324 885 1399 facturus,
907 1322 1009 1402 eique
1030 1320 1270 1401 depostulauti
1287 1321 1412 1386 Christi

188 1445 317 1508 corpus
342 1430 687 1506 subministratum,
711 1438 833 1509 postea
857 1445 1021 1491 reuersus
1047 1438 1111 1490 est.
1137 1427 1245 1491 Vnde
1269 1429 1323 1493 rlli
1347 1439 1416 1493 tam

188 1534 304 1598 subita
320 1552 362 1598 ac
378 1536 558 1616 repentina
577 1535 742 1616 profluxit
758 1536 916 1611 mutatio,
934 1543 971 1597 ut
996 1536 1055 1598 illa
1071 1534 1181 1597 diuini
1197 1535 1297 1598 vatis
1310 1537 1417 1600 canti-

190 1643 269 1704 lena
289 1642 323 1705 in
349 1659 428 1705 eum
449 1643 631 1723 aptissime
652 1652 842 1722 competat:
867 1641 1112 1715 renouabitur,
1135 1646 1175 1704 ut
1196 1643 1359 1723 aqutiae,
1374 1642 1426 1706 iu·

190 1753 325 1810 orantus
349 1755 424 1810 trra.
446 1749 535 1811 Nam
558 1767 661 1829 quem
682 1752 757 1828 ipse
777 1747 893 1812 Deum
918 1753 1023 1830 paulo
1052 1763 1135 1816 ante
1160 1750 1425 1830 uituperatione

191 1855 294 1917 foeda
319 1855 504 1934 affecisset,
528 1874 622 1919 nunc
638 1848 783 1919 summis
803 1866 836 1919 et
858 1858 1081 1921 creberrimis
1100 1858 1264 1922 laudibus
1280 1859 1429 1920 extolie-

190 1961 250 2023 bat
265 1978 307 2024 ac
322 1963 536 2025 cumulabat.
554 1962 712 2025 Tandem
728 1979 806 2025 cum
823 1963 894 2025 iam
908 1965 1019 2027 tactui
1033 1964 1122 2028 dura
1137 1981 1220 2027 ossa
1239 1965 1336 2043 pelle
1351 1965 1430 2026 sola

190 2067 313 2130 induta
329 2069 573 2146 adhaererent,
591 2071 685 2133 facto
703 2089 723 2132 a
740 2069 845 2132 Patre
859 2086 963 2133 sacro
978 2071 1022 2133 de
1037 2072 1213 2134 dominica
1236 2070 1432 2145 Passione,

192 2175 425 2255 precibusque
441 2193 504 2255 pro
531 2177 605 2238 eius
630 2176 859 2256 dispositione
874 2195 894 2239 a
910 2178 1011 2240 nobis
1028 2177 1189 2240 omnibus
1214 2177 1313 2255 latis,
1332 2179 1431 2240 intra

193 2281 369 2344 modicum
385 2291 533 2362 tempus,
552 2293 772 2362 assumptum
786 2283 948 2363 spiritum
960 2301 1025 2346 suo
1038 2282 1199 2347 Creatori
1213 2283 1389 2348 reddidit.

256 2386 407 2451 Plurima
433 2398 467 2451 et
493 2391 593 2452 uaria
615 2399 843 2468 aegrotorum
864 2406 1009 2468 genera,
1030 2391 1294 2470 nonnullosque
1316 2393 1354 2455 in
1371 2410 1433 2455 cu-

193 2495 308 2557 stodia
323 2496 463 2574 publica
478 2495 651 2574 detentos
668 2495 792 2560 Patres
807 2497 920 2559 nostri
935 2493 1136 2577 frequenter
1150 2497 1331 2573 inuisunt,
1350 2499 1438 2562 edo·

192 2612 284 2678 cent,
310 2604 537 2664 consolantur
563 2612 679 2682 atque,
708 2602 930 2666 confessione
948 2602 1079 2679 audita,
1097 2603 1131 2665 in
1147 2602 1278 2682 spiritu
1300 2604 1436 2668 confir-

193 2717 301 2770 mant.
318 2708 412 2771 Inter
427 2726 516 2788 quos
531 2710 673 2787 quidam
686 2709 871 2771 cuiusdam
886 2707 1032 2771 Comitis
1052 2708 1154 2786 filiuS,
1170 2725 1243 2771 vna
1259 2725 1350 2773 cum
1366 2728 1436 2774 sua

193 2831 315 2892 uxore,
340 2827 631 2878 connumeratum
654 2815 835 2892 habemus
852 2816 911 2894 qui
926 2816 1180 2878 confessarium
1197 2802 1242 2877 ea
1258 2814 1436 2880 Patribus

192 2922 325 2984 nostris
339 2923 480 2985 domum
496 2932 654 2984 nostram
670 2924 869 3001 quaesitum
884 2923 988 2984 misit.

254 3027 388 3091 Eodem
410 3030 563 3091 subsidio
586 3030 798 3091 xenodochii
821 3028 948 3091 infirmi
968 3028 1300 3107 communicantur;
1331 3033 1440 3093 cuius

194 3136 451 3214 pergratissimi
467 3136 571 3197 studii
599 3137 856 3198 commendatio
878 3137 1118 3215 praesectuum
1134 3135 1358 3200 xenodochii
1384 3157 1441 3201 ar·

193 3241 399 3303 dentissimo
432 3243 466 3303 in
499 3259 564 3303 nos
587 3243 704 3304 animo
739 3243 824 3304 satis
857 3259 1031 3321 superque
1064 3253 1183 3321 aperte
1208 3242 1438 3321 declaratum

195 3348 324 3427 quippe
340 3348 398 3426 qui
413 3348 565 3427 aliquem
587 3366 631 3410 ex
645 3349 776 3410 nostris
792 3347 965 3424 Patribus,
989 3349 1047 3427 qui
1065 3347 1221 3425 aegrotis
1237 3349 1439 3413 exhortan-

196 3453 261 3531 dis
278 3455 510 3516 sacramentis
527 3454 826 3531 administrandis
844 3455 991 3516 mortuis
1014 3456 1192 3533 sepultura
1217 3454 1439 3535 alliciendis

195 3560 372 3622 nonnullis
397 3562 515 3640 pueris
541 3561 701 3623 doctrina
729 3562 823 3622 tenui
846 3571 879 3622 et
907 3561 1007 3622 bonis
1036 3560 1189 3622 moribus
1211 3560 1437 3641 imbuendis,

194 3675 374 3744 praeesset
402 3667 685 3746 persisteretquc,
713 3677 787 3729 tota
816 3668 1030 3745 cogitatione
1055 3667 1255 3745 cupiebant.
1288 3668 1374 3747 Qua
1396 3672 1441 3734 de

193 3790 232 3835 re
244 3772 477 3835 P.Rcctorem
494 3772 501 3802 ¹
519 3786 732 3836 conuentum
745 3774 951 3850 habuerunt,
962 3785 1162 3835 asserentes
1174 3772 1286 3848 (ultra
1299 3777 1440 3840 uberri-

195 3897 291 3943 mum
313 3878 465 3942 fructum
481 3881 524 3941 ab
540 3898 582 3941 eo
598 3880 701 3941 Patre
717 3881 871 3956 aegrotis
886 3880 1074 3958 puerisque
1091 3879 1137 3940 ibi
1153 3884 1441 3961 expectandum)

196 4003 341 4049 causam
366 3987 472 4049 etiam
498 3987 609 4048 nostri
639 3986 873 4065 amplificandi
898 3997 1002 4065 atque
1023 3983 1264 4063 locupletandi
1292 3991 1442 4068 collegii

197 4093 277 4156 inde
288 4080 481 4154 maximam
496 4093 713 4154 effluxuram.
731 4093 864 4171 Quibus
879 4093 990 4154 nostri
1006 4091 1140 4168 Patres
1158 4100 1260 4153 tuum
1273 4095 1443 4160 animum

196 4209 459 4279 pernoscentes
477 4217 545 4278 quo
562 4216 686 4260 seruos
706 4211 785 4261 tuos
797 4217 864 4260 non
877 4198 925 4259 ita
938 4198 1127 4259 adstrictos
1143 4205 1177 4259 et
1192 4213 1441 4284 aggrauatoS‚

198 4306 259 4366 sed
276 4307 370 4368 omni
385 4306 447 4367 tali
462 4306 617 4384 pondere
633 4315 854 4379 exoneratos
871 4304 1034 4383 omnique
1050 4302 1254 4366 huiusmodi
1272 4322 1366 4371 cura
1382 4328 1446 4373 ex·

198 4411 347 4489 peditoS,
360 4413 404 4473 ad
413 4411 529 4473 studia
541 4412 752 4473 uniuersalia
766 4409 990 4488 conferenda,
1002 4410 1185 4489 possidere
1193 4415 1362 4479 maxime
1371 4428 1446 4480 stu·

191 4570 409 4580 —--.-—

241 4649 247 4680 ¹
279 4649 306 4690 l’.
319 4648 465 4701 Philippum
476 4647 566 4691 Fabri.
