3210 5392
177 403 235 462 '198
565 403 736 463 Lurenar
756 418 1027 473 Quanamusraas

181 550 233 611 sci
251 546 271 627 ¹,
289 549 445 612 crastina
461 549 516 612 die
531 549 707 630 Hispalim
731 550 955 630 proiecturus
970 559 1038 629 est,
1053 550 1114 614 ubi
1129 559 1183 614 est
1198 549 1291 613 alius
1308 547 1424 613 Pater

181 657 323 719 nomine
334 656 476 720 Xuarez
490 653 512 734 ¹,
531 657 591 737 qui
602 657 685 720 hinc
699 674 721 719 a
735 658 837 720 nobis
851 659 1092 738 superioribus
1104 658 1227 721 diebus
1238 656 1326 720 illuc
1337 655 1422 734 ivit,

181 772 216 827 ct
230 762 268 826 P.
284 763 516 827 Franciscum
530 763 577 826 ibi
599 773 776 843 expectat:
803 765 879 844 ipse
905 763 917 794 ³
942 765 1036 829 enim
1063 764 1100 827 15
1115 765 1181 828 cal
1195 763 1366 847 Januarii
1380 764 1419 826 in

179 871 341 934 eamdem
354 871 477 934 urbem
492 871 536 934 ab
551 869 681 952 oppido
695 871 874 934 Plasentia
888 889 927 935 se
942 870 1103 937 conferre
1118 871 1349 936 decreverat.

241 976 433 1058 Postquam
452 977 508 1040 his
532 988 684 1058 quatuor
708 978 839 1059 elapsis
862 978 1041 1042 mensibus
1066 979 1112 1043 ad
1135 987 1170 1042 te
1189 979 1422 1061 scripsimus,

183 1085 335 1164 quinque
349 1084 553 1148 scholastici
567 1085 709 1148 domum
724 1096 885 1149 nostram
899 1087 1053 1166 ingressi
1067 1096 1160 1161 sunt;
1177 1102 1335 1166 quorum
1348 1086 1426 1149 duo

183 1190 397 1269 sacerdotes
413 1209 503 1255 unus
514 1191 549 1255 in
565 1193 640 1254 iure
652 1193 825 1255 canonico
841 1202 994 1271 creatus,
1009 1193 1081 1256 iam
1092 1194 1367 1266 baccalaureus,
1384 1202 1423 1255 et

184 1299 220 1360 in
234 1298 370 1361 artibus
385 1298 521 1361 duobus
535 1299 638 1362 annis
653 1308 817 1363 versatus
831 1310 899 1362 est:
916 1301 1006 1363 alter
1020 1317 1107 1363 vero
1121 1316 1265 1364 sacram
1282 1300 1423 1363 theolo-

184 1406 281 1485 giam
295 1404 431 1469 discere
446 1405 646 1469 inchoabat.
663 1406 718 1470 Ex
732 1391 844 1469 tribus
858 1407 959 1470 laicis
973 1404 996 1485 ⁴,
1022 1424 1113 1470 unus
1138 1406 1174 1470 in
1195 1407 1424 1471 eodem-iure

186 1513 359 1577 canonico
387 1513 655 1591 baccalaureus,
672 1514 763 1577 alius
787 1514 924 1577 duobus
946 1514 1050 1577 annis
1063 1531 1189 1577 sacrae
1211 1514 1429 1593 theologiae

184 1636 329 1700 operam
342 1619 500 1698 dederat,
516 1621 605 1683 alius
621 1638 704 1684 vere
718 1621 755 1685 in
769 1621 900 1687 artium
913 1619 996 1685 ludo
1016 1620 1132 1684 adhuc
1152 1637 1190 1684 se
1204 1621 1418 1685 exercebat.

186 1727 233 1790 At
248 1743 335 1789 vero
351 1743 474 1790 omnes
494 1727 553 1791 isti
571 1737 606 1791 et
621 1727 757 1808 reliqui,
780 1727 839 1809 qui
865 1728 901 1790 in
916 1727 1164 1792 examinandis
1183 1727 1317 1791 animis
1338 1738 1428 1792 sunt

185 1834 350 1914 occupati
364 1852 408 1897 ac
422 1833 555 1898 detenti
569 1832 592 1914 ³,
608 1852 746 1897 summa
771 1835 879 1898 animi
900 1835 955 1898 sui
980 1834 1177 1899 abiectione
1198 1835 1430 1916 spiritusque

186 1940 315 2004 ardore
331 1942 484 2005 maxime
499 1957 564 2004 nos
578 1924 767 2006 aedificant
782 1951 816 2005 et
831 1941 1062 2006 confundunt.

245 2048 430 2125 Nimirum,
448 2048 637 2113 admodum
653 2048 694 2112 R.
710 2047 763 2126 P,
778 2059 818 2113 ut
837 2067 895 2113 res
919 2050 1068 2113 feliciter
1094 2049 1198 2128 cedit,
1228 2049 1332 2112 Deus
1348 2060 1423 2130 opt.

187 2173 281 2220 max.
297 2156 333 2220 in
349 2156 424 2220 dies
438 2157 555 2235 magis
570 2174 612 2219 ac
628 2157 743 2235 magis
758 2157 793 2219 in
809 2157 971 2220 omnibus
992 2158 1093 2237 (quae
1113 2173 1252 2220 summa
1272 2156 1354 2219 eius
1369 2168 1425 2219 est

186 2263 387 2343 benignitas
401 2273 435 2326 et
450 2263 649 2341 clementia)
673 2263 775 2326 nobis
799 2263 923 2327 favere
936 2263 1088 2327 videtur.
1106 2262 1177 2327 Sex
1200 2272 1285 2326 sunt
1300 2264 1429 2341 modo,

187 2370 246 2450 qui
261 2370 399 2433 admitti
414 2369 620 2450 efflagitant,
637 2386 787 2451 quorum
799 2370 969 2433 maiorem
984 2381 1135 2449 partem,
1156 2381 1352 2451 postquam
1367 2388 1425 2433 ar·

187 2477 273 2542 tium
288 2494 431 2541 cursum
445 2477 658 2556 peregerint,
675 2477 914 2556 recipiendam
928 2493 1006 2540 esse
1022 2477 1140 2540 credo.
1158 2475 1228 2556 Qui
1242 2477 1281 2539 in
1295 2486 1428 2541 nostro

187 2584 255 2647 hoc
279 2583 457 2647 domicilio
483 2585 519 2646 in
544 2583 786 2664 spiritualibus
809 2569 913 2646 bonis
941 2600 980 2647 se
1006 2592 1209 2658 exerceant,
1237 2600 1426 2664 nunquam

187 2689 325 2753 desunt.
341 2690 439 2767 Item,
454 2691 489 2753 in
504 2690 572 2754 hac
587 2691 819 2754 universitate
834 2690 1016 2754 hominum
1031 2690 1261 2768 studentium,
1274 2700 1313 2754 et
1324 2691 1423 2754 vitae

187 2807 222 2860 et
236 2815 374 2862 morum
389 2798 545 2861 maxima
561 2808 709 2877 apparet
726 2797 871 2860 mutatio
887 2808 924 2860 ut
940 2798 1052 2861 nostri
1074 2799 1142 2860 huc
1163 2797 1420 2862 adventarunt.

187 2904 328 2968 Christo
344 2915 415 2985 opt.
432 2922 527 2967 max.
545 2905 590 2967 sit
606 2922 742 2968 summa
759 2916 928 2985 perpetuo
944 2915 978 2966 et
992 2907 1071 2967 laus
1086 2914 1119 2967 et
1134 2904 1263 2983 gloria.

247 3013 302 3076 Ex
327 3013 455 3076 nostris
481 3013 642 3076 omnibus
667 3012 854 3077 duodecim
879 3023 1016 3075 tantum
1037 3029 1179 3075 sacram
1197 3011 1422 3091 theologiam

188 3120 344 3197 audiunt,
361 3120 419 3198 qui
435 3121 471 3181 in
486 3119 680 3183 audiendas
693 3120 862 3182 lectiones
877 3119 964 3183 loris
978 3116 1001 3198 ⁶,
1019 3129 1053 3183 et
1067 3119 1164 3182 domi
1179 3118 1334 3197 singulis
1352 3117 1426 3182 die·

186 3228 253 3291 bus
267 3225 489 3306 repetendas
506 3243 644 3289 summa
659 3243 746 3289 cura
760 3244 802 3288 ac
818 3227 1000 3305 diligentia
1015 3226 1234 3290 incumbunt.
1252 3224 1313 3290 Ad
1329 3226 1419 3289 haec

187 3333 323 3396 decimo
339 3334 460 3412 quinto
476 3351 614 3413 quoque
630 3333 685 3395 die
701 3334 926 3412 quaestiones
941 3351 1146 3397 communes
1161 3349 1244 3396 cum
1260 3333 1420 3396 maxima

190 3441 347 3503 omnium
381 3439 640 3518 aedificatione,
678 3441 737 3520 qui
761 3441 812 3502 eis
837 3441 1022 3518 intersunt,
1056 3440 1151 3503 domi
1181 3440 1421 3503 substentant.

177 3546 331 3610 ‘Adsunt
346 3547 488 3627 quidem
509 3547 578 3610 viri
598 3547 745 3623 nobiles,
768 3547 978 3627 praesertim
997 3555 1185 3626 postquam
1206 3546 1278 3609 huc
1298 3546 1424 3610 ad‘nos

189 3654 287 3716 venit
301 3652 407 3716 Pater
433 3651 477 3716 D.
505 3653 681 3718 Antonius
706 3672 726 3714 a
754 3652 918 3716 Corduba
943 3652 964 3715 ⁷:
995 3669 1148 3732 quocum
1175 3652 1334 3716 maxima
1350 3652 1424 3715 lere

192 3933 286 3986 lopez,
297 3932 418 3976 llevaudo
429 3944 476 3987 por
491 3931 637 3975 Provincial
654 3933 767 3985 primero
778 3932 818 3975 del
840 3932 983 3975 andelucia
993 3933 1019 3974 al
1035 3931 1061 3975 P.
1073 3930 1121 3974 Dr.
1137 3929 1233 3984 bliguel
1247 3930 1279 3974 de
1290 3930 1430 3981 Tonas...

191 4004 333 4057 Vncoivm,
344 4004 468 4047 Historia
478 4014 527 4046 ms.
541 4003 575 4046 de
584 4003 611 4045 ia
623 4002 769 4057 Campania
781 4003 814 4046 de
824 4003 908 4058 Jesus
919 4016 952 4046 en
962 4003 989 4046 la
1007 4002 1084 4046 Prota
1096 4002 1130 4045 de
1145 4001 1269 4053 Castiiia,
1279 4001 1386 4057 Colegio
1395 4003 1425 4045 de

193 4077 358 4129 salamanca,
369 4087 474 4129 paragr.
482 4074 519 4118 5.⁰

235 4149 243 4180 ¹
273 4148 362 4191 Patris
374 4147 508 4191 Francisci
519 4147 550 4190 de
561 4146 649 4201 Borja.

234 4219 246 4250 ¹
274 4219 301 4262 P.
311 4219 424 4271 joannes
434 4218 544 4264 Xuarez.
555 4219 640 4262 dictus
650 4220 731 4263 etlam
742 4219 894 4272 quaudoque
906 4217 1010 4262 Suarez.

234 4291 246 4323 ⁸
273 4292 303 4335 P.
314 4291 470 4335 Franciscua
480 4291 510 4334 de
522 4290 608 4344 Borja.

234 4365 246 4398 ⁴
273 4364 390 4408 Nondum
401 4363 553 4406 sacerdotes
563 4363 688 4415 lntelllge,
699 4363 740 4416 qui
753 4369 840 4405 tamen
853 4364 886 4404 ad
898 4363 1112 4406 scholasticorum
1126 4362 1238 4416 gradum
1255 4363 1282 4406 ln
1298 4362 1428 4407 societate

195 4437 303 4481 admissi
314 4442 381 4480 sunt.

236 4509 248 4541 ⁵
276 4507 379 4553 Clarius
389 4508 438 4552 hoc
448 4508 579 4552 diceretur
589 4506 634 4550 sic:
646 4507 693 4559 qui
703 4505 895 4559 spiritualibus
905 4507 1044 4549 exercitiis
1053 4509 1161 4550 vacant.

235 4579 248 4612 θ
275 4579 381 4625 Scilicet
392 4581 418 4624 in
428 4581 525 4624 scholis
536 4579 723 4623 Univeraitatla
733 4579 952 4624 salmanticensis.
1047 4573 1051 4576 ’

237 4654 247 4684 ⁷
277 4653 302 4697 ls
315 4652 527 4696 Salmanticeusls
537 4652 726 4697 Univeraltatls
738 4652 834 4696 Rector
845 4652 906 4695 olim
919 4651 1014 4703 iuerat,
1026 4658 1051 4696 et
1062 4659 1151 4697 nostro
1166 4652 1283 4708 collegio
1297 4655 1346 4698 aab
1355 4654 1433 4708 halaa
