3210 5392
246 446 283 502 tt
630 445 803 505 Lusitana
821 461 1091 514 Qoaoanmstass

244 599 281 653 et
296 590 398 654 fauor
414 591 449 654 di
463 607 527 654 soa
542 591 624 669 (sic)
638 592 727 655 Exa.
750 591 771 671 ¹,
792 591 968 655 seruendo
989 594 1047 655 noi
1067 591 1113 655 ad
1133 601 1327 673 anteponet
1349 600 1385 655 et
1400 592 1479 655 soli·

245 697 337 760 citar
352 699 468 777 quello
483 698 549 761 che
563 698 713 779 bisogna
729 717 792 779 per
808 700 878 762 tale
893 717 1011 780 opere.

305 803 465 868 Essendo
490 807 541 884 gli
566 804 727 869 orsanelli
753 808 787 868 al
812 815 987 886 presente,
1014 806 1062 869 fin
1085 809 1118 869 al
1137 824 1286 870 numero
1306 806 1343 869 di
1360 804 1412 882 30,
1443 806 1477 868 in

245 909 281 974 S.
298 910 432 993 Jacobo
458 912 491 974 la
514 911 659 975 Mazara
679 909 936 976 'discommodi
956 913 991 976 di
1010 914 1152 990 stantie,
1176 913 1206 976 si
1227 913 1273 975 ha
1294 912 1385 976 fatto
1405 929 1475 976 una

246 1018 463 1081 habitatione
479 1018 514 1080 di
529 1036 647 1082 nuouo
660 1020 695 1082 in
710 1020 807 1083 detto
821 1022 934 1097 luoco,
952 1021 1044 1083 douc
1059 1028 1255 1100 poteranno
1271 1019 1410 1083 habitat
1426 1018 1474 1082 fin

246 1141 268 1184 a
282 1122 333 1199 50,
350 1133 384 1186 et
398 1126 453 1187 col
477 1135 595 1205 tempo
617 1125 648 1188 si
667 1132 793 1205 potera
818 1129 975 1207 allargar
995 1127 1029 1189 di
1045 1126 1150 1190 modo
1166 1127 1231 1189 che
1245 1132 1326 1190 sera
1342 1142 1477 1206 capace

245 1229 283 1292 di
304 1228 371 1307 100,
393 1239 426 1294 et
446 1248 514 1295 con
533 1249 605 1295 vna
624 1233 734 1312 vigna
754 1233 807 1296 ch'
828 1233 946 1296 hanno
969 1251 989 1295 a
1010 1242 1116 1297 canto
1137 1233 1193 1296 del
1212 1235 1326 1308 luoco‚
1344 1241 1379 1296 et
1394 1231 1442 1296 fin
1457 1250 1479 1294 a

245 1335 288 1400 (10
302 1354 388 1400 onze
404 1338 438 1400 di
450 1337 588 1402 rendita
604 1339 659 1402 del
674 1339 866 1405 medesimo
880 1341 995 1418 luoco,
1012 1350 1047 1403 et
1062 1341 1122 1419 pin
1136 1339 1179 1402 de
1193 1338 1234 1402 50
1253 1341 1341 1402 altre
1356 1339 1393 1401 di
1407 1340 1475 1401 las·

249 1444 329 1521 5110,
354 1462 421 1507 con
441 1456 568 1525 quatro
588 1447 765 1509 sacerdoti
784 1446 818 1509 di
839 1446 955 1509 buona
976 1447 1060 1525 vita,
1081 1446 1146 1510 che
1172 1447 1204 1509 si
1224 1456 1419 1509 teneranno
1444 1446 1479 1508 al

244 1567 404 1630 gouerno
430 1554 505 1615 loro
531 1552 712 1615 conforme
737 1554 806 1615 alla
832 1554 926 1616 bulla
953 1553 1018 1616 che
1044 1570 1109 1616 sua
1130 1551 1268 1616 Santita
1293 1567 1476 1630 concesse,

247 1656 414 1736 dandogli
431 1659 453 1720 il
467 1659 564 1722 detto
579 1661 694 1736 luoc0,
712 1666 791 1722 sera
812 1677 883 1722 una
903 1659 992 1723 delle
1015 1661 1184 1738 megliore
1203 1676 1285 1722 case
1300 1659 1356 1722 ch'
1373 1659 1482 1721 haue-

249 1781 362 1827 ranno
377 1765 427 1843 gli
443 1765 603 1828 orsanelli
620 1766 655 1829 in
670 1766 783 1829 Italia.

308 1869 344 1934 Si
359 1871 405 1934 ha
420 1872 533 1935 anche
549 1882 682 1935 attesso
703 1873 749 1936 da
767 1873 917 1953 cumplir
932 1875 966 1936 la
980 1874 1117 1937 fabrica
1133 1874 1224 1937 della
1239 1890 1325 1937 casa
1340 1873 1385 1936 de
1399 1890 1479 1953 pro·

247 1977 401 2056 batione,
419 1979 597 2042 chiamata
618 1988 720 2043 santa
741 1979 893 2055 Martha,
914 1997 977 2059 per
996 1982 1028 2043 le
1048 1979 1164 2044 donne
1179 1978 1271 2061 [che]
1287 1981 1316 2044 si
1331 1997 1481 2043 conuer-

247 2097 330 2147 teno
346 2085 402 2148 del
417 2097 564 2165 peccato
587 2085 609 2164 ³,
626 2087 660 2149 la
675 2089 779 2166 quale
793 2095 859 2150 sta·
870 2088 993 2167 giunto
1014 2090 1047 2150 al
1062 2088 1276 2151 monesterio
1291 2087 1382 2150 delle
1397 2104 1480 2151 con·

248 2191 386 2269 uertite;
410 2201 444 2255 et
470 2191 504 2256 di
526 2194 559 2255 la
581 2193 611 2255 si
630 2192 941 2256 determinaranno
962 2211 983 2257 o
1004 2212 1024 2256 a
1044 2194 1271 2257 maritarseo
1294 2193 1409 2257 intrat
1423 2192 1483 2255 nei

248 2299 473 2361 monesterio.
501 2299 614 2362 Penso
634 2300 684 2377 gli
708 2299 899 2363 haueremo
920 2300 966 2362 fin
992 2319 1012 2362 a
1033 2299 1073 2361 40
1098 2318 1185 2362 onzc
1204 2300 1239 2362 di
1259 2299 1398 2363 rendita
1419 2316 1485 2379 per

250 2404 351 2467 hora.
379 2403 446 2466 Per
464 2406 581 2483 gratia
603 2406 658 2469 del
680 2404 840 2485 Signore,
857 2423 924 2469 con
944 2407 977 2470 le
992 2407 1181 2470 elemosine
1197 2406 1387 2469 habbiamo
1401 2422 1480 2486 pro-

248 2520 383 2589 curat0,
401 2529 439 2574 se
454 2528 566 2574 sonno
578 2513 742 2575 maritate
764 2513 799 2576 in
814 2513 929 2592 questi
944 2522 1070 2593 quatro
1086 2513 1174 2576 mesi
1189 2512 1236 2575 fin
1252 2530 1272 2575 a
1287 2511 1338 2574 40:
1362 2528 1483 2575 mosse

250 2627 350 2680 tanto
365 2635 428 2698 per
444 2619 467 2680 11
482 2617 597 2681 bando
612 2619 648 2682 di
663 2636 726 2682 soa
740 2619 826 2682 Ex.²
841 2621 908 2682 nel'
923 2622 1026 2699 quale
1038 2620 1067 2681 si
1080 2619 1324 2699 prohibisseno
1336 2618 1387 2698 gli
1400 2635 1484 2682 con·

247 2724 406 2787 cubinati
422 2722 444 2802 ⁴,
461 2735 561 2804 parte
576 2742 639 2804 per
653 2726 688 2787 la
702 2726 848 2805 predica
863 2726 918 2788 ch'
937 2726 1022 2805 ogni
1037 2743 1132 2789 mese
1154 2726 1183 2788 si
1199 2725 1233 2787 sa
1248 2726 1341 2788 nella
1357 2725 1483 2788 chiesa

248 2841 372 2893 nostra
386 2850 407 2894 a
423 2839 545 2911 queste
561 2832 623 2894 tali
638 2832 767 2895 donne.

308 2937 379 3000 Vn'
405 2939 496 3001 altra
511 2955 620 3018 opera
633 2941 660 2999 s’
678 2940 723 3000 ha
743 2940 968 3016 cominciato,
982 2939 1073 3001 della
1087 2941 1192 3019 quale
1207 2955 1278 3001 non
1294 2955 1384 3018 poco
1399 2956 1478 3018 spe·

249 3061 350 3107 ramo
366 3063 403 3107 sc
419 3045 556 3108 seruira
571 3044 594 3107 il
610 3043 771 3124 Signore3
789 3054 822 3108 et
838 3051 857 3107 e
873 3045 928 3108 ch'
942 3044 1091 3108 essendo
1106 3050 1176 3125 qua
1195 3062 1243 3108 vn
1259 3045 1478 3109 monasterio

250 3152 341 3214 doue
356 3168 394 3214 se
409 3153 537 3214 uiueua
553 3160 680 3231 troppo
695 3153 917 3231 largamente
934 3160 967 3214 et
988 3169 1056 3214 con
1078 3169 1168 3231 poca
1189 3150 1410 3214 edificatione
1426 3151 1486 3214 del

248 3258 436 3338 prossim0,
454 3259 477 3320 il
492 3256 762 3321 Archiuescouo
777 3257 788 3288 ³
804 3258 848 3321 ad
872 3259 1033 3322 instanza
1049 3256 1092 3320 de
1114 3256 1186 3321 Sua
1207 3258 1294 3320 Em·
1304 3258 1350 3320 ha
1365 3259 1485 3321 leuato

250 3374 339 3428 tutte
353 3365 385 3426 le
401 3363 574 3427 monache
597 3365 651 3427 ch'
673 3381 782 3427 erano
808 3365 842 3427 in
862 3366 910 3427 tal
934 3365 1149 3428 monasterio
1170 3374 1203 3427 et
1218 3364 1422 3445 repartitele
1444 3364 1481 3426 in

250 3471 384 3534 diuersi
398 3471 490 3548 altri,
507 3471 597 3533 done
613 3471 643 3533 si
659 3471 739 3533 uiue
755 3471 884 3549 meglio
900 3480 934 3533 et
950 3471 995 3533 ha
1008 3470 1091 3532 dato
1106 3471 1129 3532 il
1150 3471 1246 3533 detto
1262 3470 1485 3534 monasterio

251 3579 286 3641 in
301 3595 408 3641 manu
423 3588 545 3641 nostra
562 3577 729 3639 accioche
753 3580 780 3638 s’
804 3576 1037 3640 introducano
1058 3577 1092 3639 in
1108 3578 1224 3656 quello
1239 3576 1358 3639 alcuni
1373 3577 1485 3640 buoni

247 3685 375 3765 spiriti,
392 3686 457 3747 che
473 3683 706 3746 desideranno
722 3684 842 3746 uiuere
857 3684 892 3746 in
908 3683 1085 3746 communi
1101 3692 1134 3746 et
1157 3684 1315 3762 guardar
1331 3685 1351 3745 l'
1367 3700 1484 3747 osser·

250 3793 371 3854 uantia
387 3792 477 3855 della
495 3792 628 3870 regola;
644 3807 707 3852 ora
723 3792 751 3851 s'
769 3791 910 3853 attende
927 3791 996 3852 alla
1016 3789 1152 3852 fabrica
1172 3788 1215 3852 de
1230 3789 1327 3852 detto
1343 3806 1487 3853 monas·

249 3899 352 3975 terio,
378 3896 599 3961 insolandolo
619 3906 710 3959 tutto
730 3906 764 3958 et
785 3896 1001 3959 arruinando
1022 3905 1112 3959 tutte
1131 3897 1245 3976 quelle
1260 3913 1402 3960 camere
1417 3896 1486 3961 che

251 4009 284 4068 le
310 4006 404 4068 dette
422 4005 595 4068 monache
615 4003 847 4083 proprietarie
866 4003 1053 4066 haueuano
1076 4002 1175 4080 satto,
1197 4003 1364 4066 lassando
1396 4005 1490 4067 sola·

263 4166 475 4176 .—--———-

294 4248 300 4278 ¹
332 4246 437 4291 Siclliae
446 4245 547 4287 scilicet
559 4243 689 4297 Proregis,
699 4242 808 4294 Joannis
820 4242 851 4285 de
862 4241 945 4296 Vegn.

292 4320 303 4352 ¹
331 4318 397 4363 Huic
408 4317 582 4370 orphanorum
594 4314 678 4357 domui
690 4324 781 4357 nomen
796 4314 904 4358 111111111111
919 4321 959 4357 est
977 4315 1009 4356 ob
1021 4315 1143 4366 templum
1161 4311 1187 4355 S.
1205 4311 1295 4364 Jacobi
1311 4312 1341 4355 de
1359 4311 1492 4364 Massam,

250 4390 319 4444 qaod
330 4389 390 4432 ollm
401 4385 589 4430 Canonicorum
599 4381 770 4436 Regularium
780 4382 807 4425 S.
817 4383 925 4436 Georgii*
934 4385 961 4425 in
975 4382 1039 4434 alga
1051 4389 1117 4426 erat.
1128 4382 1226 4425 Roccnt
1237 4381 1311 4425 9111111
1322 4381 1424 4426 Eccles.
1436 4384 1489 4426 Pa-

252 4461 370 4512 normit,
378 4457 479 4502 Notitia
487 4467 504 4507 1,
515 4456 558 4498 1111.
568 4465 584 4498 1.

293 4532 305 4564 ³
332 4531 398 4576 Vlde
408 4530 522 4573 Ponanct
534 4525 688 4574 chronicon,
698 4533 716 4568 t.
728 4537 766 4579 111,
778 4538 836 4581 pag.
847 4527 894 4580 201,
904 4538 928 4570 n.
936 4526 976 4569 tas
984 4532 1009 4569 et
1021 4537 1079 4579 pag.
1089 4525 1136 4578 229,
1148 4537 1172 4568 n.
1184 4524 1232 4569 501.

292 4606 304 4637 ⁴
334 4603 396 4647 Vide
407 4603 520 4646 Potnnct
532 4596 686 4646 chronicon,
698 4604 716 4639 t.
728 4608 764 4641 11.
773 4609 832 4653 pag.
843 4598 891 4647 219,
902 4609 925 4640 n.
936 4597 984 4640 tao.

293 4674 304 4706 ὅ
332 4675 426 4719 Petrus
436 4667 575 4727 Tagliavla
586 4665 617 4708 de
629 4665 746 4721 aragon,
757 4669 956 4714 Panormitanus
968 4667 1092 4720 archiep.
1106 4671 1132 4709 et
1144 4664 1298 4710 Cardinnlls.
