3210 5392
180 395 234 453 stt
568 393 1025 461 Llrrssxaliqusbxlurrsratss

183 553 252 601 tem
279 539 432 616 admisit,
456 541 516 619 qui
535 539 655 602 multis
675 539 833 619 prolecto
854 539 897 602 de
919 539 1038 601 causis
1060 537 1294 600 admittendus
1310 537 1375 598 uide·

184 647 299 709 batur.
316 646 406 709 Nam
421 656 564 727 propter
580 647 797 726 singularem
813 646 979 708 uirtutem
994 662 1037 706 ac
1053 644 1265 724 probitatem
1279 643 1376 706 Enrico

184 753 342 832 Principi
357 763 391 815 et
407 753 587 816 Cardinali
607 753 772 832 cognitus
791 762 826 815 et
846 753 1016 832 probatus
1039 762 1129 829 erat,
1153 751 1199 813 ab
1220 750 1377 828 eodemque

183 859 351 923 Vicarius
365 862 401 922 ln
412 861 528 941 patria
541 878 604 921 sua
621 861 845 922 constitutus:
861 871 895 921 et
911 876 991 921 cum
1006 858 1148 938 magnis
1161 858 1214 920 rei
1227 855 1378 919 familiaris

184 967 298 1046 copiis
312 968 470 1046 locuples
486 978 589 1044 esset,
604 984 665 1029 cas
677 984 800 1028 omnes
813 967 960 1029 libenter
972 965 1124 1044 reliquit,
1136 973 1176 1027 ut
1189 964 1290 1026 rebus
1299 961 1377 1024 omni·

184 1074 250 1136 bus
265 1073 450 1153 expeditus
465 1073 643 1136 Christum
659 1073 791 1135 nudum
816 1082 851 1134 et
877 1088 1070 1152 pauperem
1095 1088 1232 1152 pauper
1254 1070 1320 1149 ipse
1336 1084 1379 1130 nu·

185 1181 320 1261 dusque
335 1191 552 1260 sequeretur.
571 1179 731 1258 Quatuor
746 1181 828 1242 item
846 1180 934 1242 alios
949 1179 1083 1258 recepit
1098 1177 1217 1255 Pater,
1240 1177 1297 1256 qui
1312 1172 1380 1256 apud

185 1305 252 1351 nos
267 1288 378 1350 literis
393 1304 538 1367 operam
554 1288 697 1361 dabant,
715 1304 794 1349 cum
810 1288 952 1367 probos,
969 1297 1044 1350 tum
1055 1287 1272 1363 ingeniosos,
1283 1284 1382 1364 quique

185 1395 392 1474 saepissime
407 1405 676 1457 sacrosanctum
692 1393 824 1457 Christi
845 1410 976 1473 corpus
997 1395 1198 1474 capiebant:
1221 1403 1300 1454 ante
1318 1402 1385 1470 quos

185 1500 254 1564 duo
269 1502 376 1564 etiam
392 1503 450 1563 alii
467 1520 486 1564 a
503 1501 607 1564 Patre
623 1502 726 1564 huius
741 1502 888 1580 Collegii
902 1500 1113 1564 Prorectore
1126 1499 1135 1530 ¹
1147 1501 1294 1564 admissi
1303 1500 1335 1561 in
1343 1495 1387 1561 So·

185 1610 349 1671 cietatem
365 1619 477 1670 erant.
495 1609 538 1670 Hr
555 1610 627 1672 lere
643 1625 767 1671 omnes
783 1609 818 1671 in
834 1608 948 1688 prima
963 1608 1193 1686 secundaque
1204 1607 1321 1670 schola
1331 1617 1389 1666 uet-

185 1717 367 1778 sabantur.
385 1715 647 1779 Conimbrieam
662 1716 761 1779 missi
781 1726 874 1787 sunt,
897 1724 935 1778 ut
956 1715 1101 1777 domum
1122 1713 1338 1794 probationis
1356 1711 1393 1774 in·

184 1823 428 1902 grederentur.

244 1928 501 2008 Praeceptores
516 1939 634 1991 autem
657 1946 791 2006 omnes,
816 1941 890 1992 tam
911 1929 953 2006 is,
980 1929 1040 2009 qui
1066 1928 1311 1991 sacerdotibus
1333 1939 1408 1988 con·

190 2036 358 2098 scientiae
374 2052 479 2098 casus
493 2035 650 2114 exponit,
673 2052 779 2115 quam
800 2036 859 2115 qui
880 2036 1002 2098 literas
1026 2035 1257 2098 humaniores
1275 2034 1422 2096 docent,

187 2158 289 2204 suum
304 2142 454 2204 docendi
469 2158 596 2204 munus
611 2142 707 2204 omni
728 2158 814 2204 cura
837 2141 1088 2221 diligentiaque
1111 2151 1345 2221 exequuntur.
1366 2125 1429 2201 Hi

185 2265 271 2311 uero
293 2249 490 2311 doctrinam
517 2249 748 2311 christianam
775 2248 961 2311 dominicis
988 2249 1113 2311 diebus
1138 2259 1298 2328 tempore
1323 2258 1397 2327 post
1415 2266 1429 2278 ³

185 2354 381 2417 meridiano
397 2355 470 2418 suis
484 2354 666 2434 discipulis
681 2355 860 2433 explicant
875 2363 910 2416 et
925 2356 1131 2435 explanant,
1148 2346 1316 2433 nullaque
1327 2354 1363 2415 in
1375 2358 1429 2414 τε

185 2479 206 2522 a
221 2462 331 2523 nostri
346 2462 525 2541 gymnasii
540 2479 665 2524 norma
681 2462 920 2540 institutisque
936 2460 1134 2524 discedunt.
1152 2459 1257 2539 Quod
1277 2460 1429 2540 quiden:

184 2568 318 2630 faciunt
335 2569 489 2631 maxime
505 2568 784 2647 approbantibus
799 2569 854 2646 iis,
872 2549 961 2648 quos
976 2567 1145 2631 erudiunt
1155 2577 1265 2646 atque
1277 2546 1400 2630 docent

184 2686 219 2737 et
234 2675 337 2737 ualde
353 2674 628 2755 proficientibus.
647 2674 752 2737 Faxit
767 2674 864 2737 Deus
880 2674 960 2754 Opt.
978 2674 1073 2738 Max.
1091 2684 1129 2735 ut
1144 2674 1234 2736 haec
1250 2674 1368 2737 omnia
1380 2673 1429 2735 irt

184 2782 260 2845 dies
274 2783 434 2860 singulos
448 2793 660 2861 augeantur,
677 2793 712 2844 et
729 2782 845 2862 magis
859 2783 1045 2861 magisque
1061 2790 1240 2844 crescant.

245 2888 373 2950 Sumus
398 2906 492 2951 nunc
517 2891 554 2951 in
580 2889 646 2951 hoc
672 2888 831 2967 Collegio
855 2889 906 2965 27,
934 2889 1094 2967 equibus
1120 2905 1184 2950 sex
1211 2886 1429 2950 sacerdote&

184 3007 276 3074 sunt;
294 2997 469 3075 ereliquis
481 3007 633 3076 quatuor
645 2996 793 3059 docendi
808 3013 951 3058 munere
964 2994 1172 3074 funguntur:
1187 2995 1322 3056 caeteri
1334 3005 1429 3055 uercr

184 3104 313 3184 partim
330 3104 537 3181 inseruiunt,
553 3103 683 3183 partim
698 3104 880 3166 literarum
896 3102 1011 3165 studia
1028 3111 1209 3165 exercent.

246 3209 348 3288 Quod
364 3221 482 3273 autem
499 3211 544 3273 ad
559 3210 708 3290 Collegii
725 3210 923 3272 aedificium
939 3209 1076 3286 attinet,
1091 3208 1284 3288 diligenter·
1306 3219 1338 3270 et
1362 3226 1429 3270 ac-

184 3328 307 3380 curate
323 3318 508 3380 extruitur:
527 3318 693 3397 quocirca
709 3318 809 3380 breui
826 3321 876 3390 (ut
891 3317 1088 3396 speramus)
1104 3317 1321 3379 absoluetur.
1339 3314 1429 3377 Hoc:

184 3425 278 3486 enim
293 3423 489 3503 Septembri
506 3441 648 3486 sacrum
663 3424 697 3485 in
714 3423 843 3502 templo
860 3422 935 3485 fieri
957 3423 1093 3502 incipit,
1120 3433 1226 3501 atque
1252 3423 1429 3501 deincep&

186 3532 234 3593 ibi
261 3531 436 3592 sacrificia
463 3532 580 3592 omnia
607 3530 702 3593 fient.
729 3530 928 3592 Cardinalis
955 3546 1106 3608 namque
1133 3539 1253 3591 uestes
1279 3545 1429 3601 omnes.

184 3654 275 3716 quae
291 3637 335 3698 ad
351 3637 509 3699 divinum
526 3639 658 3698 cultum
674 3653 800 3716 resque
817 3636 956 3698 diuinas
971 3636 1037 3697 rite
1052 3635 1279 3716 peragendas
1304 3635 1426 3715 requi-

184 3753 321 3821 runtur,
339 3760 476 3806 summo
493 3744 563 3805 iam
578 3743 694 3806 studio
711 3743 949 3806 conficiendas
964 3744 1116 3819 curauit,
1135 3761 1226 3824 quae
1243 3754 1317 3806 tum
1333 3742 1410 3805 mul-

185 3860 254 3928 tae,
271 3864 347 3913 tum
363 3851 539 3928 pretiosae
555 3861 646 3913 sunt.
666 3850 786 3928 Neque
804 3851 928 3912 harum
947 3868 1065 3913 rerum
1081 3851 1185 3930 copia
1200 3851 1306 3930 (quod
1325 3866 1429 3912 nunu

185 3960 256 4020 iam
272 3958 375 4020 facile
392 3958 559 4036 colligere
574 3957 776 4036 possumus)
793 3958 895 4020 nobis
909 3974 1064 4037 unquam
1087 3957 1123 4018 in
1146 3960 1277 4035 templo
1296 3965 1429 4018 nostro

184 4065 309 4126 deerit.
339 4065 390 4127 Eo
413 4073 530 4126 autem
553 4064 670 4125 animo
694 4063 863 4143 Princeps
885 4064 1036 4126 Enricus
1061 4063 1072 4092 ¹
1099 4065 1195 4126 circa
1222 4064 1291 4125 hoc
1315 4075 1429 4124 suut:

186 4172 370 4250 praedium
387 4170 535 4232 affectus
551 4180 614 4242 cst,
633 4180 670 4231 ut
687 4189 731 4231 ex
752 4187 794 4231 eo
819 4187 1040 4249 quocumque
1061 4172 1117 4231 uel
1140 4171 1284 4232 minimo
1302 4168 1429 4230 fruct:

186 4294 410 4354 summopere
426 4276 629 4338 delectetur.
651 4276 739 4338 Nam
753 4276 995 4355 superioribus
1007 4276 1143 4353 diebus,
1157 4293 1236 4338 cum
1249 4274 1291 4337 de
1302 4290 1429 4336 sace-

188 4454 399 4464 *--—.-

230 4555 237 4584 ¹
268 4551 493 4607 MarcoGeorgio.

228 4628 238 4656 ²
267 4626 336 4668 Idem
348 4625 495 4669 cardinalis
506 4632 531 4667 et
543 4624 767 4677 archiepiscopus,
780 4625 822 4677 qui
834 4635 923 4678 supra.
