3210 5392
208 427 263 487 blo
597 427 1050 495 errsnaeouaoarussrass

212 572 387 635 docebant
402 590 463 636 eos
472 573 592 635 decem
606 582 794 653 praecepta
807 572 980 651 decalogi,
995 571 1122 652 quibus
1134 572 1205 634 visi
1215 581 1289 634 sunt
1298 566 1392 649 aliquid

211 679 397 758 profuisse,
414 681 622 759 praesertim
640 679 779 741 cuidam
796 679 871 742 seni
887 689 1003 756 acuto,
1021 695 1102 741 cum
1118 696 1188 759 quo
1210 687 1393 758 posteaquam

212 803 317 866 saepe
347 785 562 866 disputatum
587 787 664 863 fuit,
691 786 780 849 dixit
806 786 949 848 tandem
975 803 1013 849 se
1037 784 1230 848 decernere
1250 803 1291 847 ex
1311 782 1396 845 anino
1444 866 1446 873 Ι

213 895 400 973 complecti
414 893 518 956 fidem
539 893 682 956 Christi.
707 892 784 956 Non
809 893 929 956 dubito
953 895 1081 955 multos
1104 910 1148 955 ex
1173 891 1224 954 eis
1243 889 1398 954 uberrimos

212 998 348 1062 fructus
363 1016 441 1062 esse
457 1010 625 1079 capturos
639 1018 684 1062 ex
698 1001 818 1062 labore
831 999 986 1075 assiduo,
999 999 1045 1061 ab
1058 999 1177 1078 aliquo
1190 1016 1234 1061 ex
1246 990 1397 1060 nostho·
1443 1058 1446 1063 .

214 1106 341 1169 cietatc
356 1117 531 1187 suscepte,
549 1108 585 1169 in
601 1107 668 1170 illis
683 1107 899 1170 instruendis
915 1106 950 1169 in
966 1105 1044 1169 fide.
1444 1106 1446 1169 ζ

273 1211 355 1275 Duo
371 1213 495 1276 Patres
510 1232 554 1277 ex
573 1214 676 1276 nobis
698 1214 811 1293 pridie
834 1213 903 1276 diei
928 1213 1023 1276 sacri
1048 1211 1192 1291 Virgini
1212 1210 1346 1286 Mariae,
1361 1224 1376 1287 q
1393 1205 1399 1218 ’
1444 1228 1446 1233 ·

214 1337 334 1382 mense
363 1318 527 1398 Augusto
556 1322 776 1396 celebratur,
811 1319 963 1383 Deniam
997 1330 1242 1396 accesserunt,
1276 1318 1328 1399 qui
1352 1312 1403 1378 suis

214 1427 444 1490 concionibus
458 1427 711 1507 frequentibus,
728 1427 909 1491 auditione
925 1426 1168 1490 confitentium
1183 1436 1323 1505 peccata
1333 1431 1359 1486 et
1369 1421 1402 1484 ir·

213 1534 408 1597 structione
423 1535 605 1598 doctrinae
620 1535 837 1598 christianae
862 1534 1053 1614 plurimum
1075 1534 1127 1611 (vt
1146 1550 1193 1596 ex
1211 1532 1323 1596 multis
1338 1525 1402 1593 colli·

214 1656 298 1719 gere
320 1641 428 1720 licuit)
450 1640 527 1704 Deo
548 1643 644 1721 grati
665 1642 818 1704 fuerunt.
845 1639 936 1704 Sunt
959 1658 1084 1704 omnes
1104 1641 1155 1703 illi
1180 1638 1325 1704 Deniani
1342 1637 1404 1700 bene

214 1746 345 1825 affecti,
362 1758 593 1828 posteaquam
609 1765 674 1811 nos
688 1748 767 1811 illos
791 1749 947 1811 salutare
969 1747 1163 1827 coepimus,
1187 1747 1233 1810 ad
1252 1743 1401 1825 suscipien-

214 1853 297 1918 dam
310 1872 434 1918 veram
448 1854 662 1919 doctrinam:
679 1873 829 1936 quorum
844 1855 939 1919 dicta
954 1865 988 1919 et
1002 1854 1099 1919 facta
1114 1865 1238 1935 aperte
1257 1852 1402 1917 declarant

213 1979 319 2041 quam
335 1961 563 2026 vehementer
577 1962 678 2025 nobis
693 1963 855 2026 omnibus
869 1963 941 2026 sint
955 1962 1099 2026 addicti.

274 2067 377 2146 Quod
391 2068 437 2132 ad
452 2068 577 2133 Patres
592 2080 626 2132 et
640 2069 770 2132 fratres
791 2069 928 2147 attinet,
949 2069 1044 2132 scias
1063 2085 1188 2133 omnes
1207 2063 1405 2149 peculiaribus

213 2175 504 2255 occupationibus
518 2176 679 2253 detineri,
696 2193 779 2239 nam
794 2176 854 2256 qui
869 2176 983 2240 literis
995 2176 1217 2254 incumbunt,
1232 2168 1401 2256 [quillectio

213 2282 318 2346 nibus
332 2282 553 2362 theologicis,
569 2283 742 2346 habentes
757 2292 926 2362 perpetuo
941 2283 1115 2346 rationem
1130 2283 1300 2346 virtutum
1311 2288 1339 2343 et
1349 2290 1403 2357 pro

211 2389 315 2469 priae
329 2389 587 2469 abnegationis,
605 2390 641 2452 in
660 2389 835 2467 omnibuS,
856 2389 974 2470 quoad
994 2389 1070 2453 eius
1093 2388 1171 2452 fieri
1193 2396 1314 2470 potest,
1333 2377 1403 2448 send

215 2495 411 2559 institutum
420 2496 666 2559 sanctissimae
674 2494 863 2560 Societatis
871 2497 1146 2559 conformantes.
1157 2493 1403 2559 Sacrificiautem

210 2604 251 2665 in
265 2602 376 2666 variis
390 2611 424 2665 et
440 2603 558 2665 multis
578 2603 873 2681 confessionibus,
896 2603 931 2665 in
951 2601 1195 2666 subueniendo
1214 2602 1268 2682 iis,
1290 2598 1341 2682 qui
1355 2596 1404 2658 itm

214 2710 370 2773 animam
384 2719 507 2788 agunt,
527 2710 564 2772 in
579 2727 667 2790 pace
683 2710 773 2772 inter
789 2709 954 2773 inimicos
968 2709 1228 2789 componenda,
1245 2718 1339 2789 atque
1350 2699 1405 2767 aliis

214 2828 310 2879 recte
325 2814 440 2896 factis,
457 2816 491 2878 in
508 2816 635 2896 quibus
650 2832 782 2895 magna
797 2816 932 2879 vtilitas
944 2816 1155 2894 continetur,
1171 2803 1404 2880 totumsuaevi·

214 2932 271 2985 tae
286 2933 425 3002 tempus
439 2925 639 2986 absumunt.
653 2922 812 2985 Docetur
823 2940 961 2986 summo
974 2921 1090 2986 studio
1102 2933 1137 2985 et
1150 2922 1326 3002 diligentia
1335 2909 1404 2981 fami·

215 3031 350 3093 liariter
371 3048 391 3092 a
411 3030 512 3093 nobis
533 3031 656 3093 diebus
676 3031 862 3093 dominicis
882 3040 916 3092 et
937 3030 1017 3093 aliis
1042 3029 1142 3092 festis
1167 3030 1322 3094 doctrina
1342 3020 1405 3088 chri·

215 3137 330 3198 stiana
351 3136 526 3215 frequenti
546 3137 733 3215 auditorio,
757 3155 827 3199 non
849 3152 1040 3215 puerorum
1062 3137 1180 3215 modo,
1202 3136 1263 3199 sed
1285 3135 1405 3198 virorum

215 3244 322 3306 etiarn
333 3253 439 3322 atque
453 3243 650 3320 mulierum,
668 3244 711 3306 de
726 3261 796 3323 qua
812 3244 848 3306 in
863 3243 995 3306 nostris
1017 3242 1165 3306 aedibus
1187 3244 1299 3307 sacris
1315 3236 1406 3303 diebus

215 3350 401 3412 dominicis
416 3351 504 3413 hora
519 3349 593 3412 fere
608 3350 712 3412 tertia
729 3367 749 3410 a
765 3349 911 3412 meridie
927 3349 1089 3428 publicae
1111 3350 1285 3413 habentur
1303 3338 1405 3410 concio·

217 3473 290 3531 nes,
309 3455 352 3517 ad
370 3473 458 3534 quas
481 3456 581 3519 multi
600 3455 794 3518 audiendas
815 3455 1003 3527 accedunt;
1027 3473 1093 3518 nec
1114 3457 1242 3519 minori
1261 3452 1362 3519 studio
1375 3437 1406 3506 ad

216 3580 289 3638 eaS,
307 3580 397 3639 quae
412 3579 516 3625 mane
532 3562 716 3625 habentur.
734 3560 862 3625 Paucis
883 3562 1011 3624 abhinc
1032 3563 1154 3625 diebus
1175 3563 1293 3626 vocati
1311 3559 1407 3623 luints

216 3687 238 3730 a
252 3669 366 3731 iudice
380 3669 485 3731 huius
501 3678 644 3731 nostrae
659 3668 832 3746 Gandiae,
850 3681 887 3732 vt
904 3669 1091 3749 quemdam
1106 3670 1213 3732 morti
1235 3667 1407 3733 condenna-

216 3789 302 3853 tum,
320 3785 467 3854 peccata
482 3794 547 3838 sua
562 3776 721 3839 confiteri
737 3776 926 3854 volentem,
944 3776 1147 3839 audiremus
1167 3791 1201 3839 et
1220 3778 1251 3839 ei
1272 3772 1408 3840 moritur⁰

216 3882 348 3945 nostris
364 3882 661 3945 admonitionibus
676 3900 777 3962 opem
794 3882 977 3960 ferremus
995 3901 1101 3962 quam
1122 3884 1335 3963 prouinciam
1351 3882 1407 3938 clm

217 3991 286 4053 duo
307 4009 352 4053 ex
372 3991 503 4053 nostris
523 3989 687 4053 Patribus
707 3991 957 4069 suscepissent,
985 4007 1047 4070 per
1074 4000 1186 4054 totam
1211 4003 1342 4055 noctem
1360 3988 1409 4042 rua

216 4114 297 4160 cum
312 4107 413 4176 parte
429 4098 609 4177 sequentis
624 4096 704 4174 diei,
721 4096 833 4159 donec
849 4097 972 4159 vltimo
988 4097 1161 4177 supplicio
1175 4097 1365 4166 afficeretur,
1375 4083 1410 4146 ita

217 4213 298 4266 sunt
315 4221 395 4267 cum
411 4203 469 4265 illo
486 4204 652 4266 collocuti
668 4205 711 4265 de
727 4203 901 4279 omnibus,
918 4221 1009 4283 quae
1024 4204 1070 4266 ad
1086 4206 1238 4268 salutem
1253 4199 1410 4276 animiper·

216 4310 386 4386 tinebant,
404 4320 443 4371 vt
461 4327 629 4388 magnam
652 4310 792 4386 copiam
808 4311 1085 4388 lachrymarum,
1113 4310 1343 4389 cognitionem
1358 4309 1409 4362 ⁵⁶2·

217 4419 340 4495 lerum,
358 4435 526 4497 spemque
541 4417 733 4479 maximam
749 4415 854 4478 fuerit
870 4425 1096 4479 consecutus.
1115 4416 1301 4481 Praeterea
1314 4414 1409 4489 cognl·

218 4524 267 4585 uit
283 4522 468 4586 manifeste
483 4524 625 4602 quantis
640 4522 820 4584 beneficiis
837 4541 857 4584 a
876 4521 953 4585 Deo
969 4521 1181 4602 afficeretur,
1196 4522 1287 4605 quod
1297 4537 1329 4583 se
1337 4502 1407 4602 eruci

216 4629 312 4708 affigi
328 4630 564 4710 permitteret:
581 4630 670 4691 adeo
686 4628 809 4690 lubens
824 4628 869 4689 ad
886 4629 1098 4708 supplicium
1120 4630 1315 4703 accedebat,
1334 4635 1361 4685 vt
1376 4614 1408 4677 dt
