3240 5386
672 415 843 474 errcanu
866 432 1136 484 Quanamusrmts

789 1148 1013 1233 CDXLVI

343 1546 382 1605 N.
399 1546 502 1604 Leon.

380 1645 470 1703 Patri
485 1645 611 1716 lauatio
625 1644 665 1702 de
680 1645 818 1717 Loyolu.

417 1743 625 1807 Vallisoleto‚
637 1742 674 1800 30
686 1742 881 1801 Decembris
898 1742 966 1801 1555
980 1743 998 1797 ¹.

872 2027 946 2145 riis

353 2376 554 2439 Admodum
570 2375 646 2438 R.de
664 2376 700 2437 in
715 2375 779 2438 Χ.ο
793 2375 898 2438 Pater
914 2385 1044 2438 noster.

353 2481 476 2546 Gratia
490 2495 522 2545 et
538 2481 614 2545 Pax
628 2481 684 2545 X.i
705 2494 771 2544 etc.

353 2589 452 2668 Quae
467 2589 530 2652 tibi
546 2590 581 2652 in
607 2590 662 2652 his
684 2601 836 2669 quatuor
858 2589 1098 2669 superioribus
1118 2589 1311 2668 mensibus,
1335 2590 1452 2655 Pater
1473 2593 1531 2654 ad-

289 2696 431 2759 modum
449 2696 551 2759 nobis
566 2696 724 2771 colende,
745 2696 932 2759 scribenda
954 2704 1157 2775 occurrunt,
1173 2697 1338 2774 generali
1362 2715 1536 2761 sermone

289 2804 597 2882 comprehendam.

349 2909 458 2972 Solita
475 2911 671 2988 spiritualia
689 2911 859 2972 exercitia
877 2910 951 2989 (Χ.ο
968 2910 1067 2986 duce)
1089 2911 1125 2971 in
1145 2910 1220 2971 dies
1242 2911 1425 2974 maiorem
1446 2914 1534 2991 (sic)

288 3017 544 3078 incrementum
570 3017 755 3095 recipiunt.
784 3016 1026 3095 Frequentant
1051 3026 1211 3078 nostram
1236 3034 1441 3096 pauperem
1472 3021 1532 3082 do·

289 3140 384 3184 mum
401 3133 585 3201 magnates
608 3123 711 3185 huius
734 3124 853 3185 curiae
879 3141 1012 3199 omnes,
1037 3126 1092 3185 uel
1115 3125 1239 3184 saltem
1262 3125 1382 3187 maior
1404 3144 1530 3189 eorum

288 3247 383 3309 pars
402 3248 480 3291 cum
499 3240 536 3291 ut
548 3231 675 3291 diuinis
688 3230 810 3291 officiis
823 3231 931 3309 quieti
944 3241 977 3291 et
990 3231 1169 3309 tranquilli
1181 3230 1346 3292 intersint
1360 3233 1421 3308 (ad
1434 3235 1530 3313 quod

289 3348 433 3397 nostrae
450 3335 574 3397 domus
589 3337 766 3398 silentium
782 3348 815 3397 et
828 3337 968 3398 deuotio
982 3354 1044 3397 eos
1057 3337 1256 3415 prouocat),
1271 3349 1348 3398 tum
1362 3351 1401 3400 ut
1414 3340 1461 3401 de
1475 3342 1531 3416 iis,

290 3461 381 3522 quae
398 3444 442 3504 ad
459 3443 655 3513 animorum
673 3446 822 3505 salutem
838 3443 1081 3505 tantummodo
1098 3444 1285 3521 pertinent,
1303 3454 1339 3505 et
1357 3446 1405 3508 ad
1425 3464 1530 3509 suum

291 3552 325 3612 in
350 3551 537 3612 uirtutibus
558 3550 755 3628 proiectum
777 3560 948 3628 spectant¹
977 3551 1160 3612 nobiscum
1184 3552 1216 3611 in
1240 3552 1475 3616 confessione
1498 3568 1531 3615 et

290 3667 390 3719 extra
408 3657 501 3718 illam
519 3657 789 3718 communicent.
812 3658 997 3719 Accedunt
1019 3658 1063 3718 ad
1084 3656 1139 3718 X]
1161 3657 1244 3737 Jesu
1266 3675 1435 3722 mensam
1460 3679 1530 3724 non

289 3767 402 3826 solum
420 3765 454 3825 in
468 3765 590 3825 dicbus
611 3764 809 3840 dominicis,
834 3765 1020 3825 sedetiam
1043 3764 1205 3825 omnibus
1225 3764 1353 3825 diebus
1376 3766 1532 3841 festinis,

290 3871 553 3950 quamplurimi;
571 3871 635 3932 etsi
656 3871 776 3948 templi
795 3872 958 3949 angustia
981 3888 1046 3931 nos
1066 3889 1135 3931 non
1160 3882 1339 3948 premeret
1361 3885 1532 3956 essetque

289 3978 348 4056 qui
374 3976 429 4039 Χ.ἰ
450 3977 647 4038 doctrinam
675 3976 876 4048 seminaret,
904 3978 1104 4038 nullatenus
1126 3976 1289 4038 omnibus
1312 3981 1534 4045 satisfacere

290 4101 483 4162 possemus.
510 4083 683 4145 Dominus
706 4082 785 4161 Opt.
814 4083 922 4160 ilar,
947 4085 1047 4145 cuius
1070 4083 1159 4144 haec
1182 4092 1282 4144 tanta
1305 4088 1445 4150 messis
1468 4104 1535 4157 est„

289 4208 379 4270 quae
395 4190 439 4251 ad
457 4192 625 4251 maiorem
643 4191 752 4267 ipsius
769 4190 908 4250 laudem
923 4201 1152 4260 concernunt,
1171 4190 1291 4251 faciat.

332 4502 339 4531 ¹
368 4502 785 4555 Autographac‚insoliodupliei.
799 4514 822 4542 n.
844 4501 890 4543 5³6.
908 4501 947 4542 Ex
966 4504 1059 4545 volum.
1079 4501 1209 4544 anni1556.
1229 4501 1371 4548 Pertinent
1392 4517 1486 4553 tamen
1504 4513 1536 4553 ad

290 4575 356 4616 hunc
374 4586 466 4617 annum
486 4576 536 4617 tofo
552 4583 578 4617 nt
597 4588 626 4616 ex
646 4575 757 4617 Pornucr
776 4574 909 4622 Cirrorn‘co,
927 4583 944 4615 t.
963 4588 988 4623 vp
1005 4574 1133 4617 evincitur
1151 4582 1176 4616 et
1194 4585 1226 4616 ex
1243 4580 1481 4633 superscriptione
1501 4585 1537 4624 ct!

289 4646 318 4687 Ι).
330 4645 476 4698 Ignarum.
