3210 5392
258 415 312 473 110
642 414 814 478 turam
831 431 1103 486 ouauaumsrans

254 561 400 624 cultatis
419 561 568 641 delectu,
592 563 710 644 quise
729 563 873 643 negotia
894 572 1018 627 nostra
1040 578 1191 644 syncere
1205 569 1394 625 curaturos
1407 578 1494 643 pro·

256 668 396 732 misere.
412 668 534 749 Itaque
549 669 617 734 hoc
632 670 802 751 temporis
816 670 967 734 articulo
986 668 1114 748 viginti
1131 668 1237 732 facile
1249 667 1495 733 nominatissi-

256 775 305 839 mi
326 776 485 855 theologi
508 778 641 841 nostris
665 776 916 859 diplomatibus
938 776 1187 840 examinandis
1216 774 1421 856 inuigilant,
1447 786 1494 838 rt

256 883 401 948 tandem
414 883 613 964 vniuersae,
630 882 798 949 Doctoris
816 884 958 949 Picardi
978 883 1190 948 auctoritate
1211 883 1335 947 forsan
1348 899 1492 964 permo-

255 990 403 1070 uendae,
424 991 646 1071 theologicae
665 991 861 1056 Facultatis
875 991 1052 1055 communi
1067 990 1210 1055 decreto
1225 989 1269 1054 de
1284 989 1386 1054 uobis
1407 1006 1493 1053 nos·

254 1097 389 1178 trisque
412 1097 609 1180 priuilegiis
633 1100 768 1163 feratur
790 1099 979 1162 sententia.
999 1097 1070 1178 Ipsi
1094 1097 1250 1161 viderint
1271 1114 1315 1161 ne
1340 1095 1493 1162 Pontifi-

255 1205 350 1268 ciam
364 1205 625 1284 auctoritatem,
641 1206 758 1286 magis
771 1223 879 1287 quam
892 1204 1082 1271 Societatis
1094 1204 1186 1285 jura,
1203 1202 1394 1267 offendant.

316 1309 409 1374 RQ·
427 1310 533 1377 Pater
547 1323 754 1377 nosternon
768 1313 976 1378 decreuerat
987 1314 1056 1378 hoc
1067 1322 1227 1393 tempore
1238 1311 1493 1391 theologorum

256 1416 404 1481 arbitrio
425 1436 571 1483 causam
590 1429 750 1483 nostram
769 1404 908 1498 offerre,
929 1420 997 1483 nisi
1017 1419 1195 1501 praesidio
1217 1427 1252 1482 et
1271 1417 1493 1481 auctoritate

254 1525 345 1587 tanti
356 1524 424 1588 viri
436 1525 619 1605 impulsus,
631 1526 691 1606 qui
703 1526 845 1607 quidem
856 1535 955 1589 tanto
970 1542 1036 1589 nos
1049 1526 1174 1589 fauore
1188 1523 1425 1605 prosequitur,
1446 1534 1492 1587 rt

253 1631 351 1694 solus
366 1648 409 1695 ac
423 1631 559 1713 primus
572 1632 737 1696 videatur
750 1641 911 1696 nostrum
925 1649 1016 1696 onus
1030 1649 1133 1695 omne
1154 1632 1191 1695 in
1213 1648 1297 1695 suos
1315 1629 1490 1695 humeros

254 1738 451 1802 sustulisse.
474 1738 566 1802 Nam
579 1739 701 1803 literas
714 1738 946 1802 immunitatis
959 1739 1082 1818 regiae
1096 1738 1198 1801 bonis
1213 1736 1258 1801 ab
1272 1737 1450 1818 Episcopo
1479 1737 1489 1769 ²

253 1842 422 1908 Societati
438 1845 565 1909 dicatis
585 1844 800 1925 irrogandae
815 1845 887 1909 iam
901 1845 1006 1909 tertio
1020 1843 1173 1908 describi
1187 1843 1359 1925 nobisque
1373 1843 1487 1924 impe-

253 1959 367 2014 tratas
381 1951 480 2016 reddi
502 1952 652 2017 curauit:
669 1970 759 2033 quae
773 1969 842 2032 res,
859 1961 1001 2033 praeter
1015 1951 1250 2031 grauissimos
1264 1950 1417 2028 labores,
1434 1949 1490 2012 fa·

190 2070 193 2075 ’
254 2058 320 2122 cile
332 2059 590 2139 quinquaginta
601 2069 850 2123 coronatorum
865 2058 1043 2139 impendio
1054 2058 1157 2122 nobis
1168 2056 1397 2122 constitisset.
1411 2055 1491 2121 Nec

253 2164 394 2229 interim
410 2164 551 2230 Patrem
565 2182 694 2246 vrgere
717 2166 861 2242 destitit,
878 2176 917 2229 vt
938 2166 1201 2246 eleemosynam
1222 2165 1412 2245 acciperet,
1434 2162 1493 2226 sa·

253 2272 371 2335 miliae
385 2282 529 2336 nostrae
548 2273 831 2354 impendendam:
856 2272 1016 2352 promisit
1037 2289 1075 2336 se
1091 2271 1180 2352 Regi
1199 2272 1211 2305 ¹
1225 2271 1408 2351 negotium
1422 2269 1485 2335 So·

251 2379 391 2442 cietatis
411 2379 505 2443 serio
530 2380 874 2460 commendaturum,
900 2381 930 2444 si
950 2380 1108 2459 theologi
1129 2397 1151 2443 a
1171 2378 1303 2443 nostris
1325 2378 1493 2459 partibus

250 2502 322 2548 non
337 2486 512 2551 steterint:
528 2487 623 2550 haud
634 2487 784 2565 vulgare
801 2485 996 2550 subsidium
1009 2487 1140 2566 templo
1155 2485 1304 2565 Collegii
1319 2494 1486 2549 extruen-

251 2593 296 2656 do
311 2594 507 2674 pollicetur.
525 2592 717 2657 Praediues
732 2604 785 2658 est
804 2591 847 2658 ac
866 2610 1026 2657 summae
1048 2592 1281 2657 auctoritatis
1302 2590 1489 2656 Facultati

252 2701 485 2780 theologicae,
502 2718 566 2781 pro
582 2718 679 2764 more
696 2710 851 2782 recepto,
872 2701 950 2782 ipso
972 2700 1108 2764 decano
1127 2699 1356 2780 efflagitante,
1376 2697 1487 2763 Sena·

251 2816 308 2871 tus
322 2806 438 2871 edicto
453 2825 516 2889 per
527 2807 713 2871 ostiarium
723 2807 940 2886 denuntiato,
949 2807 1131 2886 negotium
1140 2806 1273 2870 decreti
1284 2804 1423 2870 ferendi
1435 2805 1490 2868 in·

250 2915 408 2977 iunctum
419 2924 483 2992 est,
498 2924 546 2992 vt,
559 2914 710 2994 abrupta
718 2931 830 2989 mora,
840 2929 940 2977 suam
952 2912 1134 2994 proferant
1147 2911 1325 2977 communi
1335 2929 1487 2976 consen·

250 3037 291 3083 su
317 3020 474 3099 theologi
497 3021 724 3085 sententiam.
757 3019 878 3100 Itaque
910 3019 1115 3100 propediem
1146 3018 1250 3083 finem
1279 3034 1485 3098 speramus:

249 3125 411 3190 Christus
435 3126 524 3190 laxit
550 3144 771 3207 prosperum,
798 3144 882 3190 nam
906 3125 979 3189 sere
1004 3126 1161 3207 quotidie
1179 3126 1308 3206 viginti
1332 3126 1489 3206 negotio

249 3233 471 3296 discutiendo
487 3232 731 3297 immorantur.
754 3232 931 3296 Proximis
950 3231 1063 3295 literis
1085 3232 1258 3313 intelliget
1280 3229 1489 3296 Paternitas

249 3348 310 3402 tua
324 3339 375 3403 rei
391 3356 608 3404 successum.

309 3444 410 3509 ΚΜ
431 3445 629 3527 Episcopus
653 3446 928 3511 clarmontanus
955 3446 1072 3509 adhuc
1097 3464 1119 3509 a
1143 3445 1351 3510 Pentecoste
1376 3444 1486 3512 Lute-

248 3554 318 3617 tiae
333 3553 468 3632 haeret,
484 3569 593 3632 aegre
609 3562 689 3617 ante
709 3554 873 3634 hyemem
892 3571 958 3616 nos
976 3553 1175 3617 relicturus.
1200 3551 1346 3633 Recepit
1365 3551 1485 3619 Roma

245 3661 367 3724 literas
385 3678 407 3724 a
427 3661 557 3726 celebri
576 3660 666 3735 viro,
688 3660 878 3740 aliquando
901 3659 1128 3724 Minimorum
1150 3658 1253 3724 Patre
1269 3657 1441 3724 Generali
1455 3660 1481 3741 ⁸,

246 3766 392 3830 mirifice
418 3766 567 3847 Collegii
587 3764 775 3831 Societatis
794 3765 945 3830 Romani
960 3766 1083 3829 laudes
1104 3767 1324 3845 extollentes,
1349 3768 1485 3848 quibus

246 3872 443 3953 Episcopus
454 3875 602 3936 multum
614 3873 808 3936 delectatus
819 3883 883 3936 est:
898 3883 1004 3953 vrget
1018 3890 1095 3951 nos,
1110 3883 1148 3936 vt
1160 3873 1358 3953 Collegium
1373 3873 1481 3939 Billo·

245 3996 366 4042 mense
382 3980 561 4059 auspicari
582 3997 822 4060 properemus,
839 3980 926 4043 nihil
942 3980 1163 4059 ambigentes
1176 3979 1220 4044 de
1235 3981 1311 4045 eius
1326 3981 1481 4046 liberali·

246 4095 330 4150 tate.
352 4086 515 4155 Asseruit
534 4086 632 4150 Patri
652 4104 690 4150 se
711 4087 842 4151 habere
864 4087 1022 4151 redditus
1044 4104 1109 4150 sex
1131 4087 1278 4151 millium
1302 4087 1481 4153 librarum

245 4192 485 4257 francicarum
511 4212 529 4257 e
554 4194 656 4257 bonis
680 4194 931 4258 ecclesiasticis
957 4203 1194 4274 comparatos,
1215 4211 1306 4275 quos
1329 4195 1484 4276 proinde

286 4507 296 4541 ¹
324 4506 553 4551 clermontanum
564 4506 690 4561 intellige,
701 4507 856 4551 Gulielmum
867 4507 899 4551 du
911 4506 983 4551 Prat.

285 4579 297 4610 ³
325 4578 437 4622 ilenrico
447 4576 482 4621 11.

286 4651 297 4682 ³
325 4652 428 4705 caspar
437 4659 454 4691 a
464 4647 544 4694 Fosso
557 4655 597 4696 vel
607 4648 640 4694 de
651 4650 744 4696 Fossa.
757 4650 822 4695 Vlde
835 4649 945 4694 Pouaacr
955 4650 1110 4704 chronicon,
1120 4657 1136 4694 t.
1149 4660 1184 4705 ιν,
1195 4660 1255 4705 pag.
1264 4649 1314 4706 ihi,
1324 4661 1348 4695 u
1357 4650 1408 4696 69&
