3240 5386
194 449 251 508 754
595 449 768 508 errnaan
782 465 1054 513 Quanamnsrass

192 595 306 657 tribus
320 594 519 674 SocietatiS,
538 606 576 659 vt
592 597 742 676 epistola
769 596 883 658 eidem
905 596 995 658 libro
1021 594 1178 675 praefixa
1203 595 1305 657 sati's
1320 596 1442 659 decla.

192 711 248 765 rat
266 701 287 780 ¹,
304 711 339 765 et
354 703 442 765 haec
454 703 617 783 ipsorum
644 704 799 784 propria
824 703 1024 782 deuotione,
1040 719 1147 782 quam
1167 719 1260 780 erga
1276 701 1437 765 Societa-

190 817 261 872 tem
276 808 586 888 habent,faciunt,
602 828 676 872 nori
692 809 847 873 ali'cm'us
861 809 1035 871 instinctu
1050 807 1072 868 ².
1086 807 1180 871 Rau,
1200 808 1248 872 D.
1269 808 1437 890 Gruppe·

141 988 143 992 Α
192 931 264 994 rus,
282 917 744 980 archidiaconusRstsss‘re'
757 915 912 990 nostrr'³‚
940 918 1088 980 multum
1111 915 1222 979 etiam
1248 915 1436 979 desiderat
1461 974 1465 979 .

190 1021 249 1085 bic
264 1023 402 1103 aliquos
417 1022 609 1087 Societaiis
624 1023 759 1103 viliore,
776 1029 811 1086 ct
828 1031 900 1103 pro
922 1039 1060 1101 niagno
1081 1028 1227 1102 cuperet
1255 1023 1368 1085 modo
1383 1022 1440 1084 lu'c

191 1128 334 1208 ali'quos
348 1146 426 1191 esse
440 1127 461 1192 ⁴.
479 1130 513 1193 ls
527 1149 573 1194 ex
587 1132 790 1211 praecipuis
804 1139 869 1206 est,
891 1147 993 1208 quem
1008 1128 1019 1160 ⁸
1033 1128 1226 1192 formidant
1242 1129 1434 1206 haeretici,

189 1236 250 1316 qui
264 1253 341 1298 sese
355 1237 570 1300 aduersariis
592 1237 673 1300 fidei
688 1246 857 1317 tanquam
872 1253 1011 1299 murum
1025 1237 1349 1316 inexpugnabilem
1374 1254 1435 1317 op·

188 1343 298 1421 ponit:
313 1344 384 1405 iam
394 1342 606 1422 imprimitur
618 1344 703 1407 liber
716 1343 759 1406 de
771 1342 1017 1407 Eucharistiae
1038 1339 1050 1371 ⁰
1068 1353 1312 1422 sacramento,
1327 1361 1436 1424 quem

189 1448 265 1529 ipse
281 1450 478 1528 composuit
495 1460 619 1512 contra
635 1451 845 1513 haereticos.

249 1553 585 1619 Commendauimus
601 1556 832 1620 Paternitatis
859 1556 1010 1619 Vestrae
1032 1565 1067 1619 et
1081 1555 1234 1619 fratrum
1261 1557 1438 1636 precibus

188 1661 343 1725 animam
359 1661 511 1725 Gerardi
527 1662 788 1728 Dordracensis
815 1663 836 1741 ⁷,
861 1681 952 1744 quae
978 1664 1056 1743 ipso
1070 1662 1126 1726 die
1141 1662 1228 1726 Divi
1244 1664 1431 1727 Leonardi
1508 1726 1517 1742 ,

187 1768 338 1831 Abbatis
352 1767 365 1798 ⁸
379 1770 584 1848 migrauita
610 1787 771 1850 corpore,
799 1781 833 1832 et
860 1769 976 1849 modo,
1003 1770 1094 1833 sicut
1117 1785 1327 1849 speramuS,
1347 1788 1431 1835 cum

185 1874 250 1938 Χ.0
264 1874 417 1938 Domino
433 1886 558 1954 regnat
572 1876 608 1938 in
623 1878 750 1956 gloria3
768 1894 874 1957 quem
888 1876 1088 1940 Gerardum
1111 1876 1141 1938 si
1163 1877 1431 1940 commendare

185 1981 361 2058 deberem,
378 2000 448 2044 non
464 2000 604 2062 possem
619 1985 718 2062 satis;
731 1993 869 2047 tantam
884 1984 977 2046 enim
991 1981 1199 2063 patientiam
1212 1983 1251 2045 in
1264 1993 1345 2046 tota
1362 2001 1430 2047 sua

185 2088 388 2151 infirmitate
404 2089 537 2167 habuit,
554 2098 593 2152 vt
609 2108 652 2153 ne
669 2091 853 2153 verbulum
880 2088 1033 2170 quidem,
1060 2098 1121 2152 aut
1145 2089 1293 2168 signum
1321 2091 1423 2154 mini·

185 2211 283 2258 mum
311 2195 551 2275 impatientiae
580 2213 738 2277 vnquam
760 2196 966 2273 ostenderit,
980 2194 1042 2258 sed
1068 2195 1144 2258 Deo
1169 2212 1251 2258 sese
1278 2213 1429 2278 semper

186 2301 467 2364 commendabat.
480 2301 587 2381 {Quid
599 2301 641 2364 de
657 2303 734 2365 eius
745 2302 956 2380 obedientia,
972 2318 1064 2382 quae
1076 2319 1216 2381 semper
1228 2287 1425 2384 promptis·

186 2407 276 2470 sima
290 2406 369 2470 suit?
384 2406 457 2470 Nec
477 2408 596 2471 dubito
612 2409 696 2489 quin
717 2409 935 2488 virginitatis
951 2409 1132 2471 aureolam
1156 2425 1178 2469 a
1189 2405 1354 2472 Domino
1379 2411 1425 2473 sit

188 2526 412 2577 consecutus,
431 2512 517 2594 Quis
531 2531 602 2578 non
614 2516 919 2594 congratulabitur
935 2514 1098 2578 Gerardo
1112 2524 1249 2591 nostre,
1264 2516 1329 2595 qui
1347 2515 1428 2579 Deo

188 2621 317 2701 dignus
332 2621 495 2683 inuentus
520 2632 584 2699 est,
611 2621 759 2703 ideoque
775 2622 924 2699 ablatus,
948 2639 992 2684 ne
1017 2620 1121 2684 huius
1146 2621 1268 2684 mundi
1283 2623 1426 2686 malitia

186 2727 408 2790 subuerteret
423 2744 485 2789 cor
499 2727 590 2790 eius?
605 2727 716 2790 Extra
731 2729 885 2807 patriam
900 2727 1060 2806 moritur,
1086 2727 1146 2808 qui
1166 2727 1339 2807 patriam,
1363 2748 1431 2810 pa·-

185 2845 314 2909 rente5‚
331 2834 502 2898 bonorem
516 2845 551 2897 et
564 2835 716 2914 gloriam
736 2835 857 2897 mundi
879 2834 995 2909 huiuS,
1023 2849 1103 2895 cum
1128 2833 1201 2895 suis
1224 2836 1425 2914 voluptati·

185 2941 261 3019 buS,
278 2941 361 3021 Jesu
381 2959 501 3003 amore
524 2942 608 3017 (sic)
630 2952 890 3020 postposuerat,
915 2940 1033 3002 omnia
1049 2940 1243 3002 arbitratus
1263 2951 1305 3003 vt
1327 2960 1424 3005 vana

185 3057 221 3109 et
233 3048 449 3125 transitoria,
468 3059 505 3109 vt
521 3048 611 3109 ΧΨ
626 3049 691 3110 sibi
707 3049 944 3123 lucrifaceret,
967 3059 1002 3108 et
1017 3046 1184 3126 quicquid
1207 3063 1321 3125 opere
1339 3066 1427 3111 non·

186 3154 269 3216 dum
283 3164 465 3233 praestare
481 3165 620 3233 poterat
633 3156 681 3231 (in
707 3156 810 3217 vinea
826 3154 968 3216 Domini
984 3153 1119 3215 scilicet
1134 3155 1334 3232 operando)
1352 3157 1424 3219 iam

185 3261 359 3323 desiderio
385 3261 661 3339 flagrantissimo
690 3263 910 3339 impleuerat.
944 3260 1090 3322 Vtinam
1112 3257 1188 3322 Deo
1215 3270 1291 3339 opt.
1324 3279 1422 3326 max.

185 3367 313 3446 dignas
337 3367 462 3429 laudes
486 3368 617 3429 referre
643 3385 795 3446 possem,
823 3368 884 3446 qui
910 3367 955 3428 ad
981 3383 1046 3427 nos
1060 3365 1261 3429 Gerardum
1278 3370 1426 3432 mittere

186 3473 352 3551 dignatus
369 3485 433 3551 est,
451 3491 555 3553 quem
572 3475 653 3536 licet
668 3474 788 3536 viuum
804 3474 902 3551 digni
923 3489 1068 3534 seruare
1083 3490 1153 3534 non
1167 3471 1320 3552 suimus,
1340 3494 1431 3540 mor·

185 3591 284 3642 tuum
299 3583 425 3642 saltem
440 3582 683 3642 retineremus.
701 3580 778 3642 Non
794 3592 878 3660 puto
891 3580 967 3641 sine
982 3596 1091 3640 causa
1103 3577 1248 3657 sactum,
1264 3583 1366 3660 quod
1381 3588 1433 3646 vl-

198 3772 403 3780 .----

226 3891 232 3921 ¹
263 3890 302 3932 cf.
315 3889 381 3931 Acta
390 3890 559 3940 Sanctorum,
567 3901 653 3932 mense
662 3889 737 3940 Julio.
747 3897 765 3932 t.
775 3901 820 3939 vn.
827 3891 866 3933 De
878 3890 976 3932 Sancto
986 3890 1101 3942 ignatio,
1113 3889 1210 3932 Comm.
1219 3897 1336 3947 praev„
1345 3909 1372 3938 n.
1382 3897 1432 3948 391,

187 3968 213 4003 ct
234 3959 366 4004 Drosnaoo
389 3960 556 4013 cinicino,
574 3961 757 4004 Bibliothecae
775 3962 941 4015 Scriptorum
963 3961 1105 4004 Socieiaiis
1123 3961 1189 4015 Jesu
1215 3964 1437 4018 supplementa,

186 4044 248 4087 pag.
258 4034 293 4076 75.

227 4105 238 4135 ²
267 4113 292 4148 et
304 4105 369 4148 haec
382 4108 409 4146 ui
420 4115 498 4146 suam
510 4105 675 4147 devotionem
688 4116 751 4158 erga
763 4104 917 4147 Societatem
929 4107 1070 4147 testentur.
1082 4103 1225 4148 Porticus

231 4176 242 4205 ³
271 4175 467 4228 Archleplscopl
480 4173 646 4217 coloniensis.

227 4248 239 4279 ⁴
270 4248 370 4291 alienos
378 4246 411 4288 eie
422 4245 562 4288 societate.
575 4246 714 4289 Porarrcus.

229 4318 241 4348 5
270 4316 394 4371 puos.1n.

227 4387 239 4420 ὓ
267 4389 453 4431 chl’olancus
470 4386 501 4429 ad
520 4386 630 4440 paginae
647 4398 718 4430 oram
737 4389 840 4442 scripsit
857 4391 964 4431 verbum
980 4387 1181 4440 Eucharistiae,
1192 4389 1256 4441 quia
1275 4395 1352 4445 quod
1372 4398 1438 4439 scri·

187 4467 277 4512 pscrat
287 4459 439 4503 Leonardus
452 4458 540 4500 Kersel
551 4467 611 4499 cera
623 4458 701 4510 sigilli
714 4467 771 4502 erat
782 4467 941 4511 coopertum.

228 4530 238 4562 ⁷
267 4531 332 4574 Vide
345 4531 389 4573 Pet
398 4541 457 4573 Alter
469 4528 625 4575 chronicon.
635 4537 653 4570 t.
663 4539 699 4575 ur,
711 4541 770 4582 pag.
782 4531 834 4579 7,n.
845 4531 865 4572 i».

228 4601 241 4635 ⁸
269 4602 316 4645 Die
326 4604 358 4646 6.·
368 4599 608 4644 Novembris-His
618 4602 719 4652 corrige
733 4601 880 4653 mimica,
889 4605 904 4645 l.
917 4614 947 4654 c.‚
959 4602 1001 4656 qui
1010 4603 1078 4646 bunc
1087 4601 1235 4646 Gerardum
1245 4605 1284 4648 ait
1296 4618 1440 4655 mortuum

190 4683 257 4717 anno
269 4674 328 4716 1550.
