3210 5392
180 430 235 488 230
566 431 737 491 Lusum
756 449 1027 501 Quantumssrass

182 574 376 639 Doctrinae
400 578 549 640 materia
572 577 646 641 sere
662 579 860 642 auditorum
875 578 1016 642 utilitati
1032 579 1181 642 inseruit
1195 585 1232 641 et
1246 578 1411 658 tempori,

181 699 331 762 quorum
346 692 445 746 tanta
461 695 513 747 est
528 684 653 764 religio
667 686 850 766 pietasque
870 686 907 748 in
925 685 1052 765 Deum,
1072 695 1112 749 vt
1126 684 1188 748 uix
1203 694 1277 747 tam
1292 683 1414 748 multis

182 789 332 853 sufficiat
346 793 525 871 templum,
544 801 788 872 cogunturque
802 810 867 872 pro
881 791 1017 856 loribus
1032 792 1165 856 audire.

242 897 342 961 Multi
356 899 539 979 utriusque
554 915 672 978 sexus,
690 899 810 963 audito
824 916 928 962 sacro
944 917 986 963 ac
1001 900 1183 977 concione,
1208 898 1318 961 ieiuni
1332 914 1411 978 per·

183 1013 327 1068 manent
342 1005 377 1068 in
391 1006 534 1085 templo,
551 1023 620 1086 quo
639 1007 776 1086 possint
795 1006 1075 1087 pomeridianam
1095 1006 1296 1070 doctrinam
1316 1003 1413 1068 audi·

183 1130 234 1189 re,
255 1112 410 1175 contenti
424 1113 599 1192 spirituali
620 1113 709 1187 cib0,
730 1131 798 1194 quo
821 1113 951 1177 ibidem
973 1113 1188 1177 reficiuntur.
1205 1112 1346 1176 Tantus
1361 1122 1419 1175 est·

184 1216 315 1296 feruor,
332 1227 431 1282 tanta
443 1219 641 1282 animorum
656 1220 903 1299 tranquillitas,
919 1230 957 1283 vt
977 1237 1059 1283 cum
1073 1220 1118 1282 sit
1140 1218 1310 1282 refertum
1330 1227 1417 1282 tem·

184 1326 292 1404 plum,
317 1326 414 1388 nulla
436 1336 554 1388 tamen
576 1326 995 1407 sentiaturperturbatio,
1008 1324 1153 1408 perinde
1168 1343 1212 1388 ac
1227 1325 1257 1388 si
1273 1325 1415 1389 adesset

185 1448 301 1494 nemo.
319 1430 409 1495 Cum
424 1432 586 1495 aedituus
598 1433 732 1495 diceret
743 1433 884 1496 cuidam
895 1441 934 1496 vt
945 1433 1143 1496 discederet
1155 1432 1307 1510 (abierat
1317 1449 1413 1495 nam·

186 1556 252 1618 que
278 1537 477 1617 meridies),
500 1538 694 1618 respondit:
722 1538 937 1603 “Redibone-
946 1539 1106 1619 domum,
1129 1547 1280 1619 excepta
1308 1540 1419 1619 paulo

185 1654 267 1708 ante
278 1656 510 1709 sacrosancta
518 1644 1036 1724 Eucharistia?„.Concionibus
1047 1645 1163 1709 Patris
1174 1644 1326 1709 Gonzali
1337 1645 1420 1709 Vaz

186 1753 296 1831 multi,
318 1761 391 1816 tam
413 1753 481 1816 viri
496 1770 603 1834 quam
616 1752 802 1832 foeminae,
829 1761 1017 1817 mouentur
1034 1752 1079 1816 ad
1099 1752 1305 1830 lachrimas,
1323 1751 1421 1831 quod

186 1858 278 1922 idem
293 1860 329 1922 in
343 1860 546 1939 recipiendo
562 1857 800 1922 Sacrosancto
816 1857 1047 1924 Sacramento
1062 1860 1167 1940 plane
1186 1859 1414 1940 perspicitur.

185 1965 397 2030 Benedictus
411 1964 519 2046 Deus,
541 1983 647 2046 aquo
667 1968 787 2030 omnia
811 1966 904 2030 bona
928 1966 1212 2047 proficiscuntur.
1235 1964 1306 2030 Sed
1333 1965 1422 2046 quid

186 2075 312 2137 mirum
327 2073 358 2136 si
373 2074 462 2136 haec
474 2072 580 2137 donet
601 2091 682 2137 cum
708 2074 863 2154 seipsum
887 2074 1132 2137 liberalissime
1156 2081 1272 2136 totum
1287 2073 1416 2152 largia-

186 2182 260 2244 tur?
275 2180 314 2243 ln
327 2179 446 2244 Natali
460 2179 604 2244 Domini
624 2181 974 2244 communicauerunt
990 2180 1131 2244 circiter
1150 2178 1241 2242 4000.
1259 2177 1422 2260 Singulis

186 2287 424 2364 hebdomadis,
454 2287 484 2350 si
504 2288 660 2350 omnium
684 2287 858 2351 habeatur
882 2287 992 2367 ratio,
1016 2287 1281 2350 communicant
1305 2302 1418 2367 prope

184 2392 255 2456 220.
274 2393 437 2473 Quotidie
452 2393 643 2457 audiuntur
657 2410 770 2456 nouae
785 2393 1039 2472 confessiones,
1055 2392 1228 2474 inquibus
1241 2391 1422 2457 Dominus

185 2501 345 2564 mutandi
361 2501 395 2563 in
412 2501 536 2564 melius
550 2500 662 2563 vitam
684 2518 872 2581 moresque
893 2509 999 2580 atque
1024 2498 1272 2580 frequentandi
1296 2517 1415 2564 sacra·

186 2617 304 2670 menta
318 2606 493 2671 desideria
507 2606 673 2671 incendit.
700 2606 780 2671 Non
805 2607 931 2671 desunt
957 2617 1077 2670 tamen
1098 2607 1368 2687 persecutiones
1382 2616 1417 2670 et

185 2710 461 2779 obtrectationes
476 2714 596 2777 mundi
621 2725 655 2778 et
680 2714 921 2777 ministrorum
945 2712 1088 2791 diaboli,
1113 2712 1208 2792 dum,
1234 2713 1418 2794 despectis

186 2822 291 2885 rebus
307 2821 451 2885 caducis
466 2830 500 2884 et
518 2822 632 2895 uanis
649 2838 711 2884 eos
724 2820 846 2884 uident
870 2820 1031 2885 Creatori
1055 2819 1203 2898 deditos
1226 2837 1274 2883 ex
1288 2821 1422 2900 quibus

185 2929 328 2992 offertur
344 2929 429 3010 ipsis
444 2928 584 2991 occasio
600 2932 736 3008 seipsos
751 2927 983 2991 confirmandi
994 2928 1031 2990 in
1045 2927 1165 2990 diuino
1181 2927 1340 3007 seruiti0,
1357 2946 1420 2991 no·

183 3037 237 3099 bis
252 3053 339 3099 vero
354 3035 462 3098 animi
488 3034 664 3098 adduntur
692 3035 737 3097 ad
752 3034 982 3116 perferendos
997 3035 1151 3098 maiores
1173 3034 1316 3097 labores
1338 3052 1418 3115 pro·

184 3156 262 3223 pter
282 3141 408 3205 Deum.
432 3141 635 3204 Audiuntur
656 3142 762 3204 etiam
782 3141 1024 3205 consessiones
1040 3150 1271 3220 aegrotorum
1286 3159 1331 3204 ac
1341 3143 1417 3205 vin·

185 3260 333 3327 ctorum;
350 3249 575 3312 morientium
590 3258 776 3328 praeterea
791 3249 941 3312 habetur
950 3248 1054 3311 ratio.
1067 3247 1107 3311 In
1119 3257 1219 3311 tanta
1232 3248 1421 3311 hominum

187 3356 407 3419 multitudine
422 3371 603 3435 nunquam
617 3354 743 3418 desunt
758 3355 943 3417 laborandi
964 3354 1172 3418 occasiones
1196 3355 1233 3417 in
1257 3351 1328 3417 Dei
1343 3358 1420 3433 glo·

188 3464 278 3526 riam
294 3471 328 3524 et
341 3462 586 3542 proximorum
604 3463 890 3524 emolumentum.

245 3569 283 3632 ln
298 3569 447 3648 priuatis
458 3568 769 3632 consuetudinibus
782 3569 889 3632 etiam
903 3569 1054 3632 sentitur
1069 3568 1215 3631 utilitas.
1237 3567 1317 3632 Rex
1332 3570 1422 3633 mihi

185 3695 308 3741 curam
323 3676 418 3738 dedit
433 3676 667 3739 conueniendi
678 3675 866 3755 quemdam
879 3675 994 3738 virum
1005 3675 1212 3756 primarium
1225 3674 1420 3740 admodum

185 3801 316 3862 senem,
334 3799 438 3863 quern
452 3783 557 3845 inuisi
569 3783 765 3862 aliquoties,
782 3799 853 3845 non
869 3782 944 3846 sine
959 3782 1070 3862 ipsius
1089 3799 1221 3861 magno
1240 3782 1417 3863 profectu,

186 3892 304 3971 gratia
324 3901 443 3954 tamen
468 3887 546 3951 Dei.
570 3889 739 3967 Virgines
763 3888 1027 3953 Franciscanae
1053 3889 1327 3953 honestissimae
1346 3907 1421 3954 ma-

187 4015 346 4079 gnopere
361 3996 647 4075 efflagitauerunt
662 3995 832 4059 exercitia
855 3996 1064 4077 spiritualia,
1088 3997 1181 4075 quod
1205 3994 1346 4076 Regina
1361 4014 1419 4061 cu·

188 4106 280 4168 rauit
296 4105 361 4184 (est
376 4103 470 4168 enim
485 4103 626 4165 illarum
641 4101 744 4164 ualde
767 4103 924 4165 studiosa
940 4118 982 4164 ac
1005 4102 1165 4182 deuota),
1187 4103 1382 4185 petiuitque
1397 4122 1420 4167 a

189 4210 226 4273 Ρ.
243 4211 379 4274 Mirone
398 4220 434 4273 vt
449 4209 485 4272 id
497 4210 601 4271 uellet
616 4207 745 4287 facere,
763 4209 808 4270 ad
823 4209 917 4288 quod
934 4226 1061 4272 munus
1080 4226 1158 4272 sese
1173 4209 1332 4273 accinxit
1347 4228 1421 4274 non

188 4319 264 4380 sine
275 4317 408 4397 labore,
426 4316 520 4397 quod
536 4334 556 4379 a
571 4315 672 4379 nobis
686 4315 892 4394 longissime
904 4314 1010 4379 distet
1021 4316 1286 4380 monasterium.
1300 4316 1421 4398 Virgi-

187 4442 263 4503 nes,
280 4423 467 4502 diligenter
481 4422 656 4501 susceptis
671 4422 860 4498 exercitiis,
878 4423 1068 4502 plurimum
1081 4421 1320 4502 proiecerunt.
1338 4422 1418 4503 Qui·

189 4531 272 4594 dam
284 4529 448 4593 monachi
463 4527 619 4591 eiusdem
635 4527 779 4607 ordinis,
797 4539 870 4591 turn
884 4538 1030 4609 propter
1041 4529 1172 4592 bonum
1187 4529 1334 4594 odorem
1351 4531 1421 4611 spi-

191 4639 291 4717 ritus,
313 4655 416 4717 quem
436 4637 472 4698 in
498 4636 679 4699 sororibus
700 4645 896 4714 senserunt,
914 4646 988 4698 tum
1004 4648 1146 4716 propter
1162 4652 1264 4700 suam
1284 4637 1422 4701 humili·
