3210 5392
654 408 719 466 Aa.
741 406 809 464 lom
1303 406 1359 464 159

110 553 299 631 laicosque
312 560 464 632 septem,
487 551 559 614 iam
581 551 655 629 tibi,
671 550 776 614 Pater
792 550 1031 628 obseruande,
1057 550 1166 614 alium
1182 567 1261 613 esse
1277 554 1352 614 nul·

112 662 195 722 lum
215 662 266 728 (vt
285 658 423 739 opinor)
442 658 568 740 liquet:
591 669 697 739 atque
712 658 815 721 exiis
832 658 902 720 duo
916 666 956 719 vt
980 657 1163 721 minimum
1178 658 1242 735 (sic
1257 659 1352 721 enim

112 766 335 846 accepimus)
352 766 422 828 alio
437 767 562 830 statuti
587 765 798 842 adimentur,
826 766 916 827 alter
937 765 1074 828 scilicet
1095 764 1265 828 sacerdos
1279 765 1348 842 ille,

112 875 291 936 humanas
314 873 374 953 qui
399 873 521 935 literas
546 872 713 952 priuatim
738 872 795 935 hic
821 869 1003 949 professus
1028 882 1082 934 est
1109 869 1130 948 ¹,
1158 873 1249 933 alter
1263 889 1354 935 vero

112 979 231 1042 laicus
245 979 398 1059 quidam.
417 978 549 1043 Omnes
564 996 650 1042 sane
671 979 801 1043 mirum
816 979 852 1041 in
868 978 1021 1053 modum,
1043 995 1125 1041 cum
1148 978 1259 1041 literis
1275 989 1350 1042 tum

110 1087 254 1167 spiritu,
268 1104 347 1150 cum
358 1087 413 1150 sui
425 1087 515 1150 satis
526 1087 764 1166 abnegatione
775 1086 813 1149 in
827 1086 903 1149 dies
914 1103 1053 1162 cernaS,
1071 1084 1191 1148 diuina
1206 1085 1354 1148 adiutos

110 1211 194 1274 ope,
211 1194 401 1257 ditescere:
417 1194 463 1257 ad
481 1192 580 1271 haec,
602 1194 694 1257 ratio
714 1210 786 1256 non
800 1193 931 1272 exigua
954 1195 1053 1267 (nam
1069 1192 1105 1255 id
1124 1208 1192 1270 ego
1207 1192 1351 1273 plurimi

109 1301 315 1364 iaciendum
344 1301 452 1378 duco)
482 1301 687 1380 regularum
716 1300 1075 1380 constitutionumque
1105 1299 1201 1362 omni
1231 1300 1352 1363 studio

110 1409 278 1471 habetur.

173 1514 277 1593 Quod
292 1513 443 1578 aedificii
462 1513 583 1591 erecti,
610 1522 751 1593 praeter
775 1513 990 1593 opinionem,
1007 1529 1065 1576 res
1078 1513 1279 1592 properarit
1299 1513 1349 1575 ni-

109 1623 235 1699 mium,
250 1639 322 1684 non
341 1629 396 1683 est
417 1619 512 1701 quod
530 1620 656 1683 charta
672 1619 883 1684 referamus:
899 1620 1000 1683 breui
1015 1628 1134 1683 tamen
1151 1619 1186 1682 id
1204 1619 1348 1697 habet0,

108 1729 245 1793 imbres
259 1728 492 1805 interclusoS,
516 1727 670 1807 parietes
694 1726 893 1800 confectos,
917 1744 960 1790 ac
985 1727 1125 1790 demum
1147 1727 1350 1806 incoeptam

104 1838 187 1899 eius
203 1843 342 1915 partem
356 1833 492 1904 finitam
505 1832 722 1914 propediem,
740 1833 883 1914 auspice
899 1833 1051 1911 Christo,
1071 1832 1199 1895 intueri
1213 1833 1345 1910 licebit;

106 1952 252 2004 tantum
266 1949 320 2004 est
335 1940 468 2004 instare
483 1940 520 2003 in
536 1957 585 2002 re,
604 1938 719 2003 Pridie
734 1949 853 2003 autem
865 1939 1034 2003 calendas
1044 1938 1283 2020 Septembreis
1298 1940 1344 2004 ad

103 2048 359 2123 domunculas
377 2045 537 2110 aedificio
552 2061 675 2110 nostro
690 2047 840 2125 vicinae,
857 2047 955 2124 inibi,
977 2048 1089 2110 donec
1110 2047 1188 2128 ipsa
1204 2049 1346 2128 collegii

105 2155 286 2219 extructio
302 2162 507 2234 peragatur,
524 2153 633 2219 futuri
652 2154 899 2233 migrauimus,

168 2262 261 2325 Nam
276 2261 320 2325 de
341 2261 539 2324 animarum
561 2261 598 2323 in
624 2260 766 2324 Christo
789 2272 963 2341 prouentu
989 2263 1132 2325 omnino
1154 2262 1344 2328 dicendum

105 2370 267 2433 occurrit
282 2368 368 2432 nihil
380 2368 535 2448 insigne:
552 2387 574 2432 a
589 2371 695 2448 longo
711 2369 781 2432 iam
797 2379 956 2448 tempore
973 2369 1047 2446 (hei
1063 2371 1177 2449 mihil)
1194 2374 1345 2452 priuatis

107 2477 356 2553 concionibuS,
380 2494 469 2556 quas
484 2475 579 2539 domi
599 2475 649 2554 (vt
671 2475 750 2538 aliis
765 2476 877 2538 literis
898 2476 944 2538 ad
959 2487 993 2539 te
1019 2477 1175 2541 delatum
1194 2482 1260 2553 est)
1282 2481 1342 2542 ha·

108 2583 183 2646 beri
199 2583 351 2662 vesperi,
366 2584 475 2647 moris
490 2583 626 2663 pridem
641 2593 729 2661 erat,
747 2583 952 2646 destitutum
964 2593 1034 2648 est:
1050 2593 1248 2664 praeterea,
1266 2588 1343 2666 ipsa

112 2691 323 2759 necessitate
338 2691 550 2770 impellente,
563 2692 613 2753 ne‘
623 2691 813 2753 conciones
828 2690 982 2769 quidem,
995 2691 1057 2770 qui
1068 2690 1177 2754 saciat
1189 2694 1340 2772 publice,

115 2797 171 2858 vel
181 2797 271 2859 vllus
282 2797 395 2860 adest:
410 2797 493 2860 illud
506 2806 636 2874 tamen,
651 2813 714 2875 pro
726 2795 952 2859 sacerdotum
964 2814 1124 2875 numeru,
1137 2797 1344 2880 frequentes

118 2902 401 2966 confessioneset
417 2904 682 2966 communiones
707 2903 868 2966 virorum
893 2921 936 2966 ac
961 2901 1198 2968 foeminarum
1223 2907 1344 2987 magis

122 3011 296 3091 magisque
312 3010 450 3090 augeri.

176 3115 344 3198 Persaepe
359 3136 381 3179 a
397 3117 515 3180 multis
526 3116 572 3180 ad
584 3134 650 3179 nos
662 3117 796 3180 aditum
808 3127 873 3194 est,
887 3117 958 3197 qui,
974 3129 1234 3198 conquerentes
1249 3137 1340 3200 pene

130 3237 355 3305 pergraueque
370 3223 535 3302 ferentes,
552 3223 782 3286 vehementer
797 3222 929 3302 dolent,
943 3241 1024 3288 cum
1035 3242 1074 3287 se
1086 3227 1205 3289 orbari
1220 3226 1341 3291 dicant

134 3331 265 3395 maximo
279 3334 390 3408 bono;
407 3331 469 3395 sed
485 3343 519 3394 et
534 3349 604 3395 non
620 3332 734 3395 solum
753 3331 837 3409 sibi,
853 3333 1102 3395 verumetiam
1125 3334 1189 3396 toti
1207 3337 1343 3414 populo

135 3431 288 3513 impensae
303 3437 560 3501 aedificationis
571 3437 708 3500 fructus
720 3447 883 3500 asserunt
896 3439 1080 3502 sustulisse
1093 3457 1175 3518 nos,
1190 3441 1248 3520 qui
1263 3458 1339 3503 rem

138 3539 205 3603 adeo
227 3546 446 3609 commodam
478 3545 787 3624 necessariamque
819 3563 887 3607 non
916 3546 1086 3609 fuerimus
1117 3550 1335 3628 prosequuti.

139 3640 208 3720 Quin
219 3652 415 3732 etiam'pius
431 3652 607 3733 quispiam
623 3652 689 3725 vir,
705 3651 835 3733 quippe
856 3653 956 3715 cuius
975 3653 1079 3716 lactis
1099 3654 1247 3718 dulcedo
1268 3654 1338 3718 suf·

140 3747 272 3823 fulciebat
279 3771 415 3840 pectuS,
430 3775 600 3838 magnum
612 3776 698 3838 prae
710 3775 748 3820 se
760 3759 839 3821 tulit
851 3759 1009 3822 dolorem
1018 3744 1099 3823 cum
1109 3760 1340 3824 ianuamsoli·

140 3863 192 3921 tum
203 3864 260 3929 sibi
273 3884 344 3930 non
356 3874 478 3946 patere
494 3866 650 3929 resciuit:
667 3882 750 3927 nam
765 3883 845 3927 cum
857 3865 913 3928 die
928 3866 1081 3946 quadam
1095 3867 1140 3930 ad
1156 3884 1221 3930 nos
1236 3870 1336 3931 veni·

141 3971 187 4040 lli·
199 3974 339 4036 accessit
355 3973 400 4036 ad
415 3990 507 4049 eum,
523 3972 583 4052 qui
605 3981 688 4034 tunc
711 3981 786 4034 erat
807 3991 827 4034 a
853 3973 971 4049 ianua,
998 3984 1190 4052 rogaturus
1206 3993 1252 4037 an
1268 3977 1337 4037 elo-

143 4070 232 4144 quium
246 4080 388 4143 solitum
402 4089 495 4142 esset
509 4079 678 4151 futurum,
695 4095 843 4157 cumque
859 4079 988 4141 ianitor
1004 4081 1244 4159 respondisset
1260 4081 1338 4144 sore

141 4169 395 4255 impedimentum
408 4186 597 4267 quominus
611 4184 647 4247 id
658 4183 734 4247 lieri
749 4186 882 4264 liceret,
899 4186 1077 4251 continuo:
1096 4187 1166 4250 Ah!
1179 4191 1335 4268 mallem,

140 4274 233 4363 inquit,
246 4308 357 4372 genas
372 4291 481 4355 hasce
495 4292 633 4372 publice
649 4290 862 4354 caecidisses
878 4293 1048 4373 colaphis
1071 4311 1177 4373 quam
1193 4294 1336 4360 isthunc

148 4452 315 4479 *x*-

160 4556 175 4633 ''
196 4564 241 4618 'qul
250 4568 448 4622 grammaticam
459 4569 577 4617 docebat.
589 4568 618 4611 P.
631 4568 762 4620 (Jacobus)
779 4567 877 4617 Duran.
895 4567 927 4611 ad
940 4566 1084 4623 Collegium
1097 4569 1230 4624 Burgcnsc
1247 4580 1333 4616 trans·

139 4632 208 4677 mmm
216 4647 248 4682 est
260 4672 271 4692 „
280 4640 414 4684 Potaucus
425 4642 450 4684 ln
462 4640 595 4696 Chronico,
607 4648 625 4686 t.
638 4651 675 4692 lv,
686 4651 744 4694 pag.
756 4640 804 4692 38¹),
816 4651 839 4682 n.
851 4639 900 4683 mr.
