3240 5386
322 432 378 491 428
711 431 1165 502 Ltrrannaounnmuusraas

325 587 423 640 cetur
439 578 475 639 in
490 588 680 658 posterum.
698 578 772 641 Nos
792 579 944 654 interim,
966 587 1004 642 ut
1025 580 1196 659 proximis
1210 581 1328 644 literis
1351 580 1406 644 ad
1428 591 1465 643 te
1486 581 1565 643 scri·

324 685 469 764 psimus,
493 684 704 765 Episcopale
723 685 897 748 Palatium
912 686 1033 749 habet:
1050 687 1234 766 proximae
1254 687 1449 767 quaedam
1464 687 1568 750 aedes

324 792 522 871 gymnasiis
537 791 583 854 ad
604 800 742 871 tempus
762 792 996 856 destinantur.
1024 793 1220 875 Episcopus
1242 794 1427 856 nobilium
1444 794 1568 856 domos

323 898 535 978 frequentat,
552 898 676 978 quibus
693 899 776 961 olim
790 898 907 962 suerat
920 900 1077 978 infestus,
1095 900 1144 962 illi
1165 910 1292 963 contra
1312 900 1508 980 Episcopi:
1526 900 1569 961 ab

324 1005 448 1067 ouibus
463 1005 576 1067 bonus
591 1013 712 1084 pastor
720 1004 909 1084 judicatur.
924 1005 1091 1069 Materies
1102 1006 1227 1083 omnis,
1242 1005 1423 1085 artificeS,
1440 1007 1570 1069 instru-

326 1121 454 1187 menta,
478 1112 652 1175 destinato
678 1113 776 1192 operi
801 1113 855 1175 his
880 1113 1002 1176 diebus
1027 1112 1296 1192 diligentissime
1321 1127 1569 1193 quaeruntur,

325 1219 514 1297 magnifica
530 1229 564 1281 et
579 1219 729 1281 illustria
745 1220 863 1282 omnia
884 1220 998 1282 bonus
1018 1219 1076 1282 hic
1097 1221 1239 1299 praesul
1263 1219 1429 1296 molitur,
1454 1221 1488 1282 si
1503 1219 1569 1299 spi-

324 1326 430 1388 ritum
445 1325 490 1388 ad
505 1337 701 1401 extremum
717 1325 845 1408 ducere
862 1326 982 1405 possit,
999 1326 1067 1389 nisi
1083 1327 1288 1405 praeclaros
1300 1325 1397 1388 istos
1414 1338 1573 1389 conatus

325 1449 421 1495 mors
435 1432 647 1512 intercipiat.

385 1537 509 1602 Patres
522 1551 556 1601 et
566 1538 695 1602 iratres
707 1537 808 1617 hujus
820 1539 945 1602 domus
956 1540 1044 1602 bene
1056 1540 1186 1614 ualent,
1203 1538 1457 1603 ualetudinem
1472 1540 1573 1602 boni·

326 1654 399 1709 tate
414 1655 449 1708 et
463 1646 648 1708 clementia
665 1663 729 1708 sua
751 1645 904 1708 Domino
930 1645 1107 1721 firmante,
1133 1656 1172 1709 ut
1195 1646 1231 1708 in
1245 1644 1321 1724 ejus
1348 1647 1571 1727 obsequium

327 1753 561 1833 impendatur.
583 1751 777 1829 Orationis,
802 1751 1098 1829 mortificationis,
1125 1752 1360 1829 obedientiae,
1385 1752 1570 1816 humilita-

325 1861 372 1923 tis
396 1860 577 1936 exercitia‚
606 1870 642 1921 ut
665 1871 700 1922 te
722 1860 852 1922 scimus
877 1861 983 1938 uelle,
1003 1868 1191 1923 seruantur
1216 1857 1409 1940 majusque
1433 1861 1571 1923 indies

327 1966 583 2029 incrementum
598 1966 803 2046 suscipiunt.
820 1965 926 2028 Faxit
941 1965 1103 2029 Christus
1123 1965 1226 2047 Jesus
1241 1965 1427 2029 Dominus
1442 1981 1568 2030 noster

327 2082 364 2136 ut
383 2090 485 2136 suam
505 2089 626 2135 omnes
645 2074 863 2135 uoluntatem
884 2089 1153 2151 cognoscamus,
1178 2073 1362 2152 cognitam
1390 2075 1508 2137 uerbo
1532 2083 1566 2136 et

324 2196 432 2259 opere
447 2196 675 2259 exequamur.
691 2179 817 2242 Amen.

385 2285 599 2364 Placentiae,
617 2285 760 2350 Calend.
777 2286 862 2367 Maji
884 2287 971 2349 1555.

605 2393 714 2457 Filius
729 2403 809 2456 tuus
825 2393 1089 2472 indignissimus
1103 2393 1140 2455 in
1155 2391 1309 2472 Christo,

1024 2607 1190 2670 M1cnniin
1204 2606 1394 2672 Venustus.

387 2931 650 3010 Stiperscriptio
681 2932 718 2991 iii
747 2937 878 3009 quarm
906 2931 1067 3010 pagina:
1100 2876 1184 2993 sssis.
1213 2928 1290 2991 R.d⁰
1311 2929 1503 2994 admodum
1519 2932 1610 3004 iri

325 3037 467 3100 Christo
483 3037 577 3098 Patri
593 3038 638 3099 ll.
657 3038 793 3115 Ignatio
814 3039 855 3099 de
875 3036 1011 3116 Loyola
1030 3034 1218 3099 Societatis
1244 3037 1329 3119 Jesu
1344 3035 1547 3117 Praeposit·
1562 3056 1610 3104 :t

324 3145 494 3221 generali,
511 3155 576 3207 etc.
594 3144 754 3206 Romam.

385 3251 469 3311 ⁴liin
491 3269 612 3311 utana:
631 3251 717 3312 1555.
737 3251 927 3312 Placentia.
945 3249 1230 3328 Quadrimesttes
1249 3250 1262 3310 1
1281 3250 1380 3329 Maji.
1398 3251 1440 3331 Q.
1458 3252 1492 3314 S.

394 3358 591 3433 Vestigium
607 3375 706 3419 cerne
721 3357 848 3436 sigdli.
