3210 5392
608 424 1064 493 Limaaaaouannntasnnas

735 1103 947 1190 ccxcix

280 1445 318 1506 P.
333 1446 462 1506 Caesar
474 1445 615 1506 Helmus

316 1543 409 1603 Patri
421 1544 550 1624 ignatio
565 1543 606 1603 de
619 1543 759 1617 Loyola.

353 1643 515 1714 Veneriis,
528 1641 547 1700 9
559 1642 650 1716 Junii
665 1641 736 1702 1554
748 1642 770 1697 ¹.

296 2168 423 2233 Gratia
439 2179 473 2232 et
488 2187 561 2251 pax
574 2169 656 2251 Xpi.
672 2179 741 2233 etc,

291 2275 403 2340 Molto
425 2276 503 2340 R.⁶⁰
522 2275 561 2340 Ρ.
585 2287 620 2340 et
635 2286 750 2340 ossm⁰
768 2277 839 2340 mio
859 2277 895 2339 in
914 2275 1015 2340 0111.ο
1037 2276 1151 2356 questi
1169 2275 1282 2339 brieui
1303 2275 1418 2366 littere
1439 2293 1461 2337 a

235 2381 280 2444 V.
296 2381 338 2446 R.
355 2384 544 2447 habbiamo
560 2384 682 2446 scritte
706 2384 806 2447 accio
821 2384 886 2446 che
903 2400 965 2463 per
985 2382 1177 2446 obedienza
1193 2382 1226 2444 ci
1248 2388 1268 2445 e
1289 2390 1384 2444 stato
1400 2382 1465 2446 im·

234 2500 349 2570 posto,
366 2491 444 2554 cioe
465 2491 531 2554 che
547 2491 633 2570 ogni
653 2500 796 2571 quattro
816 2491 906 2553 mesi
925 2490 1044 2553 diamo
1065 2489 1165 2553 auiso
1185 2489 1276 2552 delle
1296 2506 1378 2552 cose
1399 2488 1465 2553 che

232 2614 296 2677 per
311 2597 507 2661 ministerio
523 2597 558 2661 di
573 2598 632 2660 noi
652 2597 796 2676 indegni
818 2605 853 2661 et
873 2597 987 2660 inutili
1008 2596 1104 2660 serui
1124 2596 1202 2659 suoi
1216 2597 1248 2659 si
1268 2601 1287 2659 e
1310 2596 1465 2676 degnato

235 2721 363 2784 operar
377 2703 461 2786 Jesu
476 2704 569 2784 Xpo.
586 2704 633 2768 ad
647 2704 871 2768 edificatione
886 2704 1067 2784 spirituale
1082 2712 1116 2766 et
1132 2703 1374 2766 consolatione
1385 2703 1466 2766 dell'

235 2811 363 2886 anime,
391 2811 625 2892 adempiamo.
652 2810 776 2875 Percio
800 2810 892 2874 dalle
918 2827 1011 2890 cose,
1035 2811 1101 2874 che
1126 2812 1184 2873 nel
1208 2810 1468 2890 quadrimestre

234 2918 314 2981 dell'
332 2936 426 2981 anno
444 2917 520 2981 1553
536 2918 579 2997 (si
593 2935 695 2982 come
709 2919 861 2981 hauemo
876 2918 999 2981 scritto
1015 2919 1106 2980 altra
1121 2918 1219 2981 volta
1234 2917 1256 2995 2)
1273 2935 1344 2980 non
1356 2935 1467 2980 erano

237 3043 349 3089 ancor
363 3024 634 3104 perfettamente
650 3025 838 3103 esseguite,
854 3025 1088 3106 primamente
1103 3025 1390 3087 cominciaremo.

295 3130 488 3195 Percioche
512 3132 543 3195 si
568 3148 668 3195 come
693 3148 714 3193 a
739 3149 787 3194 un
811 3141 910 3194 certo
935 3131 1065 3193 huomo
1091 3148 1161 3194 non
1191 3131 1287 3194 saria
1316 3131 1464 3211 giouato

238 3238 356 3302 niente
371 3238 483 3301 hauer
497 3255 680 3318 promesso
696 3239 730 3300 la
746 3237 965 3301 restitutione
980 3237 1016 3300 di
1029 3236 1069 3299 40
1082 3236 1213 3312 ducati,
1239 3254 1276 3300 se
1292 3239 1328 3301 in
1343 3236 1465 3300 eisetto

238 3363 310 3408 non
324 3346 347 3406 l’
364 3345 515 3408 hauesse
530 3345 630 3422 latta,
648 3349 723 3408 cosl
743 3343 1040 3408 medesmamente
1063 3343 1155 3407 colui
1180 3345 1245 3408 che
1261 3345 1352 3408 lesse
1365 3346 1398 3408 le
1413 3361 1469 3409 so·

238 3451 400 3532 pradette
416 3460 537 3515 nostre
552 3451 686 3529 lettere,
702 3468 774 3514 non
789 3451 962 3514 riceueria
977 3450 1082 3530 piena
1102 3452 1345 3515 consolatione
1366 3453 1467 3531 spiri-

240 3559 345 3635 tuale,
363 3559 394 3621 si
409 3575 520 3621 ancor
534 3576 604 3621 non
619 3574 764 3637 sapesse
779 3558 844 3621 che
859 3558 940 3637 quel
954 3566 1136 3620 mercante
1151 3575 1218 3621 con
1230 3576 1277 3621 un
1293 3559 1416 3622 scritto
1431 3560 1468 3623 di

239 3681 304 3727 sua
319 3681 424 3728 mano
440 3682 460 3727 a
476 3681 531 3726 me
557 3664 617 3743 gia
637 3673 854 3743 consegnato
873 3663 919 3725 ha
935 3673 1140 3727 assecurato
1155 3664 1178 3726 li
1193 3665 1271 3726 suoi
1288 3664 1466 3728 creditori.

242 3769 292 3834 Mi
310 3772 356 3835 ha
376 3773 473 3849 dato,
498 3770 596 3850 dico,
619 3789 667 3834 un
687 3772 810 3834 scritto
831 3773 920 3848 (non
934 3770 1088 3850 poteudo
1114 3770 1241 3834 adesso
1268 3773 1468 3836 commoda·

241 3889 357 3942 mente
372 3895 486 3959 pagar
504 3879 528 3941 li
547 3877 742 3958 sopradetti
760 3877 801 3940 40
815 3877 945 3954 ducati)
966 3877 1066 3940 accio
1092 3876 1157 3941 che
1178 3895 1216 3940 se
1242 3877 1335 3942 dalla
1355 3887 1472 3943 morte

241 3985 338 4049 fusse
353 3984 521 4064 impedito
537 3984 633 4047 detto
644 3994 836 4060 mercante,
850 3983 955 4063 quelli
967 4001 988 4045 a
1000 3983 1096 4062 quali
1107 3984 1138 4046 si
1150 3984 1309 4048 debbono
1321 3985 1332 4047 i
1344 3985 1470 4049 denari

241 4109 313 4156 non
327 4091 465 4154 saccino
480 4090 619 4170 perdita
634 4090 670 4153 di
689 4091 775 4152 essi.
794 4089 861 4153 Un'
878 4091 969 4152 altro
985 4106 1119 4152 ancora
1134 4091 1224 4153 oltra
1240 4092 1305 4154 che
1320 4092 1365 4154 ha
1385 4091 1472 4156 dato

241 4216 306 4280 per
319 4197 457 4261 charita
471 4197 562 4260 dieci
576 4196 696 4259 ducati
711 4197 747 4259 in
762 4207 862 4276 parte
877 4194 970 4258 della
984 4194 1066 4258 dote
1081 4194 1114 4258 d'
1139 4214 1210 4259 una
1230 4197 1404 4267 donzella.
1421 4198 1470 4262 ha

270 4437 280 4472 ¹
309 4438 498 4493 Autographae
509 4439 535 4482 ln
546 4436 639 4492 duplici
651 4434 721 4483 lolio.
732 4445 756 4477 n.
769 4433 803 4477 ⁶9.

271 4510 283 4543 Ι
310 4509 420 4554 Litterls
431 4520 496 4565 quas
506 4511 587 4553 habes
597 4509 623 4552 ln
632 4507 799 4561 praecedenti
810 4507 862 4550 vol.
873 4516 901 4560 11,
912 4517 974 4561 pag.
987 4507 1028 4550 519
1038 4514 1064 4551 et
1075 4519 1138 4563 seq.;
1151 4520 1203 4560 eas.
1218 4510 1280 4553 licet
1290 4511 1337 4553 sub
1347 4509 1423 4553 iinern
1432 4509 1476 4563 Ja-

245 4583 330 4627 nuarll
347 4581 423 4636 hujus
440 4582 500 4625 anni
515 4582 592 4625 datae
607 4579 666 4630 slnt.
682 4578 880 4632 quadrimestri
896 4577 960 4622 dell'
971 4589 1042 4622 anno
1058 4579 1128 4624 1553
1143 4582 1260 4635 appellat
1279 4579 1399 4634 Heluius,
1413 4583 1476 4636 quia

244 4662 357 4709 quatuor
366 4660 512 4707 postremos
523 4652 584 4696 anni
596 4651 648 4694 1553
657 4661 758 4694 menses
769 4650 922 4705 resplclunt.
