3210 5392
185 415 223 476 54
574 415 1028 484 Lutarmaonnonrnasrnas

187 561 311 638 simae,
326 569 400 623 tum
413 561 492 625 aliis
502 562 609 626 etiarn
622 561 849 641 temporibus,
865 572 902 624 vt
913 579 978 625 sex
988 561 1083 626 sacri
1095 561 1315 627 auriculares
1328 561 1349 642 ¹,
1363 563 1424 643 qui

187 676 272 731 tunc
291 667 456 746 aderant,
479 669 641 735 omnibus
662 669 837 749 profecto,
855 670 915 749 qui
936 669 1003 732 huc
1024 669 1299 746 conueniebant,
1320 670 1423 733 satis·

186 773 305 838 facere
326 792 398 837 non
412 784 567 855 possent;
588 777 707 857 itaque
730 776 799 840 alio
822 776 873 840 ire
893 775 1123 855 cogebantur.
1144 774 1291 841 Plurimi
1312 776 1425 841 totius

187 882 283 944 vitae
295 898 429 945 arcana
441 882 659 946 confessario
670 881 869 966 prodidere,
881 881 976 947 vnde
987 881 1121 946 factum
1131 893 1185 946 est
1197 893 1247 962 vt,
1257 899 1349 963 quae
1358 899 1422 964 per

186 988 315 1068 viginti
330 997 391 1051 aut
411 989 557 1068 triginta
572 1007 685 1053 annos
704 989 798 1053 furto
814 989 932 1053 ablata
955 987 1111 1069 fuerant,
1134 990 1417 1054 restituerentur.

186 1094 353 1174 Quotidie
368 1096 403 1159 id
418 1097 601 1160 hominum
615 1112 729 1177 genus
748 1097 961 1161 conueniunt
984 1096 1029 1160 ad
1048 1113 1114 1161 nos
1135 1096 1261 1160 denuo.
1282 1096 1421 1161 Verum

184 1203 346 1266 cumillis
360 1203 568 1268 satisfacere
578 1221 804 1284 nequaquam
815 1204 1003 1285 possimus,
1017 1203 1171 1284 opperiri
1184 1204 1422 1269 admonentur

183 1309 300 1372 donec
316 1321 454 1390 tempus
470 1311 584 1390 magis
599 1320 836 1392 opportunum
852 1320 1030 1375 occurrat.
1043 1311 1205 1392 Plerique
1219 1311 1347 1375 horum
1358 1322 1422 1375 aut

184 1433 310 1499 omnes
328 1416 402 1480 fere
417 1434 500 1481 suas
521 1405 745 1497 frequentant
766 1416 1008 1481 confessiones
1027 1427 1133 1497 atque
1152 1418 1421 1484 communiones

187 1539 271 1586 curn
286 1540 418 1603 magno
434 1524 575 1603 quidem
590 1525 741 1605 spiritali
756 1524 928 1605 profectu.

248 1626 337 1693 Sunt
352 1641 471 1694 autem
487 1631 613 1695 horum
628 1632 797 1710 nonnulli,
814 1632 874 1712 qui
886 1631 1038 1695 cubandi
1053 1630 1065 1662 ¹
1080 1641 1240 1715 tempore
1254 1651 1326 1695 vna
1338 1649 1421 1698 cum

184 1737 267 1801 filiis
283 1755 366 1802 suas
380 1739 611 1818 pronuntiant
626 1739 823 1816 orationes,
847 1739 1099 1818 excutiuntque
1119 1757 1140 1802 a
1160 1739 1318 1819 peccatis
1337 1757 1420 1803 con·

182 1846 383 1923 scientiam;
400 1843 460 1908 alii
474 1862 560 1908 vero
572 1855 663 1922 sunt,
678 1845 737 1925 qui
749 1862 787 1908 se
799 1855 941 1909 strenue
953 1846 1159 1909 verberibus
1170 1844 1324 1910 caedunt
1335 1863 1422 1927 quo·

183 1951 281 2031 tidie,
300 1953 390 2015 alius
405 1952 681 2033 quinquaginta,
698 1952 787 2016 alius
802 1952 948 2032 triginta
963 1962 998 2016 et
1017 1969 1092 2015 sex.
1109 1950 1197 2017 Sunt
1219 1962 1420 2033 praeterea,

184 2058 246 2137 qui
262 2059 298 2120 in
312 2060 451 2139 templis
467 2058 646 2137 agricolas
660 2057 672 2088 ³
684 2069 790 2139 atque
801 2057 984 2122 mendicos
997 2067 1181 2139 quaerant,
1195 2076 1347 2139 quorum
1360 2060 1422 2123 hic

183 2173 240 2227 est
255 2182 423 2228 numerus
437 2165 613 2244 frequens.
638 2165 829 2230 Conferunt
845 2183 883 2228 se
902 2165 1006 2229 iidem
1020 2166 1057 2229 in
1077 2182 1259 2245 cauponas
1273 2183 1316 2229 ea
1338 2183 1422 2248 gra·

184 2271 247 2348 tia,
264 2280 303 2334 ut
324 2288 413 2351 quos
433 2271 657 2352 offenderint,
680 2272 786 2337 modo
808 2273 961 2352 possint,
983 2271 1028 2334 ad
1047 2271 1284 2336 confitendum
1303 2282 1339 2336 et
1360 2291 1422 2338 au·

184 2378 353 2440 diendum
371 2394 514 2443 sacrum
529 2377 718 2442 adducant.
739 2379 813 2443 Itur
827 2380 934 2442 etiarn
949 2378 995 2442 ad
1015 2380 1158 2444 eosdem
1173 2379 1216 2444 de
1235 2388 1352 2458 nocte,
1380 2389 1422 2444 vt

182 2483 229 2547 de
244 2483 321 2548 Deo
337 2485 405 2548 illis
420 2487 619 2565 loquantur.
640 2485 695 2549 Ex
710 2503 780 2566 quo
795 2485 832 2549 fit
854 2495 892 2548 vt
906 2496 979 2549 tarn
996 2486 1124 2548 multos
1143 2485 1272 2549 exiliis
1292 2487 1338 2549 ad
1353 2503 1422 2550 nos

182 2589 376 2670 adducant,
393 2602 432 2654 vt
447 2609 527 2656 cum
543 2610 665 2656 ornnes
681 2592 803 2656 audire
818 2611 889 2655 non
904 2593 1098 2671 valeamus,
1112 2593 1158 2655 ad
1170 2592 1279 2656 multa
1292 2611 1421 2658 coeno·

186 2698 246 2760 bia
260 2707 380 2779 utpote
395 2698 651 2763 dominicorum
666 2698 678 2730 ⁴
692 2709 984 2780 caeterorumque
1006 2699 1192 2763 ducantur.

245 2805 307 2869 Est
322 2805 497 2887 quaedam
512 2806 616 2870 huius
636 2806 790 2870 ciuitatis
805 2824 888 2887 pars
909 2824 1000 2886 quae
1016 2805 1145 2870 dicitur
1166 2805 1373 2871 Alcmaerr'a
1390 2804 1416 2882 ⁸,

181 2929 255 2992 qua
270 2913 357 2976 nihil
372 2913 449 2991 hic,
465 2922 505 2976 vt
520 2914 628 2992 uulgo
642 2913 772 2990 fertur,
789 2913 1031 2976 detestabilius
1051 2922 1141 2976 erat:
1164 2921 1245 2993 post
1265 2912 1419 2992 quadra·

180 3018 358 3098 gesimam
371 3029 488 3082 autem
500 3028 573 3083 tarn
588 3020 657 3082 alia
670 3018 794 3082 effecta
810 3028 874 3096 est,
888 3029 926 3082 vt
941 3020 1008 3099 ipsi
1021 3019 1147 3095 adhuc,
1161 3019 1220 3100 qul
1236 3019 1327 3083 inea
1339 3035 1419 3083 ver·

180 3127 367 3205 sabantur,
383 3126 488 3189 valde
503 3127 719 3206 multumque
735 3125 923 3191 mirentur:
942 3125 1042 3188 multi
1061 3126 1190 3206 quippe
1204 3126 1345 3189 illorum
1367 3126 1420 3189 vi·

183 3241 258 3295 tam
273 3233 517 3312 transigebant
531 3231 680 3297 emendo
696 3250 786 3313 quae
800 3232 894 3296 furto
909 3232 1128 3312 amancipiis
1139 3233 1257 3296 ablata
1273 3232 1419 3296 fuerant

179 3349 218 3403 et
234 3340 277 3402 ab
293 3340 383 3418 aliiS,
401 3340 526 3421 quibus
542 3339 675 3421 aliquid
687 3339 841 3403 vendere
853 3339 907 3402 fas
922 3357 993 3402 non
1007 3348 1095 3401 erat.
1110 3338 1211 3403 Nunc
1223 3356 1324 3417 vero,
1339 3338 1419 3405 Deo

185 3448 321 3528 optimo
337 3447 491 3510 maximo
503 3447 633 3526 gratia,
650 3456 788 3510 tantum
803 3447 902 3509 abest
915 3446 958 3508 ab
975 3446 1043 3509 hac
1054 3445 1199 3509 uiuendi
1215 3446 1353 3509 ratione
1365 3456 1419 3526 vt,

183 3555 246 3634 qui
260 3554 296 3633 id
309 3564 413 3617 antea
424 3563 657 3634 praestarent,
671 3553 798 3616 vicinis
810 3571 854 3616 ne
869 3553 904 3616 id
915 3552 1048 3615 faciant
1060 3552 1274 3632 persuadere
1288 3570 1419 3618 conen·

182 3670 252 3723 tur.
263 3660 358 3723 Inter
367 3672 509 3723 caetera
520 3660 587 3723 hoc
598 3677 709 3724 vnum
721 3677 802 3723 cum
813 3660 881 3723 illis
893 3659 1114 3740 expenditur,
1125 3668 1163 3722 vt
1174 3659 1416 3739 persuadean-

183 3777 241 3830 tur
257 3766 391 3830 scilicet
410 3767 497 3830 nihil
512 3768 612 3845 mali,
634 3768 721 3831 nihil
740 3767 890 3844 laboriS,
912 3767 998 3830 nihil
1019 3766 1170 3847 denique
1188 3767 1417 3831 necessitatis

183 3874 253 3937 illis
267 3874 434 3937 obuenire
449 3874 517 3937 nisi
532 3883 676 3954 propter·
691 3883 839 3954 peccata
855 3873 891 3937 in
906 3873 1062 3937 diuinam
1084 3873 1306 3938 maiestatem
1322 3890 1420 3938 com-

181 3982 303 4044 missa.
321 3980 423 4060 Quod
438 3998 564 4045 reuera
578 3980 646 4061 ipsi
669 3998 778 4061 praue
793 3979 982 4044 admodum
1006 3980 1269 4060 intellexerant,
1293 3997 1421 4045 verum

226 4222 234 4252 ¹
265 4221 428 4274 Sacerdotes,
439 4221 482 4276 qul
493 4221 646 4266 confitentes
656 4222 785 4265 audirent.

224 4294 236 4326 ¹
263 4294 368 4338 Rectlus
379 4294 498 4337 cubitum
510 4295 601 4338 eundi.

225 4366 237 4396 ὅ
264 4366 316 4410 Eos
326 4367 456 4419 videlicet,
468 4367 511 4421 qui
522 4366 638 4410 mercede
649 4366 768 4410 conducti
780 4375 858 4419 agros
869 4365 964 4418 colunt,
975 4365 1068 4420 quique
1079 4366 1101 4409 sl
1112 4377 1161 4409 non
1171 4365 1350 4410 conducantur
1360 4397 1367 4420 ,
1377 4378 1422 4421 pe·

185 4439 287 4482 nurlam
296 4439 410 4482 omnium
420 4449 506 4481 rernm
517 4440 667 4492 plerumque
678 4439 820 4492 patiuntur.

228 4512 238 4542 δ
266 4509 321 4563 Slc;
333 4510 429 4554 rectius
439 4511 671 4553 dominicanorum
681 4542 688 4561 ,
698 4510 806 4563 hispane
817 4509 1004 4553 dominicanos
1013 4515 1040 4552 et
1052 4511 1131 4554 etiarn
1147 4510 1309 4563 dominicos,
1320 4510 1422 4556 fratres

184 4583 286 4626 scilicet
298 4581 400 4626 Ordinis
410 4583 633 4626 Praedicatorum.

227 4653 238 4685 ³
268 4653 332 4696 Vide
344 4654 456 4697 Potaucr
469 4654 624 4701 Cirrorrr'con,
634 4661 652 4696 t.
661 4664 697 4707 tv,
708 4665 768 4707 pag.
778 4653 826 4704 ἅδ’),
838 4661 927 4696 annot.
945 4652 963 4694 l.
