3210 5392
609 1127 824 1215 OOOXVI

147 1479 561 1554 RobertnsClayssonius,

184 1577 235 1637 Ex
247 1579 483 1638 commissione
496 1577 607 1638 Patris
622 1578 795 1640 Paschasil
808 1578 921 1651 Broet,

220 1675 310 1736 Patri
323 1677 454 1752 ignatio
468 1675 666 1753 deLoyola.
776 1667 779 1675 ’

253 1773 402 1846 Parisiis,
418 1775 432 1834 i
445 1774 654 1850 Septembris
669 1776 739 1835 1554
750 1776 772 1835 ¹.

160 2083 228 2150 Pax
241 2086 384 2152 Domini
399 2086 466 2152 Dei
480 2089 595 2153 nostri
608 2087 693 2169 Jesu
707 2087 839 2154 Christi
854 2088 1011 2169 perlecta
1022 2104 1088 2151 nos
1101 2086 1208 2151 donet
1222 2087 1327 2151 liber·

107 2196 185 2254 tate.
199 2191 322 2257 Amen.

163 2297 249 2377 Quae
263 2310 417 2382 quatuor
430 2303 611 2366 mensibus
626 2301 808 2383 proximis,
825 2300 968 2366 diuinae
986 2301 1182 2382 sapientiae
1200 2300 1323 2365 Proui·

116 2401 227 2485 dentia,
241 2409 375 2472 nostris
389 2410 575 2474 conatibus
589 2418 665 2474 tum
678 2409 860 2491 suppetias
874 2409 1029 2488 tulerint,
1045 2416 1120 2472 tum
1135 2406 1324 2471 offendicu-

118 2507 147 2570 la
165 2512 352 2594 obiecerint,
379 2514 420 2579 R.
432 2515 464 2560 ‘¹0
488 2517 525 2581 in
549 2516 690 2581 Christo
716 2515 838 2595 Pater,
865 2515 1130 2596 compendiaria
1153 2514 1322 2579 methodo

122 2621 343 2703 perstringam,
360 2641 406 2687 ex
419 2640 545 2689 sacrae
560 2622 782 2688 obedientiae
797 2640 943 2687 munere
959 2622 1045 2686 mibi
1060 2623 1230 2686 iniuncto.

166 2723 326 2811 Principio
348 2728 474 2794 Patres
496 2740 602 2812 atque
622 2730 752 2794 fratres
766 2729 925 2793 vniuersi
944 2745 1138 2810 prosperae
1151 2728 1325 2792 valetudi-

123 2828 164 2891 nis
174 2837 408 2901 commoditate
423 2837 516 2916 sreti,
532 2837 654 2901 studio
663 2837 824 2901 literario
839 2836 969 2900 obnixe
980 2837 1201 2915 incumbunt,
1216 2853 1325 2917 seque

122 2939 193 3001 totos
213 2942 428 3007 obedientiae
452 2944 665 3009 submittunt
686 2943 845 3008 arbitrio.
867 2942 1045 3024 Quantum
1070 2942 1203 3007 laboris
1225 2941 1326 3006 ΒΜ

122 3035 318 3126 Praepositus
343 3061 465 3114 noster
485 3048 508 3127 ¹,
531 3051 568 3114 in
588 3049 776 3115 Societatis
801 3050 1051 3130 promouendis
1069 3050 1232 3130 negotiis,
1250 3060 1326 3114 tum

121 3141 253 3220 Consulis
279 3156 374 3238 apud
402 3156 571 3221 Senatum
602 3156 838 3221 Parisiensem
865 3173 910 3220 ac
939 3153 1130 3220 Secretarii
1154 3174 1176 3220 a
1202 3155 1326 3237 Regiis

121 3262 408 3339 supputationibus,
425 3280 519 3327 nunc
540 3280 627 3327 vero
644 3282 664 3327 a
680 3263 902 3344 quaestionib
911 3280 952 3325 us
977 3279 1040 3326 seu
1064 3262 1190 3327 libellis
1213 3263 1324 3344 regiis

122 3352 251 3441 Magistri
266 3370 384 3451 (quem
398 3370 507 3450 vulgo
523 3371 679 3434 Mar'stre
696 3371 739 3433 de
753 3375 936 3449 requestes
957 3387 1024 3432 sur
1046 3369 1080 3433 le
1094 3370 1176 3449 Roy
1190 3387 1323 3434 nuncu·

122 3575 178 3637 tum
188 3577 320 3662 inquam
343 3583 587 3647 molestiarum
607 3581 846 3664 insumpserit,
868 3599 987 3648 rerum
1008 3567 1189 3662 gestarum
1210 3584 1323 3646 series

120 3689 390 3753 commonstrabit.
418 3688 534 3770 Quum
561 3690 670 3770 igitur
694 3691 738 3754 ab
765 3691 937 3755 aedilibus
962 3707 1087 3754 sacrae
1114 3689 1193 3753 aedi
1219 3689 1321 3753 Beati

123 3774 352 3860 Bartholomaei
370 3795 572 3877 praefectis
593 3798 702 3861 misso
727 3798 867 3862 aedituo
887 3798 934 3862 ad
953 3797 1059 3862 aedes
1080 3806 1234 3876 nostras,
1256 3814 1321 3877 pro

120 3889 237 3965 SOlenni
253 3919 364 3983 more,
381 3903 426 3967 ad
448 3904 732 3968 concionandum
751 3915 911 3986 rogatus,
929 3923 951 3968 a
971 3903 1241 3986 poenitentiario
1255 3901 1321 3966 Pa-

120 3990 228 4070 risiensj
247 4007 270 4088 ⁸,
287 4027 359 4074 non
378 4011 511 4090 absque
531 4011 780 4091 theologorum
802 4013 1023 4076 clandestino
1044 4009 1228 4090 suffragio,
1245 4011 1321 4073 vul·

118 4103 178 4165 tum
195 4109 374 4180 iuuenilem
395 4127 578 4193 causante,
603 4120 783 4197 repulsam
801 4135 928 4199 passus
949 4135 1064 4208 essem
1082 4114 1105 4196 ⁴,
1127 4118 1188 4198 qui
1212 4117 1320 4180 etiam

120 4272 298 4304 χ

151 4374 160 4476 ζ
180 4384 354 4450 Antooersplsse
365 4396 471 4441 litterae
484 4397 510 4441 lu
522 4397 604 4441 tribus
615 4397 692 4453 iollls,
703 4408 745 4440 nn.
756 4396 797 4440 250
806 4402 832 4440 ct
843 4403 962 4451 sequent.

180 4452 202 4500 Ρ·
210 4460 362 4512 Paschasius
372 4467 461 4512 Broet.

117 4513 276 4652 ³⁶:91?qu
285 4538 432 4622 Anilesume.
443 4539 514 4584 Tunc
526 4540 651 4594 temporls
662 4539 882 4584 poenitentiarius
892 4542 994 4585 solebat
1011 4551 1068 4585 esse
1085 4540 1240 4584 Parisiensls
1257 4539 1318 4594 Epi-

151 4658 161 4691 ⁴
182 4620 363 4738 Videmssrt.
375 4693 403 4739 rr,
414 4695 476 4739 pag.
486 4685 534 4730 66⁴.
