3210 5392
683 439 746 498 ΑΝ.
769 438 837 497 lb‘tcl
954 435 964 463 ¹
1345 436 1377 496 ll

142 596 227 663 tate,
243 585 394 654 consilio
409 584 528 649 Patris
542 593 740 648 commotae
758 584 898 665 magnis
912 585 1092 648 laboribus
1108 586 1305 657 lustrarunt
1319 599 1379 645 ur·

145 693 224 755 bem
248 692 401 771 petendo
425 693 689 771 eleemosynam
706 691 832 771 puellis
852 691 1032 771 orphanis,
1057 701 1095 754 ut
1116 691 1158 754 iis
1178 699 1297 770 empta
1312 689 1379 769 do:

146 815 224 861 mus
248 799 459 862 solueretur:
479 815 630 878 quarum
649 816 720 862 una
738 798 880 877 pietatis
899 797 1015 861 studio
1037 797 1243 875 feruentior,
1269 797 1313 859 ob
1329 799 1382 858 la·

147 907 250 968 bores
269 914 457 985 susceptos
479 906 601 969 incidit
620 907 654 968 in
676 906 850 982 morbum;
866 922 936 985 quo
952 922 1032 967 cum
1052 905 1213 984 grauiter
1228 920 1382 967 uexare-

148 1024 214 1089 tur,
232 1012 348 1091 magis
363 1011 504 1075 dolebat
517 1012 560 1075 de
575 1030 692 1092 opere,
709 1012 804 1091 quod
818 1011 1053 1091 interruptum
1069 1010 1255 1090 pendebat,
1272 1028 1380 1090 quam

147 1120 192 1183 de
206 1135 271 1183 sua
282 1117 423 1181 infirma
438 1118 651 1181 ualetudine.
668 1115 833 1198 Sequitur
848 1118 1047 1181 animorum
1069 1119 1207 1180 cultura
1222 1127 1256 1180 et
1272 1116 1383 1180 medi·

146 1227 242 1303 cina,
257 1241 362 1287 sacra
385 1222 562 1288 confessio
584 1241 626 1287 ac
651 1224 888 1299 Eucharistia,
909 1224 952 1288 de
970 1242 1041 1304 qua
1061 1225 1202 1305 quidem
1224 1242 1262 1287 re
1277 1225 1382 1305 plura

147 1333 386 1395 scriberemus
400 1331 433 1394 si
447 1331 602 1410 operarii
620 1331 898 1411 suppeditarent,
919 1332 979 1411 qui
1001 1348 1079 1396 sese
1099 1342 1192 1396 totos
1215 1331 1298 1395 huic
1313 1342 1384 1393 stu·

148 1441 207 1504 dio
230 1439 447 1502 addicerent.
471 1437 752 1517 Progrediuntur
765 1441 865 1502 multi
889 1441 986 1502 ciues
1003 1441 1144 1503 uirtutis
1165 1439 1316 1503 studiosi
1348 1439 1384 1502 in

149 1546 463 1611 Sacramentorum
474 1561 552 1622 usu,
568 1561 717 1608 necnon
733 1547 907 1621 mulieres¹
924 1564 1015 1627 quae
1029 1547 1159 1626 ubique
1173 1547 1331 1626 gentium
1348 1547 1384 1608 in

149 1655 217 1717 hac
233 1670 271 1715 re
287 1652 385 1715 uiros
399 1651 545 1714 uincunt
559 1669 718 1715 numero,
735 1651 779 1715 Hi
795 1662 922 1716 octauo
937 1670 1076 1734 quoque
1092 1654 1147 1717 die
1160 1653 1205 1716 ad
1218 1669 1383 1716 mensam

149 1759 294 1823 Domini
310 1758 495 1832 accedunt;
513 1760 673 1822 nonnulli
686 1758 904 1839 frequentius
919 1759 962 1823 de
977 1775 1069 1839 pane
1085 1761 1154 1839 illo,
1172 1761 1231 1840 qui
1247 1760 1291 1823 de
1307 1776 1385 1822 coe-

150 1870 186 1929 lo
212 1864 404 1942 descendit,
433 1865 552 1928 edunt.
579 1864 796 1930 Laudandus
821 1864 995 1929 Dominus
1020 1866 1132 1943 Iesus
1162 1868 1223 1947 qui
1248 1866 1386 1929 cunctis

152 1981 377 2036 constantem
396 1981 430 2034 et
452 1972 638 2035 robustum
652 1973 807 2035 animum
827 1973 998 2053 elargitur
1018 1984 1056 2037 ut
1077 1974 1274 2054 suscipiant
1290 1972 1385 2034 labo-

153 2096 214 2143 res
229 2097 293 2159 pro
307 2079 448 2142 nomine
463 2078 550 2155 eius,
566 2088 600 2140 et
618 2079 732 2141 hostis
754 2079 904 2142 insultus
919 2091 953 2144 et
969 2081 1115 2143 iniurias
1130 2088 1335 2144 constanter
1351 2079 1387 2140 in

159 2185 277 2249 medio
311 2184 529 2264 Babyloniae
564 2187 729 2263 tolerent,
762 2195 796 2249 et
818 2203 958 2266 semper
980 2189 1137 2266 aspirent
1167 2187 1212 2250 ad
1240 2185 1387 2249 Domini

154 2308 312 2369 crucem,
329 2306 478 2371 eamque
492 2300 633 2370 gestent
649 2294 834 2371 praeclara
850 2295 1077 2373 gloriosaque
1092 2296 1202 2356 multa
1217 2293 1389 2372 gerendo.

155 2398 249 2462 Nam
274 2414 449 2478 nusquam
474 2397 642 2477 gentium,
663 2398 804 2462 sirecte
826 2401 981 2473 memini,
1000 2400 1123 2480 aspexi
1138 2400 1299 2463 homines
1314 2408 1389 2462 tam

154 2505 325 2569 cordatos
340 2514 374 2567 et
388 2505 520 2584 pietate
536 2505 694 2582 insignes
708 2507 1005 2585 quemadmodum
1019 2507 1219 2584 Ferrariae,
1241 2506 1301 2586 qui
1316 2506 1391 2586 qui·

155 2613 239 2675 dem
265 2619 362 2674 certe
381 2626 488 2691 opere
512 2611 590 2691 ipso
614 2611 798 2676 declarant
819 2629 896 2676 sese
915 2631 985 2677 non
1006 2614 1215 2677 erubescere
1235 2630 1390 2691 euange-

156 2720 256 2782 lium.

134 2895 136 2898 ,
222 2824 374 2905 Quidam
398 2824 454 2887 uir
478 2826 514 2888 in
543 2824 673 2889 mundo
698 2827 821 2905 grauis
846 2838 881 2891 et
905 2828 1029 2891 doctus
1055 2837 1089 2891 et
1113 2845 1224 2891 senex
1251 2837 1392 2908 patrem

155 2933 349 3012 quemdam
364 2949 409 2994 ex
420 2932 552 2995 nostris
565 2932 657 2995 inter
671 2933 925 3013 iniungendam
939 2936 1192 3015 poenitentiam
1208 2935 1244 2998 in
1256 2930 1395 2997 conses-

157 3039 261 3101 sione
276 3037 425 3118 superbe
440 3039 645 3118 respiciens
663 3039 694 3101 ei
709 3040 917 3104 reclamauit
936 3058 1049 3121 neque
1064 3040 1322 3120 obtemperauit
1336 3057 1396 3103 ue·

159 3146 272 3222 ritati,
288 3145 355 3208 Dei
369 3144 569 3209 ministrum
584 3145 747 3209 irridens.
772 3146 804 3210 Is
825 3164 911 3227 ergo
932 3147 1065 3211 homini
1080 3148 1173 3210 elato
1188 3155 1223 3209 et
1238 3148 1392 3227 superbo

159 3252 330 3333 imposuit
354 3268 508 3333 poenam
532 3252 679 3333 dignam
703 3270 790 3316 sane
811 3251 931 3316 dolore
957 3263 1198 3333 peccatorum;
1221 3254 1395 3334 praecipit

160 3362 283 3440 itaque
307 3359 340 3422 ei
365 3370 402 3421 ut
428 3375 493 3437 pro
509 3370 736 3439 peccatorum
761 3361 1003 3439 magnitudine
1018 3361 1151 3425 diceret
1180 3362 1396 3424 cantilenam

159 3465 354 3546 quamdam
370 3464 524 3528 maxime
538 3483 559 3528 a
575 3467 763 3530 mundanis
778 3467 1039 3546 frequentatam
1060 3479 1095 3530 et
1110 3469 1343 3532 nobilitatam:
1361 3478 1395 3529 et

159 3571 268 3635 simul
288 3589 370 3635 eum
385 3572 518 3635 dimisit
533 3572 578 3636 ad
593 3582 730 3653 patrem
746 3584 906 3637 nostrum
930 3584 1117 3652 rectorem,
1134 3577 1194 3656 qui
1215 3594 1234 3638 e
1249 3575 1396 3654 regione

159 3678 291 3741 eodem
309 3677 524 3758 fungebatur
543 3697 698 3760 munere,
720 3691 759 3744 ut
779 3682 824 3743 ab
839 3699 881 3744 eo
897 3692 1084 3761 quaereret
1099 3700 1145 3746 an
1160 3684 1286 3746 merito
1303 3691 1397 3744 esset

161 3786 233 3850 sibi
246 3785 404 3848 iniuncta
419 3787 500 3849 talis
514 3789 743 3867 poenitentia,
761 3789 837 3852 eius
852 3790 957 3852 simul
972 3807 1082 3853 causa
1097 3791 1269 3869 exposita.
1286 3788 1398 3851 Porro

163 3892 283 3957 Patris
298 3892 447 3955 consilio
462 3903 497 3956 et
511 3894 725 3958 authoritate
741 3897 831 3960 adeo
845 3896 909 3959 luit
925 3905 1135 3973 commotus,
1157 3907 1195 3958 ut
1215 3897 1334 3959 multis
1350 3898 1397 3957 la·

162 4000 327 4079 chrymis
342 4016 427 4064 suos
442 4000 563 4081 lapsus
576 4012 611 4065 et
625 4005 762 4067 scelera
777 4004 909 4067 diluere
925 4005 1093 4085 coeperit.
1110 4003 1201 4066 Huic
1217 4020 1289 4066 non
1304 4002 1397 4065 cedit

161 4106 342 4189 quaedam
366 4106 532 4186 foemina,
558 4125 660 4190 quae,
674 4128 755 4174 curn
769 4111 922 4190 quinque
938 4112 1042 4174 annis
1056 4111 1168 4173 uitam
1182 4109 1400 4173 traduxisset

162 4231 249 4278 cum
270 4212 460 4277 haereticis
485 4224 519 4277 et
543 4216 587 4277 ab
609 4216 734 4280 iisdem
759 4215 942 4280 affluenter
967 4227 1060 4281 esset
1086 4216 1227 4293 inlecta,
1255 4216 1401 4279 tandem

162 4320 312 4385 Domini
326 4319 405 4384 Iesu
420 4320 606 4384 clementia
621 4335 790 4386 reuocata
802 4323 868 4386 suit
880 4343 901 4386 a
913 4325 1035 4403 prauis
1047 4322 1238 4400 erroribus,
1252 4332 1298 4401 et,
1316 4339 1399 4385 con·

162 4427 321 4492 sessione
341 4427 495 4503 exculta,
522 4436 557 4491 et
576 4428 696 4492 diuino
715 4445 806 4508 pane
828 4429 972 4508 resecta,
996 4429 1179 4493 Ecclesiae
1195 4427 1328 4493 Christi
1346 4439 1400 4492 est

162 4534 413 4599 reconciliata.

228 4638 382 4718 Quidam
401 4641 501 4722 ciuis,
518 4643 578 4723 qui
591 4644 707 4723 spatio
722 4644 825 4708 unius
840 4644 925 4707 anni
939 4654 1202 4724 contempserat
1217 4642 1402 4706 conscien-
