3210 5392
204 417 256 475 130
589 416 761 476 errnaas
775 433 1049 485 ouaoarnssrass

201 561 350 639 uocant)
366 561 515 637 auditio;
531 571 665 642 quanto
681 560 797 624 studio
816 562 933 625 danda
946 563 991 624 sit
1005 578 1131 642 opera,
1148 580 1193 625 ne
1215 561 1361 626 assiduo
1376 564 1438 626 ha·

200 687 279 732 rum
294 686 411 731 rerum
427 686 492 731 usu
504 668 720 744 reuerentia,
738 669 845 731 tantis
861 671 967 731 rebus
982 668 1110 746 debita,
1128 669 1373 733 imminuatur:
1390 671 1435 733 ad

201 776 268 841 hoe
284 792 369 839 uero
385 775 421 838 id
444 791 553 837 unum
568 792 646 838 esse
664 773 876 852 remedium,
892 784 930 838 ut
944 776 1093 856 quisque
1108 793 1230 840 secum
1244 777 1281 840 in
1301 778 1433 855 animo,

199 884 406 964 priusquam
420 881 463 944 de
486 882 642 962 peccatis
662 881 889 959 confiteatur,
911 892 971 945 aut
992 893 1154 945 sanctam
1177 883 1435 948 eucharistiam

199 990 387 1071 suscipiat,
409 989 533 1071 quanti
556 989 601 1052 sit
621 990 789 1052 momenti
803 987 898 1070 quod
914 998 967 1051 est
987 988 1147 1052 facturus
1161 990 1354 1070 expendat:
1371 992 1432 1071 qui

199 1097 288 1159 haec
312 1095 646 1177 praemeditaretur,
670 1096 763 1159 hunc
789 1113 970 1176 nunquam
992 1096 1192 1159 diuinarum
1216 1114 1349 1176 rerum,
1369 1111 1430 1162 aut

197 1203 393 1267 studiosum
421 1220 570 1283 parum,
607 1216 668 1266 aut
699 1220 825 1283 parum
857 1213 1079 1266 reuerentem
1107 1204 1315 1268 earumdem
1350 1222 1432 1268 con-

197 1311 381 1374 suetudine
397 1310 569 1388 futurum
587 1310 667 1390 quia
694 1309 729 1372 id
741 1309 872 1395 lacere
900 1311 1134 1389 pigraremur,
1162 1311 1308 1375 euenire
1323 1328 1432 1392 saepe

195 1430 233 1481 ut
249 1419 324 1496 ipse
340 1434 425 1481 usus
440 1418 738 1497 contemptionem
750 1426 930 1479 tantarum
941 1433 1060 1480 rerum
1072 1415 1211 1480 efficiat.
1226 1416 1331 1481 Alius
1344 1436 1435 1482 uero

196 1542 261 1588 sua
276 1525 437 1588 oratione
452 1525 617 1602 docebat,
635 1524 717 1604 quia
732 1525 840 1602 uulgo
861 1524 1022 1587 homines
1037 1524 1150 1586 uitam
1170 1541 1272 1588 suam
1292 1542 1431 1606 suaque

195 1631 289 1694 laeta
305 1632 423 1694 omnia
438 1630 648 1711 quibusdam
663 1648 728 1694 ceu
744 1630 904 1693 lancibus
929 1648 1000 1694 non
1022 1632 1230 1711 ponderent,
1256 1641 1294 1695 ut
1320 1632 1426 1696 laeile

195 1738 238 1802 de
254 1739 436 1818 proposita
451 1737 626 1800 sententia
640 1737 878 1817 depellantur,
896 1755 1001 1817 quam
1016 1739 1121 1818 paulo
1137 1747 1230 1816 ante,
1252 1739 1351 1819 quod
1369 1740 1431 1802 ho·

193 1854 293 1908 nesta
308 1854 417 1921 esset,
434 1843 638 1907 auidissime
652 1843 790 1906 fuerant
806 1844 971 1924 amplexi.
990 1843 1089 1924 Quae
1109 1844 1159 1908 illi
1180 1846 1428 1925 superioribus

195 1952 317 2015 diebus
338 1952 373 2014 in
398 1951 581 2014 doctrinae
607 1951 823 2014 christianae
848 1951 1057 2015 lectionibus
1082 1969 1162 2015 cum
1187 1952 1428 2032 accepissent,

194 2059 287 2136 inde,
301 2075 365 2121 sua
378 2068 515 2139 sponte,
531 2059 831 2137 praeceptoribus,
846 2075 958 2138 neque
975 2058 1009 2121 id
1021 2057 1225 2137 Jubentibus
1240 2076 1357 2139 neque
1369 2061 1429 2125 ad—

194 2166 432 2242 monentibus,
450 2165 495 2228 ad
510 2182 594 2228 suas
611 2166 852 2228 oratiunculas
868 2165 1113 2228 traduxerunt.
1132 2165 1232 2245 Quae
1247 2183 1305 2230 res
1321 2183 1430 2246 argu·

195 2282 316 2335 mento
331 2282 395 2348 est,
414 2272 492 2335 illos
511 2280 545 2335 et
566 2273 710 2335 attentis
726 2272 853 2335 animis
873 2272 998 2335 adesse
1014 2272 1207 2351 doctrinae,
1225 2283 1259 2336 et
1274 2291 1429 2354 magnos

195 2377 662 2460 mmmmwmmm

255 2485 366 2562 Multi,
381 2503 452 2548 non
464 2487 620 2549 contenti
632 2485 912 2549 confessionibus
924 2486 1125 2565 menstruis,
1139 2496 1269 2549 octauo
1285 2505 1429 2569 quoque

193 2593 250 2657 die
262 2594 298 2656 in
309 2595 442 2656 sacello
455 2603 590 2672 nostr0,
605 2593 647 2656 de
659 2594 824 2657 admissis
837 2594 994 2673 peccatis
1005 2593 1222 2671 confitentes
1236 2610 1427 2657 sacrosan-

194 2711 289 2766 ctam
310 2700 574 2765 Eucharistiam
590 2701 779 2780 accipiunt.
804 2699 932 2780 Lapsis
953 2711 1072 2763 autem
1093 2700 1232 2779 diebuS,
1255 2718 1338 2764 cum
1353 2703 1428 2782 qui·

194 2810 276 2874 dam
301 2811 413 2873 frater
434 2806 565 2887 januae
581 2806 781 2886 praelectus
797 2817 890 2870 esset
910 2806 955 2869 ad
977 2815 1126 2887 tempuS,
1154 2823 1245 2870 unus
1265 2807 1308 2870 de
1324 2808 1427 2871 scho-

194 2919 329 2981 lasticis
339 2915 502 2992 accessit,
513 2931 617 2995 quem
629 2930 710 2976 cnm
721 2913 777 2975 ille
788 2912 977 2975 admonere
991 2915 1105 2990 uellet,
1115 2925 1164 2987 ut,
1178 2931 1269 2993 quae
1278 2914 1314 2976 in
1323 2913 1428 2977 scho-

191 3025 234 3087 lis
249 3024 432 3087 doctrinae
447 3030 604 3100 tempore
620 3019 772 3096 audiret,
790 3037 831 3081 ea
848 3018 942 3082 domi
957 3020 1045 3081 alios
1061 3020 1220 3097 doceret,
1249 3022 1427 3100 comperit

192 3132 309 3209 ipsum
323 3128 472 3208 singulis
488 3126 610 3189 diebus
625 3126 811 3189 dominicis
826 3125 941 3203 lateri,
958 3127 1003 3189 ad
1019 3126 1219 3189 doctrinam
1240 3143 1327 3190 uero
1342 3144 1426 3191 cum

193 3247 293 3318 patre
308 3237 411 3299 simul
423 3244 457 3297 et
468 3232 543 3313 eJ'us
554 3232 687 3296 famulo
700 3233 832 3311 uenire,
850 3242 954 3312 atque
971 3249 1094 3295 omnes
1102 3231 1197 3295 domi
1212 3243 1338 3313 postea
1351 3251 1424 3297 ma-

192 3346 236 3408 tri
252 3363 297 3407 ex
312 3342 462 3406 lectione
477 3339 672 3419 doctrinae,
689 3357 779 3419 quae
795 3340 942 3420 quisque
968 3340 1204 3418 meminisset,
1226 3357 1422 3422 exponere.

194 3452 290 3515 Laus
300 3448 467 3512 Domino.

250 3556 370 3620 Alium
381 3572 521 3636 quoque
537 3554 672 3632 accepi,
689 3571 770 3615 cum
783 3553 935 3633 quinque
951 3554 1007 3616 uel
1022 3570 1196 3616 summum
1213 3570 1277 3616 sex
1293 3553 1369 3617 dies
1386 3556 1423 3616 in

189 3665 244 3727 his
259 3663 390 3727 scholis
404 3671 568 3724 uersatus
579 3670 688 3738 esset,
705 3659 878 3740 quosdam
894 3660 1069 3735 homines,
1092 3677 1180 3740 quos
1196 3659 1232 3723 in
1250 3661 1332 3723 uico
1351 3663 1421 3725 iur-

189 3779 317 3852 gantes
331 3770 537 3850 reperisset,
556 3769 591 3830 in
618 3779 777 3831 mutuam
801 3768 957 3846 gratiam
978 3766 1174 3830 reduxisse.
1200 3766 1307 3830 Faxit
1321 3767 1422 3831 Deus

187 3888 225 3942 ut
241 3888 275 3941 et
290 3877 463 3939 bonarum
479 3892 597 3938 rerum
612 3874 752 3951 studiis,
770 3884 804 3937 et
823 3891 970 3936 numero
991 3875 1083 3953 ips0,
1108 3883 1284 3936 crescant.
1306 3873 1422 3953 Quem

186 4000 371 4048 numerum
386 3983 440 4045 his
455 3982 501 4044 ad
516 3992 550 4043 te
565 3981 688 4058 literiS,
709 3979 786 4042 Rae
804 3979 920 4058 Pater,
937 3998 1007 4043 non
1022 3981 1217 4060 perscribo,
1237 3981 1322 4061 quia
1337 3980 1421 4044 finis

186 4092 376 4155 lectionum
390 4089 494 4152 huius
510 4087 593 4150 anni
608 4105 686 4150 cum
700 4088 821 4166 instet,
840 4087 899 4149 alii
914 4105 952 4150 se
965 4087 1000 4150 in
1013 4088 1166 4166 patriam
1177 4089 1419 4166 contulerunt,

186 4198 246 4259 alii
270 4197 403 4260 morbis
429 4195 680 4274 impediuntur:
709 4194 827 4274 itaque
854 4212 924 4257 non
951 4211 1072 4257 omnes
1096 4195 1327 4274 gymnasium
1350 4193 1420 4258 fre·

183 4313 372 4386 quentant‚
389 4319 502 4382 neque
517 4308 616 4363 certo
632 4301 716 4363 sciri
732 4312 847 4379 potest
863 4319 984 4363 eorum
1000 4318 1179 4363 numerus.

243 4411 389 4473 Ineunte
404 4408 557 4482 octobri,
580 4407 664 4469 sciri
680 4408 820 4487 poterit,
837 4418 872 4471 et
893 4406 961 4470 Dei
979 4407 1097 4487 gratia
1119 4406 1164 4470 ad
1184 4415 1237 4485 te,
1255 4407 1333 4471 R.de
1355 4408 1421 4473 Pa·

181 4526 252 4597 ter,
270 4515 518 4598 perscribetur.
535 4513 611 4576 Hoc
628 4514 767 4577 interim
788 4515 927 4594 accipe,
951 4523 1101 4594 augusto
1123 4514 1191 4577 hoc
1215 4518 1421 4596 complures

181 4642 294 4687 noros
310 4621 535 4697 confluxisse,
554 4638 595 4683 ac
612 4639 756 4701 sperare
773 4639 837 4684 nos
857 4623 962 4701 longe
982 4622 1090 4685 etiam
1104 4623 1224 4702 plures
1239 4639 1319 4686 esse
1335 4642 1422 4688 uen-
