3210 5392
131 288 189 347 602
518 288 690 347 Limnaee
708 304 979 356 onanmnnsrnns

138 434 262 497 luisset
277 445 446 512 erectum,
464 435 644 513 nobisque,
662 434 772 513 quiin
790 452 831 496 eo
848 434 956 509 suere,
974 436 1076 514 plene
1092 432 1273 514 cogniti.,ll

137 541 228 603 alios
243 541 437 603 uberrimos
453 541 600 610 fructus.
618 541 676 619 qui
693 559 736 601 ex
752 541 819 603 hac
839 558 878 602 re
898 541 1124 619 colliguntur,
1146 551 1273 621 utpotel

139 663 199 708 ros
215 666 235 708 a
252 648 373 726 primis
389 647 490 709 annis
506 648 601 726 piam
617 647 815 710 doctrinam
831 647 1011 724 imbibere,
1033 647 1192 728 aliosque
1209 647 1273 710 mai

137 763 234 831 natu,
261 771 352 833 quae
377 755 550 816 hactenus
575 754 843 832 ignorauerant,
870 753 1043 832 ediscere,
1074 763 1128 817 cst
1157 754 1273 817 intera

137 876 239 938 unuS,
264 844 426 922 omnibus
444 860 585 939 quidem
605 870 805 939 pergratus,
829 860 924 939 quod
944 861 1153 924 inhonestae
1175 860 1273 924 canei<

136 983 260 1028 omnes
280 966 348 1028 iam
371 983 518 1046 prorsus
538 967 674 1029 deletae
695 967 777 1043 sint,
800 983 951 1046 quarum
975 969 1067 1045 loco,
1091 967 1271 1030 christiana

138 1072 266 1150 ctrina,
284 1090 375 1153 quae
392 1073 492 1135 suaui
507 1073 659 1152 quodam
676 1073 782 1135 modo
797 1090 840 1136 ac
855 1073 1003 1137 honesto
1019 1074 1172 1151 canitur,
1193 1075 1234 1137 sit
1251 1073 1273 1135 ir

136 1179 257 1241 ducta.
274 1179 347 1241 Nec
363 1181 475 1241 solum
491 1181 593 1259 pueri
608 1189 641 1242 et
657 1180 793 1259 puellae
809 1196 871 1260 per
886 1180 984 1263 uicos
999 1180 1198 1260 doctrinam
1219 1197 1273 1271 can

140 1284 202 1347 sed
219 1287 325 1348 etiam
341 1287 376 1363 ii,
394 1287 464 1366 qui,
483 1287 599 1349 solatii
614 1287 744 1365 gratia,
761 1287 853 1349 inter
867 1286 1103 1350 laborandum
1117 1297 1273 1350 cantares

140 1392 235 1469 bant,
264 1393 461 1455 doctrinam
488 1393 719 1456 christianam
744 1393 974 1472 intercinunt,
1003 1394 1101 1457 velut
1126 1394 1272 1474 agricola

138 1500 237 1577 agris
255 1498 274 1561 ¹:
296 1517 365 1579 qua
386 1518 424 1560 re
447 1502 581 1562 lactum
601 1509 654 1562 est
675 1509 712 1562 ut
732 1500 768 1561 in
791 1500 946 1580 aliquam
968 1500 1022 1563 sui
1044 1499 1272 1578 cognitionem

138 1604 246 1682 ducti,
265 1615 369 1668 antea
386 1606 526 1668 nomine
542 1608 655 1668 solum
678 1606 892 1669 christianos
911 1606 1019 1669 fuisse
1039 1605 1232 1669 fateantur:
1252 1622 1273 1685 p

139 1711 203 1773 bus
218 1713 336 1790 etiam,
354 1713 414 1790 qui
429 1711 518 1774 filios
533 1713 603 1774 iam
619 1712 728 1792 probe
743 1712 869 1776 doctos
880 1712 1022 1790 habent,
1035 1712 1273 1776 suauissimum

144 1827 224 1896 post
239 1819 437 1897 prandium,
455 1822 510 1882 uel
526 1821 596 1881 alio
612 1819 844 1882 recreationis
858 1829 1028 1898 tempore,
1047 1830 1215 1882 canentes
1228 1834 1273 1881 eos

139 1924 227 1987 dire:
244 1925 440 2004 adiungunt
457 1944 607 2006 quoque,
624 1927 726 2005 quasi
741 1924 912 2003 ludentes
930 1926 1010 1989 filiis
1025 1927 1101 1988 suis
1116 1942 1240 2005 pueros
1257 1941 1273 1985 a

140 2031 362 2111 efficiuntque
378 2043 416 2095 vt
432 2049 522 2095 unus
538 2050 660 2094 eorum
675 2033 886 2111 magistrum
908 2041 1004 2112 agat,
1029 2033 1089 2095 alii
1112 2051 1197 2095 vero
1217 2032 1273 2094 dis<

142 2138 205 2214 los,
223 2139 271 2201 ita
287 2149 324 2200 ut
338 2156 425 2215 rem,
443 2139 553 2200 ueluti
568 2138 604 2200 lit
620 2139 793 2201 innostro
810 2140 971 2218 collegi0,
996 2148 1271 2220 repraesentent;

141 2261 267 2321 parum
293 2262 357 2308 nec
383 2247 589 2307 immodeste
614 2246 814 2324 gloriantur
839 2263 877 2307 se
904 2244 993 2307 tilios
1019 2245 1055 2308 in
1081 2246 1149 2308 hac
1174 2264 1211 2308 re
1235 2261 1271 2324 pe

138 2348 281 2413 habere.

198 2455 335 2535 Modus,
353 2459 411 2537 qui
428 2459 462 2520 in
478 2456 658 2520 edocenda
672 2458 833 2520 doctrina
846 2468 1022 2534 seruatur,
1038 2458 1068 2519 is
1080 2467 1146 2520 est:
1159 2456 1273 2520 fratem

141 2565 318 2642 enostris,
336 2581 398 2644 per
415 2564 516 2627 uicos
537 2565 721 2640 incedenS,
746 2564 1017 2627 tintinnabulum
1037 2565 1170 2643 pulsat,
1194 2575 1228 2627 ut
1248 2581 1267 2642 p

142 2671 213 2734 iam
227 2688 306 2734 esse
327 2683 466 2750 tempus
489 2672 683 2735 accedendi
703 2671 893 2750 significet:
918 2682 951 2733 et
975 2688 1056 2734 cum
1075 2672 1258 2751 populusl

140 2779 319 2857 paruuluS,
337 2775 410 2841 tam
425 2779 592 2858 copiosus
607 2788 660 2840 est
676 2795 844 2840 numerus
861 2794 1059 2857 puerorum
1076 2778 1249 2840 ediscenti

140 2884 332 2963 aliquando
358 2885 637 2964 quadringentos
661 2883 823 2946 excedat:
851 2894 995 2964 tamque
1021 2895 1142 2963 patres
1171 2884 1240 2946 desi

141 2990 191 3051 uti
207 2988 267 3053 lilii
282 2991 337 3053 sui
352 2991 444 3053 hanc
462 2991 732 3053 saluberrimam
745 2990 945 3053 doctrinam
959 2991 1170 3070 percipiant,
1183 3002 1220 3054 ut

141 3100 196 3157 uel
211 3097 390 3160 adducant
407 3098 440 3159 in
457 3098 600 3158 domum
617 3107 787 3173 nostram,
810 3098 865 3158 uel
893 3097 1006 3173 tratri,
1029 3099 1090 3176 qui
1112 3099 1220 3176 signu¹

139 3204 374 3282 committant3
397 3205 497 3283 pueri
512 3212 631 3266 tamen
645 3204 710 3282 ipsi
724 3204 772 3265 ita
786 3203 946 3265 doctrina
960 3203 1190 3280 delectantur,
1205 3223 1211 3256 τ

140 3311 244 3388 signo
261 3313 381 3374 statim
396 3319 598 3373 accurrant.
619 3309 742 3371 Pueris
758 3310 901 3371 tandem
925 3311 959 3371 in
981 3328 1087 3372 unum
1110 3314 1201 3373 locut

139 3417 241 3494 catis,
257 3416 362 3479 Pater
378 3418 436 3495 qui
452 3435 512 3478 eos
528 3417 695 3492 instituit,
712 3417 854 3495 inquirit
868 3427 949 3478 ante
962 3417 1079 3478 omnia
1093 3417 1191 3495 dilige

141 3523 270 3603 aliquis
286 3542 405 3586 eorum
422 3524 526 3586 luerit
550 3542 659 3586 ausus
674 3525 804 3585 iurare:
823 3525 881 3602 qui
904 3524 933 3585 si
953 3541 1057 3602 quem
1080 3525 1176 3586 iuras

146 3629 201 3706 rit,
219 3647 299 3692 eum
313 3630 440 3692 blande
456 3631 616 3710 corrigit,
633 3648 675 3691 uc
691 3648 735 3691 ne
752 3631 786 3691 in
801 3629 958 3691 futurum
972 3632 1041 3692 tale
1056 3631 1140 3709 quid
1156 3650 1172 3693 a

141 3746 270 3798 monet.
288 3735 421 3799 Diebus
436 3753 522 3799 uero
538 3738 636 3800 festis
659 3736 795 3798 rosaria
819 3737 875 3797 uel
891 3735 998 3798 libelli
1021 3737 1069 3816 pii
1084 3738 1119 3799 in
1143 3756 1163 3816 p

141 3843 202 3921 qui
218 3843 297 3905 aliis
312 3844 553 3920 excelluerint,
571 3853 829 3923 proponuntur,
846 3859 915 3920 quo
931 3843 1046 3920 magis
1061 3862 1104 3905 ac
1120 3861 1152 3905 m

144 3965 224 4011 rum
238 3950 347 4011 animi
363 3949 398 4011 in
414 3949 572 4011 discendi
593 3949 804 4011 desiderium
825 3946 1086 4010 accenduntur:
1111 3951 1143 4011 in

141 4071 222 4118 men
235 4066 316 4118 sunt
327 4055 402 4118 dies
414 4057 534 4135 aliqui,
549 4064 736 4135 propterea
749 4055 843 4134 quod
856 4064 1005 4133 tempuS,
1019 4072 1105 4133 prae
1121 4075 1135 4117 r

143 4171 177 4224 et
192 4163 324 4224 nostris
339 4173 372 4224 et
387 4163 506 4241 pueris
521 4172 614 4224 esset
629 4164 825 4223 molestum.

202 4268 271 4347 Qui
286 4269 546 4331 confessionem
564 4270 598 4330 in
614 4279 736 4330 nostro
754 4269 905 4343 collegio
921 4267 1116 4345 frequentat

182 4509 188 4539 Ι
218 4509 303 4552 Voces
314 4510 361 4554 has
372 4510 444 4552 velut
456 4511 591 4562 agricolae
604 4514 632 4552 r'n
643 4512 719 4561 agris
730 4511 782 4552 alin
794 4511 861 4553 inter
873 4511 955 4553 llneas
967 4509 1076 4550 inseruit
1089 4520 1095 4549 r
