3210 5392
631 455 693 511 Aa.
717 455 787 511 laba
1285 455 1325 514 53

85 613 155 676 que
168 605 269 675 patre
285 597 322 659 in
338 594 552 677 Castellam,
569 600 685 662 uisum
705 600 824 680 utique
838 611 893 663 est
913 601 1007 681 patri
1027 610 1149 664 nostro
1164 600 1324 665 Antonio

85 702 275 767 Cordubae
296 703 304 735 ¹
322 704 533 785 obsequium
551 704 630 769 Deo
651 706 905 787 praestandum
924 708 1017 786 fore,
1039 708 1069 770 si
1091 709 1127 772 in
1147 708 1326 781 aliquibus

87 809 191 874 huius
204 811 362 874 ciuitatis
377 812 518 892 templis
532 813 695 877 doctrina
706 814 902 878 christiana
914 813 1112 894 doceretur;
1129 832 1235 895 quam
1247 811 1321 894 quii

88 915 168 981 dem
181 918 259 998 ipse
274 918 410 998 primus
426 920 461 981 in
476 920 627 983 ecclesia
642 920 797 1001 quadam
818 922 946 985 docere
960 922 1166 1002 auspicatus
1185 932 1254 1002 est,
1278 938 1324 983 eo

89 1024 275 1087 dumtaxat
296 1026 415 1089 animo
435 1035 473 1088 ut
493 1043 622 1106 pueros
643 1027 855 1090 necessariis
874 1028 1083 1092 institueret.
1108 1027 1326 1092 Cancellatis

90 1131 205 1210 itaque
218 1132 394 1210 manibuS,
409 1133 595 1213 capiteque
610 1133 761 1212 detecto,
779 1133 894 1197 factus
913 1152 1000 1215 puer
1015 1152 1144 1215 pueros
1159 1134 1321 1199 docebat.

89 1236 142 1300 Ex
156 1239 253 1302 omni
269 1248 388 1302 autem
402 1255 533 1318 genere
549 1248 649 1303 tanta
663 1240 845 1303 hominum
865 1258 907 1304 ac
922 1242 1108 1304 mulierum
1123 1241 1322 1322 frequentia

91 1346 253 1421 accessit,
269 1356 310 1408 vt
329 1346 401 1408 iam
418 1362 480 1408 eos
499 1363 628 1427 capere
643 1347 794 1410 ecclesia
809 1348 980 1428 nequiret,
1000 1348 1163 1427 quamuis
1178 1365 1323 1412 sexcen-

90 1459 204 1514 torum
219 1452 402 1514 hominum
415 1468 531 1532 capax
546 1462 651 1516 esset.
669 1453 828 1534 Cumque
843 1453 949 1517 Pater
964 1455 1083 1517 animo
1099 1456 1188 1519 haec
1202 1472 1325 1519 secum

91 1559 262 1636 volueret,
279 1570 486 1639 tantumque
500 1557 614 1639 frugis
629 1560 765 1623 uideret
779 1560 823 1623 ob
840 1563 973 1640 oculos,
987 1578 1180 1641 persuasus
1195 1578 1321 1625 reuera

92 1676 143 1728 est
158 1665 248 1728 duos
263 1665 354 1728 alios
369 1663 495 1729 Patres
509 1666 545 1729 in
560 1667 699 1746 singula
715 1670 845 1747 templa
860 1668 1012 1748 mittere,
1028 1669 1087 1748 qui
1103 1667 1324 1732 tantumdem

93 1771 309 1835 factitarent:
326 1791 371 1836 ex
386 1790 455 1853 quo
466 1773 667 1836 uberrimus
678 1773 837 1854 profecto
854 1774 990 1838 fructus
1005 1776 1243 1856 subsequutus
1255 1784 1321 1852 est,

94 1888 281 1959 propterea
296 1880 390 1960 quod
405 1890 440 1943 et
454 1881 615 1943 homines
630 1890 665 1943 et
680 1881 779 1961 pueri
795 1882 978 1945 doctrinae
994 1882 1208 1945 christianae
1225 1883 1323 1961 igno·

94 1986 205 2048 rantia
226 1996 422 2064 scaterent,
445 1986 534 2049 adeo
555 1997 594 2050 vt
615 1986 744 2050 Rector
764 1988 910 2051 alterius
930 1988 1056 2053 harum
1076 1990 1321 2065 ecclesiarum,

95 2093 149 2173 qui
164 2093 352 2173 principi0,
371 2094 480 2156 veluti
493 2093 687 2173 ignominia
704 2093 861 2172 affectus
875 2096 1033 2172 grauiter
1048 2097 1264 2176 molesteque
1276 2086 1324 2159 le-

99 2200 193 2262 rebat
205 2200 300 2279 quod
312 2200 423 2263 nostri
432 2202 600 2280 templum
609 2201 849 2264 illiusadirent
861 2202 1219 2280 doctrinamdocturi,
1230 2213 1323 2283 post-

97 2307 234 2370 modum
249 2307 353 2369 alteri
368 2306 508 2385 dixerit,
526 2307 722 2387 obnixeque
738 2307 901 2387 petiuerit
916 2325 960 2370 ne
983 2309 1027 2371 ab
1052 2309 1216 2389 incoepto
1232 2309 1321 2372 desi·

97 2421 216 2492 steret,
233 2413 400 2492 quoniam
420 2412 456 2476 in
476 2431 518 2475 ea
538 2431 576 2475 re
596 2414 744 2476 multum
763 2414 956 2477 seruiretur
976 2412 1065 2477 Dee.
1089 2414 1325 2495 Addebatque

100 2530 280 2599 praeterea
291 2520 345 2582 bis
361 2530 483 2583 centos
495 2519 568 2582 fere
584 2537 715 2600 pueros
730 2520 853 2583 diebus
868 2520 967 2584 festis
978 2523 1147 2602 templum
1162 2521 1324 2603 frequen-

100 2638 170 2690 tare
186 2627 349 2707 coepisse
364 2628 500 2690 adrem
520 2627 678 2690 diuinam
698 2628 928 2708 audiendam,
946 2638 979 2692 et
999 2630 1094 2710 quod
1113 2646 1192 2692 eam
1208 2631 1325 2710 quiete

103 2734 288 2798 admodum
303 2733 477 2810 audirent,
492 2734 585 2814 quod
598 2752 723 2797 reuera
736 2747 839 2799 antea
853 2735 928 2799 fieri
940 2754 1164 2817 nequaquam
1176 2738 1322 2801 solebat:

103 2853 149 2903 est
163 2841 270 2904 etiam
286 2840 380 2921 quod
402 2841 575 2905 addamus
590 2841 626 2904 in
645 2842 710 2905 has
729 2843 835 2906 aedes
854 2860 996 2922 sacraS,
1014 2844 1056 2906 de
1076 2843 1202 2924 quibus
1217 2845 1324 2924 loqui-

106 2964 185 3026 mur,
212 2964 381 3027 magnam
406 2948 600 3026 hominum,
627 2949 813 3012 mulierum
839 2960 944 3030 atque
969 2967 1159 3030 puerorum
1186 2951 1325 3013 turbam

105 3055 316 3118 conuenisse.
643 3076 644 3079 ¹

158 3160 324 3243 Superest
339 3179 431 3225 nuuc
446 3162 492 3225 ad
507 3180 596 3236 eam,
614 3179 704 3242 quae
719 3163 815 3226 domi
830 3173 974 3227 nostrae
990 3164 1146 3243 docetur,
1164 3182 1229 3227 nos
1244 3183 1326 3227 con-

107 3265 265 3347 feramus,
282 3269 384 3332 cuius
404 3269 545 3350 quidem
567 3269 785 3333 audientium
800 3287 985 3333 numerum
1005 3279 1146 3335 tantum
1161 3272 1260 3334 abest
1276 3273 1324 3334 di-

108 3375 214 3456 minui,
233 3386 272 3439 vt
287 3377 332 3439 ab
347 3394 388 3439 eo
403 3376 478 3454 die,
495 3393 565 3457 quo
580 3376 700 3440 doceri
715 3377 879 3456 incoepta
895 3386 959 3455 est,
977 3378 1012 3440 in
1027 3394 1196 3458 praesens
1212 3396 1326 3458 usque

108 3491 242 3563 tempuS,
261 3500 331 3563 quo
346 3483 486 3563 quidem
502 3484 600 3546 calor
620 3483 773 3546 maxime
787 3484 900 3562 viget,
918 3485 1034 3563 magis
1048 3485 1083 3546 in
1098 3484 1173 3548 dies
1194 3501 1235 3547 ac
1252 3503 1326 3547 ma·

109 3588 152 3664 gis
166 3590 328 3653 creuerit.
429 3656 431 3658 ,

160 3697 286 3760 Totum
301 3714 453 3777 namque
469 3697 632 3778 impletur
648 3698 827 3769 sacellum,
845 3715 887 3761 ac
902 3698 1022 3777 plures
1037 3698 1143 3778 duplo
1166 3696 1254 3761 foris
1270 3716 1327 3760 as-

107 3801 249 3867 sidentes
266 3820 308 3867 ac
331 3813 465 3867 stantes
481 3804 645 3881 audiunt,
661 3804 755 3884 quod
774 3804 857 3867 siin
877 3821 1061 3867 numerum
1082 3821 1144 3867 eos
1162 3805 1327 3883 redigere

109 3909 194 3989 velis,
211 3919 391 3974 tercentos
405 3910 480 3973 sine
495 3910 719 3973 scholaribus
733 3909 744 3940 ¹
761 3928 1017 3973 connumerare
1033 3910 1127 3973 licet.
1143 3909 1189 3974 Hi
1205 3922 1326 3975 autem

111 4026 180 4080 sunt
204 4035 223 4081 e
248 4034 396 4080 numero
421 4034 556 4097 eorum,
584 4017 644 4098 qui
668 4019 816 4080 multum
840 4027 1064 4080 sacramenta
1086 4016 1322 4098 frequentant.

108 4117 228 4189 Verum
243 4134 344 4187 tanta
357 4123 423 4186 fuit
437 4123 530 4205 apud
545 4142 610 4210 nos
626 4123 889 4187 confessionum
903 4125 1017 4204 copia,
1039 4135 1113 4188 tum
1128 4125 1333 4204 quadrage?

109 4297 294 4311 *—

140 4400 146 4432 ¹
173 4401 237 4446 Huic
253 4401 345 4456 paucis
360 4401 436 4456 hujus
451 4399 512 4444 anni
527 4401 657 4445 mensibus
676 4400 784 4455 collegii
801 4400 974 4446 Cordubensis
989 4402 1097 4457 regendi
1112 4412 1175 4446 cura
1186 4404 1326 4446 commissa

111 4469 158 4516 fuit.

139 4544 149 4574 ¹
172 4547 229 4590 sine
239 4544 419 4596 scholaribus,
427 4546 464 4590 eis
474 4544 574 4589 scllicet
584 4545 627 4600 qul
638 4544 747 4601 collegii
756 4546 859 4590 scholas
871 4547 1071 4600 frequentabant
1082 4552 1117 4598 et,
1128 4550 1156 4588 ut
1164 4543 1189 4589 lu
1201 4544 1324 4599 Colleglia

109 4608 232 4661 Societatis
242 4618 322 4661 meris
332 4623 406 4671 erat,
424 4617 457 4661 ad
468 4617 654 4671 expositionem
669 4618 828 4662 christianae
839 4618 973 4661 doctrinae
989 4617 1142 4661 audiendam
1157 4628 1185 4659 ee
1195 4616 1324 4671 conferre,

109 4693 156 4730 taur
164 4687 247 4744 fiebat,
256 4691 422 4733 tenebantur.
