3210 5392
644 417 814 476 erretms
828 433 1100 485 Quaomnsstnss

306 1440 508 1501 Guillelmus

342 1537 437 1598 Patri
449 1539 579 1614 ignatio
594 1538 635 1598 de
651 1540 786 1615 l.oyola.

376 1635 536 1710 Bononia,
551 1637 587 1696 23
599 1638 689 1711 Junii
704 1639 773 1696 1554
787 1638 805 1692 ¹.

826 1922 900 2040 iiis

308 2270 383 2333 Pax
399 2270 455 2334 X}
474 2271 521 2335 sit
536 2289 674 2352 semper
688 2273 885 2348 nobiscum,
902 2282 969 2335 etc.

306 2376 446 2455 Paucis,
456 2376 662 2441 Reuerende
675 2387 787 2459 pater,
797 2389 836 2442 vt
852 2378 1073 2441 obedientiae
1085 2386 1278 2457 praecepto
1291 2385 1325 2439 et
1337 2376 1376 2439 P.
1386 2387 1483 2451 tuae,

245 2485 363 2563 quoad
379 2492 514 2563 potero,
531 2483 762 2563 satisfaciam,
778 2503 832 2562 ea,
847 2502 938 2565 quae
950 2484 1051 2562 Dus,
1065 2485 1238 2547 bonorum
1253 2483 1410 2546 omnium
1423 2501 1482 2546 au·

245 2599 337 2668 ctor,
360 2608 422 2669 per
443 2608 518 2668 nos,
544 2591 681 2654 infirma
704 2591 808 2655 valde
829 2591 941 2670 ipsius
964 2592 1210 2668 instrumenta,
1232 2589 1406 2670 proximis
1427 2590 1484 2652 bis

247 2697 427 2760 mensibus
451 2699 620 2776 gesserit,
647 2699 842 2778 explicabo.
872 2697 915 2760 Et
940 2717 984 2761 ne
1010 2698 1177 2778 cuiquam
1201 2698 1246 2760 sit
1268 2714 1482 2777 persuasum

246 2804 400 2866 minores
415 2821 480 2866 nos
495 2805 600 2867 modo
618 2821 723 2885 quam
740 2805 912 2867 hactenus
927 2821 1228 2867 consueueramus
1244 2804 1481 2883 spiritualium

245 2919 450 2973 nostrorum
465 2912 626 2974 laborum
640 2912 776 2974 fructus
791 2922 936 2991 propter
950 2911 1061 2974 salsos
1077 2912 1156 2974 illos
1172 2928 1345 2989 rumores,
1362 2911 1399 2974 in
1414 2928 1481 2973 nos

245 3018 350 3096 paulo
367 3028 471 3080 antea
487 3018 661 3080 excitatos
672 3021 694 3096 ¹,
712 3018 909 3095 collegisse,
922 3017 1041 3097 potius
1053 3018 1254 3080 huiusmodi
1270 3017 1480 3096 tragoediae

242 3123 435 3187 effecerunt
461 3134 498 3186 ut
525 3124 688 3204 permulti
714 3124 885 3203 proximis
905 3124 1002 3187 hisce
1024 3122 1308 3187 Resurrectionis
1323 3141 1366 3186 ac
1391 3123 1479 3188 Pen-

245 3230 422 3293 thetostes
437 3230 536 3293 sestis
552 3232 596 3294 ad
613 3242 731 3309 patres
747 3240 898 3307 nostros
920 3240 957 3292 ut
973 3230 1016 3292 de
1036 3232 1195 3311 peccatis
1210 3230 1478 3309 confiterentur,

246 3338 473 3400 accesserint.

303 3443 467 3506 Accessit
483 3444 574 3505 inter
589 3443 677 3506 alias
693 3454 726 3506 et
742 3444 865 3506 mulier
880 3443 1056 3522 quaedam
1071 3443 1138 3504 hac
1154 3444 1278 3505 eadem
1293 3444 1337 3506 de
1352 3460 1474 3521 causa,

243 3566 345 3627 quae,
364 3550 527 3629 quamuis
541 3550 742 3612 meretricio
758 3550 817 3611 illo
830 3549 1005 3628 pessimae
1020 3549 1115 3611 vitae
1130 3565 1261 3626 genere
1276 3549 1479 3629 quindecim

243 3656 346 3718 annis
361 3653 502 3718 foedata
518 3656 644 3731 luerat,
662 3655 804 3718 Domini
819 3666 935 3718 tamen
952 3656 1078 3734 spiritu
1094 3655 1224 3733 afflata,
1241 3657 1359 3719 hostia
1374 3657 1473 3733 viua,

244 3760 320 3824 Deo
341 3763 496 3841 placens,
518 3772 597 3842 post
617 3763 875 3825 confessionem
895 3761 1030 3839 effecta,
1049 3763 1084 3824 in
1100 3772 1198 3824 easta
1220 3773 1325 3842 atque
1345 3764 1476 3842 pudica

243 3870 329 3937 vita.
347 3869 481 3931 crebris
497 3869 600 3944 modo
616 3869 897 3932 confessionibus
919 3869 1064 3947 puritati
1087 3868 1243 3944 studens,
1263 3869 1475 3933 continetur.

241 3974 314 4037 Alii
329 3976 541 4051 conditionis
556 3976 697 4055 quidem
712 3994 781 4039 non
798 3974 950 4054 infimae,
967 3976 1071 4055 graui
1087 3977 1181 4037 aeris
1197 3977 1304 4038 alieni
1321 3978 1478 4055 pondere

239 4080 365 4144 fraude
389 4100 432 4144 ac
457 4083 601 4144 foenore
626 4083 779 4162 grauati,
802 4098 931 4160 magna
958 4082 1100 4145 tandem
1116 4094 1194 4161 post
1214 4083 1477 4147 confessionem

238 4189 453 4266 poenitentia
470 4189 578 4266 ducti,
596 4190 690 4268 patri
704 4199 827 4251 nostro
843 4187 853 4217 ³
870 4206 1058 4251 aureorum
1073 4204 1248 4252 summam
1264 4189 1374 4252 ferme
1390 4207 1477 4268 qua·

238 4293 510 4373 dringentorum
533 4296 786 4359 restituendam
811 4295 1027 4357 detulerunt:
1054 4295 1284 4375 plurimisque
1310 4296 1479 4375 precibus

282 4502 291 4534 ¹
320 4501 509 4556 apographum
520 4502 544 4545 in
556 4502 650 4556 duplici
663 4501 730 4548 sollo.
740 4512 780 4543 nn.
792 4502 819 4543 7‘l
829 4508 854 4543 et
863 4500 899 4545 ul.

280 4572 292 4604 ¹
319 4572 386 4617 Vide
398 4573 512 4617 Poxaucr
525 4573 678 4623 chronicon,
690 4582 709 4615 t.
721 4583 758 4616 tn.
769 4584 829 4626 pag.
842 4574 887 4624 iba,
897 4583 938 4615 nn.
950 4573 990 4614 ‘262
1000 4580 1026 4615 et
1037 4573 1085 4615 2o3.

279 4643 292 4676 ⁸
318 4643 423 4688 Scilicet
437 4644 574 4688 Franclsco
585 4644 692 4695 Palmio,
704 4644 871 4687 Bononiensis
882 4644 971 4687 domus
981 4643 1120 4697 Superiori.
