3240 5386
190 414 245 473 496
577 414 1035 484 Lnrenanouanmnnsrnns

191 576 281 623 mus
298 557 370 621 Nec
387 567 470 622 tunc
486 560 627 622 ociosus
641 558 705 622 fuit
721 558 759 623 P.
775 558 990 641 Anthonius,
1004 563 1068 626 sed
1082 571 1179 627 totos
1192 564 1266 627 dies
1279 569 1403 644 quoque

190 665 377 745 insumpsit
393 665 577 729 audiendis
592 665 873 730 confessionibus
888 668 923 731 in
936 669 1106 751 parochia
1118 669 1203 734 Diui
1213 671 1335 753 Jacobi,
1346 680 1412 733 ro·

191 782 278 852 gatu
285 771 454 835 Pastoris.
466 772 543 853 Ego
551 773 1016 854 quamuisoccupatissimus
1027 786 1112 841 tunc
1123 777 1309 854 fuerim,eo
1318 762 1422 857 quod

191 879 276 943 mihi
292 881 554 960 impraeparato
569 890 604 943 et
617 880 652 944 id
667 889 749 944 ante
768 881 912 943 minime
927 883 1123 962 suspicanti
1137 882 1430 948 concionandum

191 986 295 1050 fuerit
307 986 474 1066 quotidie,
490 1003 563 1048 non
578 995 698 1049 tamen
713 987 812 1066 potui
826 989 911 1067 quin
926 988 1076 1069 singulis
1090 991 1215 1054 diebus
1233 990 1435 1071 aliquosin

190 1092 412 1157 confessione
428 1092 550 1155 audire
565 1108 724 1171 cogerer,
753 1093 880 1173 quibus
905 1105 1050 1175 propter
1075 1097 1281 1175 qualitatem
1298 1112 1442 1178 ρεπεα-

190 1216 316 1263 narum
328 1208 388 1261 aut
403 1198 608 1261 instantiam
623 1207 658 1261 et
673 1208 859 1277 vrgentem
874 1200 1123 1266 necessitatem
1137 1218 1305 1266 recusare
1319 1202 1326 1233 ¹
1338 1208 1448 1266 non

190 1306 298 1386 potui.
312 1303 486 1368 Dicebant
498 1305 592 1367 enim
604 1305 710 1384 aliqui
725 1322 797 1368 sea
812 1307 931 1369 multis
945 1307 1049 1371 annis
1063 1325 1135 1372 non
1146 1309 1335 1385 confessos
1344 1311 1453 1372 nec

190 1415 281 1476 velle
297 1412 397 1475 alteri
412 1428 518 1491 quam
534 1411 619 1474 mihi
630 1410 801 1487 confiteri,
818 1431 863 1475 ex
878 1413 1108 1478 concionibus
1127 1415 1251 1479 forsan
1266 1432 1401 1480 commo
1420 1431 1453 1447 ‘

190 1520 228 1584 ti.
246 1519 299 1583 Ex
314 1518 369 1581 his
384 1527 501 1580 autem
523 1517 804 1580 confessionibus
828 1521 977 1583 multum
1003 1538 1107 1600 spero
1134 1521 1272 1586 fructus
1290 1523 1324 1586 in
1336 1522 1399 1585 hor
1419 1535 1453 1553 ⁴

190 1644 290 1689 reum
305 1624 447 1689 Domini
462 1623 605 1700 adferri,
619 1640 699 1686 cum
710 1624 735 1687 ii
745 1625 937 1705 praecipue
949 1627 994 1689 ad
1006 1644 1071 1690 nos
1083 1628 1241 1705 veniant,
1255 1630 1312 1710 qui
1323 1628 1453 1692 seri&

190 1732 394 1812 concipiunt
418 1731 514 1793 vitae
538 1729 832 1808 emendationem,
859 1733 1002 1812 plurimi
1021 1733 1085 1813 qui
1103 1732 1115 1765 ¹
1133 1752 1154 1797 a
1170 1735 1304 1815 decem,
1321 1736 1373 1816 qui
1383 1734 1453 1796 μ

191 1840 328 1921 viginti,
351 1837 417 1918 qui
442 1856 462 1901 a
485 1837 642 1915 triginta,
664 1836 728 1914 qui
745 1838 853 1900 etiam
878 1855 899 1901 a
922 1840 1160 1919 quadraginta
1185 1853 1247 1905 aut
1262 1838 1453 1923 pluribu?

191 1947 293 2011 annis
321 1963 392 2008 non
421 1944 579 2008 fecerant
604 1944 780 2023 integram
805 1944 1076 2010 confessionem:
1102 1946 1173 2010 imo
1200 1951 1316 2013 maior
1333 1945 1453 2030 pff

189 2070 323 2132 eorum,
340 2052 399 2133 qui
414 2068 481 2114 nos
496 2050 680 2129 accedunt,
698 2061 759 2114 aut
773 2069 860 2132 prae
873 2053 1089 2117 verecundia
1111 2065 1173 2119 aut
1194 2073 1281 2136 prae
1296 2056 1453 2120 crassa)

189 2159 392 2241 ignorantia
415 2175 596 2238 nunquam
621 2158 798 2236 integram
823 2158 1022 2239 perfecerat
1046 2160 1320 2227 confessionem.
1340 2162 1404 2227 Plu·
1450 2178 1453 2184 ·

188 2267 268 2331 rimi
282 2275 449 2330 nutantes
464 2265 500 2328 in
514 2263 593 2337 fide,
611 2281 674 2343 per
688 2265 878 2328 conciones
892 2274 927 2328 et
941 2265 1184 2331 confessiones
1196 2278 1280 2333 sunt
1295 2269 1406 2335 confir·

190 2375 287 2452 mati,
304 2374 413 2454 aliqui
428 2372 570 2436 omnino
586 2370 792 2434 haeresibus
812 2372 954 2450 addicti,
975 2373 1028 2436 sic
1046 2391 1110 2454 per
1130 2377 1325 2442 conciones
1338 2386 1410 2442 sunt

189 2481 366 2559 commoti,
381 2491 419 2543 vt
431 2480 550 2542 statim
562 2477 660 2541 linita
673 2478 844 2542 concione
855 2495 927 2541 non
938 2491 1121 2544 cessarent
1133 2481 1260 2563 donec,
1274 2495 1410 2565 peracta

188 2587 294 2651 alicui
305 2596 508 2650 nostrorum
521 2583 743 2647 confessione
752 2594 787 2647 et
799 2584 961 2648 abiurata
972 2586 1123 2666 haeresi,
1138 2589 1176 2651 in
1186 2600 1336 2654 sanctae
1347 2608 1410 2656 ma·

188 2693 253 2758 tris
268 2692 440 2757 ecclesiae
455 2691 631 2771 gremium
642 2691 894 2769 reciperentur.
908 2691 1003 2755 Inter
1014 2704 1176 2759 caeteros
1188 2697 1347 2777 quidam,
1358 2698 1413 2780 qui

190 2811 283 2865 totos
299 2798 499 2880 quindecim
515 2814 627 2860 annos
642 2797 757 2860 fuerat
769 2797 804 2859 in
820 2814 862 2860 ea
876 2797 1028 2878 haeresi,
1052 2809 1092 2864 vt
1111 2803 1345 2882 pertinaciter
1360 2822 1413 2868 ne·

187 2918 289 2987 garet
304 2909 339 2970 in
355 2905 578 2969 sanctissimo
594 2903 839 2966 Eucharistiae
855 2915 1080 2970 sacramento
1100 2925 1177 2970 esse
1197 2926 1328 2973 verum
1343 2929 1413 2974 cor·

189 3033 255 3096 pus
270 3013 413 3088 Christi,
431 3011 531 3073 nobis
547 3009 739 3087 confessus,
758 3011 933 3074 haeresim
945 3013 1132 3092 abiurauit,
1149 3025 1183 3077 et
1199 3016 1417 3081 intellectum

188 3123 222 3185 in
239 3120 443 3200 obsequium
459 3117 537 3180 fidei
554 3118 750 3196 captiuans,
767 3117 912 3181 firmiter
931 3120 1083 3198 posthac
1102 3139 1140 3184 se
1155 3124 1304 3188 credere
1326 3126 1416 3188 dein·

186 3245 271 3307 ceps
286 3228 376 3289 velle
388 3224 548 3304 promisit
559 3223 724 3302 quicquid
737 3235 861 3287 sancta
874 3242 1021 3309 romana
1036 3228 1186 3291 ecclesia
1200 3230 1418 3295 credendum

187 3335 320 3409 statuit,
338 3342 465 3394 etcum
482 3331 548 3392 hac
574 3328 639 3391 fide
665 3340 699 3392 et
725 3331 980 3409 protestatione
995 3346 1265 3399 sacrosanctum
1281 3337 1419 3402 Eucha-

187 3442 308 3504 ristiae
334 3449 596 3501 sacramentum
622 3448 825 3499 reuerentes
855 3437 933 3517 ipso
961 3438 1050 3502 festo
1081 3439 1242 3505 Paschae
1269 3447 1417 3525 recepit.

185 3539 338 3629 Quidam
352 3546 452 3619 alius,
470 3543 701 3605 concionibus
716 3554 843 3620 motuS,
860 3547 992 3624 pluries
1004 3564 1024 3608 a
1036 3547 1138 3611 nobis
1151 3552 1305 3628 supplex
1318 3555 1422 3631 petiit

185 3657 222 3720 in
237 3649 517 3716 confessionibus
531 3647 542 3677 ⁸
570 3666 671 3711 suam
686 3650 940 3713 conscientiam
956 3650 1149 3728 declarare,
1166 3655 1261 3734 quod
1272 3659 1421 3724 tandem

185 3771 329 3844 propter
344 3756 596 3836 occupationes
621 3756 683 3818 vix
705 3756 865 3819 obtinuit:
894 3758 954 3837 qui
980 3775 1050 3821 non
1076 3763 1190 3823 solum
1206 3763 1425 3830 haeresibus

185 3869 295 3932 variis
311 3862 535 3937 adhaerebat,
553 3862 615 3924 sed
637 3862 725 3924 alios
745 3880 884 3943 quoque
899 3863 1099 3944 inducebat,
1124 3870 1193 3930 imo
1220 3886 1359 3949 magna
1375 3892 1426 3937 ex

184 3986 284 4056 parte
299 3987 407 4034 causa
427 3968 540 4030 fuerat
561 3979 595 4028 et
621 3970 799 4031 consultor
825 3969 900 4032 eius
926 3969 1093 4035 horrendi
1118 3973 1302 4056 facinoriS,
1321 3982 1426 4060 quod

185 4083 241 4147 hic
257 4077 410 4145 Tornaci
424 4076 501 4154 ipso
516 4073 607 4136 festo
622 4072 826 4137 Natiuitatis
846 4075 988 4139 Domini
1004 4079 1166 4158 proxime
1185 4084 1313 4162 elapso
1338 4104 1425 4152 con-

185 4191 332 4267 tigerat,
363 4181 528 4246 videlicet
550 4181 643 4260 quod
668 4182 914 4245 conculcatum
939 4182 1054 4247 fuerat
1083 4195 1157 4249 tam
1189 4187 1429 4269 impudenter

186 4295 331 4377 pedibus
346 4296 614 4354 sacrosanctum
638 4303 768 4365 corpus
793 4286 936 4351 Christi:
953 4287 1010 4353 hic
1033 4299 1105 4355 tam
1129 4294 1223 4357 serio
1239 4296 1348 4362 visus
1364 4314 1423 4366 est

226 4499 233 4531 t
264 4492 557 4548 idnegarefflolancur.

225 4574 234 4599 ¹
263 4578 374 4624 quinum
391 4561 562 4620 plurimald.

224 4642 235 4673 Ι
263 4640 337 4697 petllt
349 4641 378 4681 ut
388 4637 441 4680 sibi
450 4635 545 4679 liceret
553 4633 578 4676 ln
590 4633 757 4677 confesslone.
768 4632 804 4678 ld.
