3210 5392
181 443 218 503 28
570 442 1030 512 errnaanouaomunsrnns

183 605 299 668 genus
313 589 536 669 compulerit,
558 588 648 652 duos
666 605 806 669 quoque
821 587 1037 666 sacerdotes,
1057 605 1209 668 quorum
1230 604 1348 651 mores
1374 604 1419 651 ac

184 696 259 759 vita
281 695 399 759 multis
424 697 516 759 male
535 695 680 759 viuendi
700 712 825 758 ansam
845 695 1071 776 praebebant,
1096 695 1212 774 coegit
1231 703 1282 773 vt,
1302 694 1423 758 missis

184 803 283 880 iocis
302 801 454 881 choreiS,
471 802 738 882 prophanisque
758 820 801 865 ac
816 802 961 866 lasciuis
979 801 1281 865 familiaritatibus
1300 810 1335 864 et
1350 803 1419 865 col·

185 910 330 990 loquiis,
363 909 531 988 religiose
561 910 735 972 viuerent.
767 909 900 972 Ibidem
932 926 1071 989 quoque
1099 908 1287 973 dissidium
1315 909 1422 988 quod·

185 1016 268 1079 dam
285 1017 356 1079 iam
370 1016 464 1079 inter
478 1025 616 1097 patrem
631 1026 665 1079 et
679 1015 788 1080 filium
803 1016 991 1096 quemdam
1003 1016 1259 1107 inueteratum,
1277 1025 1311 1078 et
1325 1015 1420 1096 quod

186 1123 350 1203 permulti
366 1125 476 1187 multo
491 1134 650 1203 tempore
664 1122 831 1203 frangere
845 1124 1090 1203 nequiuerant,
1103 1123 1224 1186 diuino
1240 1122 1419 1203 praesidio

187 1231 298 1292 multa
314 1229 490 1292 charitate
506 1228 598 1293 idem
613 1239 715 1310 pater
733 1229 925 1309 extirpauit
948 1239 1053 1309 atque
1073 1228 1214 1308 deleuit,
1239 1245 1370 1308 eosque
1386 1229 1421 1291 in

189 1337 298 1399 multa
315 1353 404 1416 pace
425 1338 639 1418 relinquenS,
659 1338 818 1418 pluribus
837 1346 968 1415 tamen,
989 1355 1060 1400 non
1079 1338 1155 1400 sine
1175 1352 1306 1416 magno
1322 1337 1421 1416 spiri·

187 1442 250 1505 tali
264 1441 421 1522 foenore,
439 1443 721 1507 confessionibus
736 1443 877 1519 auditis
901 1445 946 1507 ad
959 1461 1026 1506 nos
1045 1460 1216 1524 prospera
1233 1461 1311 1506 cum
1328 1445 1424 1506 vale·

188 1548 309 1614 tudine
324 1549 438 1613 rediit.

251 1656 327 1720 Iam
343 1673 442 1732 vero,
460 1666 498 1719 vt
513 1657 557 1719 de
571 1657 638 1736 his,
655 1658 715 1738 qui
729 1659 766 1721 in
781 1658 921 1738 publica
937 1658 1099 1721 custodia
1115 1666 1356 1733 asseruantur,
1374 1656 1426 1719 di·

190 1781 271 1827 cam
288 1764 433 1844 aliquid,
451 1764 658 1844 saepissime
673 1765 722 1828 illi
737 1783 758 1827 a
773 1764 981 1828 Reuerendo
995 1775 1046 1845 pf
1062 1763 1255 1828 Laurentio
1269 1763 1290 1841 ¹,
1300 1772 1336 1826 et
1350 1764 1426 1844 qui·

190 1869 270 1933 dem
296 1870 499 1951 frequenter
525 1871 569 1933 ab
596 1871 722 1935 iisdem
746 1880 888 1951 vocatu,
914 1872 1089 1951 visuntur,
1117 1871 1177 1935 vbi
1204 1871 1423 1943 concionari,

191 1975 437 2040 confessiones
458 1977 592 2056 audire,
614 1995 755 2041 sacram
775 1979 1024 2042 administrare
1046 1978 1298 2042 eucharistiam
1318 1989 1427 2058 atque

190 2083 262 2146 alia
279 2082 467 2146 charitatis
478 2083 592 2147 officia
607 2095 792 2164 praestare
807 2085 949 2148 assidue
963 2086 1159 2148 consueuit.

257 2187 457 2253 Reuerendi
469 2208 556 2253 vero
566 2192 681 2271 patris
692 2192 804 2254 nostri
814 2210 970 2272 operam,
984 2208 1176 2271 numquam
1187 2201 1283 2255 certe
1298 2190 1426 2254 desunt

193 2297 263 2359 viri
279 2297 437 2376 plerique
453 2298 651 2373 clarissimi,
669 2298 728 2378 qui
747 2299 867 2361 multis
887 2299 924 2361 in
942 2298 1048 2362 rebus
1067 2298 1134 2378 piis
1149 2297 1343 2378 requirant.
1361 2296 1425 2359 Re·

192 2403 373 2466 uerendus
398 2403 503 2466 huius
527 2405 626 2468 vrbis
640 2402 808 2468 Vicarius
833 2405 968 2484 primus
992 2414 1062 2482 est,
1084 2405 1143 2485 qui
1170 2404 1230 2467 illo
1256 2404 1291 2467 in
1316 2402 1427 2466 refor-

194 2509 336 2572 mandis
357 2510 564 2573 monialium
583 2511 763 2574 coenobiis
783 2511 973 2591 plurimum
994 2512 1117 2589 vtitur,
1141 2510 1202 2574 vbi
1216 2520 1270 2574 est
1290 2509 1429 2573 concio·

193 2625 298 2679 natus
318 2617 470 2696 saepius.
487 2617 531 2681 Et
546 2617 750 2682 monialium
765 2619 903 2681 animos
915 2617 1160 2697 spiritualibus
1171 2617 1351 2680 exercitiis
1362 2616 1429 2679 for·

193 2731 267 2785 mat
282 2731 391 2803 atque
410 2723 447 2786 in
467 2722 535 2786 Dei
554 2740 711 2787 amorem
733 2724 938 2802 inflammat,
963 2742 1085 2787 earum
1109 2723 1351 2787 confessiones
1371 2740 1432 2786 au·

193 2829 254 2910 dit,
271 2838 306 2891 et
324 2830 428 2910 plura
442 2847 522 2893 cum
537 2831 590 2893 eis
605 2831 802 2910 spiritualia
817 2831 948 2909 munia,
971 2848 1044 2894 non
1063 2832 1139 2893 sine
1161 2847 1292 2910 magno
1312 2829 1431 2892 fructu

193 2937 370 3016 spirituali
395 2944 430 3000 et
455 2936 521 3000 Dei
542 2938 659 3017 gloria
684 2947 837 3015 exercet,
866 2955 936 3018 quo
958 2938 995 3001 fit
1015 2947 1054 3001 vt
1074 2937 1110 3001 in
1132 2937 1343 3000 monialibus
1363 2937 1433 2999 illis

193 3059 327 3122 magna
342 3044 518 3123 quaedam
532 3045 687 3108 reluceat
703 3045 947 3123 sanctimonia,
966 3045 1059 3126 quod
1077 3044 1122 3107 ad
1134 3044 1306 3107 maiorem
1320 3044 1432 3106 nomi-

193 3150 249 3211 nis
262 3149 349 3231 Jesu
367 3151 520 3230 gloriam
536 3152 698 3214 omnibus
713 3151 869 3232 quotidie
885 3151 922 3214 fit
937 3151 1171 3215 manifestius
1190 3150 1433 3215 Concionatur

194 3266 386 3335 praeterea
406 3257 498 3320 idem
518 3266 618 3338 pater
638 3258 674 3321 in
695 3260 825 3338 templo
850 3267 974 3321 nostro
995 3257 1197 3338 praecipuis
1223 3257 1306 3320 anni
1331 3256 1432 3319 festis

196 3378 336 3425 summa
355 3379 435 3426 cum
450 3365 570 3445 populi
585 3365 778 3428 attentione
789 3381 832 3428 ac
844 3365 971 3428 maiori
985 3365 1184 3428 animarum
1197 3362 1325 3426 fructu.
1340 3361 1431 3426 Reli·

196 3469 276 3547 quis
296 3468 512 3549 verolfestis
537 3470 644 3534 Pater
667 3470 892 3550 Laurentius,
919 3482 958 3534 vt
983 3471 1179 3548 consueuit,
1208 3467 1283 3551 [eis]
1304 3469 1363 3550 qui
1386 3468 1431 3531 ad

198 3584 362 3639 nostrum
378 3577 565 3656 collegium
578 3578 737 3641 discendi
752 3595 861 3641 causa
877 3577 1061 3656 accedunt,
1079 3577 1312 3640 christianam
1323 3576 1432 3655 expli-

198 3692 257 3745 cat
285 3681 496 3763 doctrinam,
522 3700 592 3763 qua
613 3701 658 3747 ex
678 3702 716 3747 re
736 3684 836 3765 pueri
856 3685 923 3765 ipsi
942 3684 1096 3748 fructum
1121 3684 1341 3764 spiritualem
1361 3699 1432 3745 non

200 3789 452 3867 poenitendum
471 3790 656 3868 hauriunt,
678 3800 712 3854 et
730 3791 929 3870 paratiores
952 3790 996 3854 ad
1016 3793 1138 3854 literas
1153 3788 1341 3853 discendas
1357 3787 1433 3852 red·

199 3895 342 3960 duntur.

260 4003 315 4081 Et,
333 4012 372 4065 vt
389 4021 506 4083 pauca
520 4004 564 4067 de
579 4005 782 4068 domesticis
794 4005 922 4079 dicam,
935 4004 1064 4068 fratres
1076 4004 1220 4085 quidam
1236 4003 1348 4067 nostri
1364 4012 1434 4065 stu·

199 4109 258 4171 dia
273 4127 345 4172 non
359 4110 556 4189 negligunt,
574 4121 607 4173 et
623 4111 707 4174 totis
722 4110 905 4174 conatibus
917 4111 954 4174 in
970 4111 1005 4173 id
1021 4110 1239 4190 incumbunt,
1254 4118 1292 4172 vt
1307 4110 1343 4173 in
1358 4110 1435 4172 dies

199 4215 315 4294 magis
331 4233 374 4279 ac
390 4217 505 4296 magis
521 4217 557 4279 in
575 4217 765 4280 virtutibus
780 4215 978 4296 proficiant,
996 4234 1064 4297 quo
1080 4226 1114 4280 et
1129 4215 1338 4280 Paternitati
1352 4225 1435 4279 tuae

199 4320 460 4387 obedientiores
474 4340 552 4386 esse
567 4332 601 4386 et
617 4323 824 4403 conspectui
835 4323 956 4387 diuino
971 4324 1150 4403 gratiores
1166 4340 1341 4403 apparere
1356 4340 1435 4403 pos-

199 4428 281 4491 sint.
300 4427 403 4507 Quod
418 4425 481 4510 [ut]
498 4430 639 4510 assequi
653 4431 809 4509 valeant,
825 4430 989 4493 omnibus
1004 4431 1118 4494 modis
1139 4447 1360 4510 quocumque
1376 4430 1435 4492 be-

201 4585 416 4599 ἢ*

244 4669 252 4700 ¹
282 4669 310 4714 P.
320 4668 432 4722 Joaunes
443 4668 601 4713 Laurentius
612 4671 642 4713 de
654 4671 794 4714 Patarinls.
