3210 5392
278 418 335 477 100
663 414 837 475 Limata
855 427 1129 482 ouabaiansraas

342 560 408 641 Qui
433 558 675 640 philosophiae
697 567 829 622 vacant
847 557 978 622 fratres
994 556 1154 638 publicas
1167 575 1212 621 ea
1235 558 1281 623 de
1297 575 1408 623 causa
1427 574 1519 623 con·

279 669 457 734 clusiones
472 668 515 731 de
531 668 638 731 totius
653 666 855 730 dialectices
874 682 918 728 ac
933 664 1179 746 philosophiae
1192 681 1331 729 summa
1346 665 1383 728 in
1397 665 1516 729 Coiie·

279 777 340 856 gio
358 775 464 854 Regis
473 774 690 850 habuerunt,
703 782 741 836 ut
751 771 869 852 idjam
881 772 1161 852 impleuerint,si
1172 772 1370 852 magisterii
1382 780 1515 853 ‘postea

278 884 434 964 gradum
449 881 649 962 suscepturi
665 881 745 944 sint.
768 880 842 944 Nec
857 880 893 943 in
907 896 950 943 ea
965 898 1006 944 re
1019 880 1179 962 opinioni
1198 880 1242 943 de
1259 896 1298 943 se
1316 888 1517 960 conceptae

279 990 485 1067 defuerunt,
502 1004 609 1069 quam
624 988 708 1051 iliud
722 987 945 1068 potissimum
958 993 1083 1066 auget,
1094 987 1190 1066 quod
1203 1004 1284 1051 cum
1298 1004 1370 1051 vno
1393 987 1518 1051 minus

280 1115 375 1161 anno
391 1112 496 1177 quam
512 1095 649 1158 externi
663 1092 897 1174 condiscipuli
915 1093 953 1157 in
967 1092 1153 1157 dialectica
1175 1092 1309 1157 versati
1326 1093 1412 1173 sint,
1425 1094 1516 1157 mul·

279 1205 328 1268 tis
342 1214 460 1267 tamen
476 1220 537 1266 eos
552 1202 710 1267 omnium
724 1200 820 1265 sacili
833 1200 965 1265 iudicio
979 1199 1143 1281 passibus
1162 1208 1409 1281 praecurrunt.
1432 1198 1517 1281 Qua

281 1313 319 1376 in
343 1329 384 1383 re
409 1321 443 1374 et
467 1310 504 1373 in
528 1307 607 1373 aliis
631 1309 795 1373 omnibus
816 1307 941 1372 similis
954 1307 1136 1388 profectus
1155 1308 1189 1371 in
1206 1324 1329 1372 eorum
1344 1306 1520 1371 cordibus

281 1418 466 1484 Christum
481 1433 544 1497 per
559 1416 662 1480 fidem
678 1415 878 1479 inhabitare
893 1415 1118 1479 manifestum
1133 1415 1278 1496 praebet
1292 1413 1474 1479 indicium.

343 1523 546 1588 Bernartius
565 1521 778 1603 Japonensis
806 1520 853 1584 16.
874 1520 953 1585 Kal.
981 1522 1134 1602 Augusti
1160 1539 1241 1586 cum
1267 1521 1337 1585 alio
1359 1521 1520 1602 quodam

281 1631 394 1695 fratre
426 1630 508 1693 hinc
538 1629 799 1692 Barchinonam
832 1628 1013 1709 profectus
1037 1637 1116 1706 est,
1142 1638 1182 1692 vt
1210 1628 1304 1703 inde,
1329 1646 1403 1695 vna
1434 1644 1520 1693 cum

282 1737 326 1801 R.
340 1736 395 1801 Pa
409 1736 629 1817 Hieronymo
643 1735 773 1815 Natali,
785 1735 1039 1799 Paternitatem
1054 1744 1151 1799 tuam
1162 1736 1304 1800 inuisat.
1317 1734 1521 1816 Mirumque

282 1855 339 1908 est
353 1854 485 1924 quanta
510 1845 579 1907 hoc
604 1844 671 1907 iter
700 1859 780 1907 cum
810 1843 919 1907 animi
943 1842 1078 1907 laetitia
1105 1842 1320 1924 susceperit,
1346 1842 1521 1923 spiritalis

282 1951 480 2033 profectus,
498 1968 602 2030 quem
617 1967 655 2013 se
669 1967 739 2013 non
756 1949 932 2013 modicum
949 1949 1044 2031 apud
1059 1958 1155 2014 tuam
1171 1948 1428 2013 Pateruitatem
1438 1966 1521 2030 pcr-

284 2068 471 2139 cepturum
485 2067 583 2121 certo
598 2066 734 2137 sperat,
751 2057 925 2121 desiderio
938 2073 1122 2121 accensus,
1140 2056 1214 2121 Nec
1228 2073 1295 2121 nos
1306 2057 1423 2121 minus
1435 2074 1521 2138 pro·

285 2165 380 2229 secto
395 2165 490 2228 dorni
504 2182 611 2245 quam
625 2165 661 2227 in
677 2165 744 2227 hoc
760 2164 920 2226 discessu
934 2163 1146 2239 aedificauit,
1169 2163 1365 2243 refectorii,
1381 2171 1417 2228 et
1430 2164 1520 2227 aiio·

287 2290 366 2338 rum
382 2287 623 2352 quaecumque
642 2270 932 2351 iniungebantur,
949 2287 1072 2335 curam
1091 2270 1236 2334 habens.
1253 2270 1341 2334 Illud
1354 2270 1387 2334 ei
1401 2270 1520 2335 solum

285 2380 408 2458 magni
424 2395 501 2442 esse
515 2378 649 2458 negotii
664 2394 706 2440 ac
721 2377 936 2441 difficultatis
950 2377 1147 2441 videbatur:
1161 2377 1310 2458 publice,
1324 2376 1519 2459 utfiratres,

285 2489 323 2551 in
339 2486 527 2550 refectorio
543 2490 578 2547 et
592 2494 711 2548 errata
726 2483 830 2547 fateri
845 2494 880 2547 et
898 2485 1042 2548 veniam
1056 2495 1193 2566 petere;
1211 2485 1274 2549 sed
1293 2485 1421 2549 cumei
1443 2487 1522 2566 qui·

286 2596 370 2658 dam
385 2612 430 2656 cx
445 2592 608 2656 Patribus
623 2600 794 2673 quantum
810 2608 851 2654 ea
867 2610 911 2655 ex
926 2609 965 2655 re
984 2592 1159 2655 commodi
1178 2609 1221 2656 ac
1240 2591 1403 2656 utilitatis
1422 2610 1521 2658 ema-

288 2710 408 2773 naret,
427 2699 654 2776 ostendisset,
670 2700 779 2762 semel
794 2708 900 2778 atque
913 2699 1051 2776 iterum,
1068 2697 1239 2780 injussuS,
1257 2701 1399 2764 veniam
1413 2700 1452 2763 in
1466 2717 1522 2765 re·

286 2808 436 2871 sectorio
462 2825 483 2869 a
508 2806 676 2869 fratribus
697 2805 838 2886 petiuit,
858 2806 990 2886 absque
1009 2805 1126 2869 Patris
1147 2806 1301 2885 licentia,
1318 2806 1470 2871 credens
1484 2808 1523 2871 id

288 2915 418 2979 fratres
438 2912 567 2976 iacere.
584 2912 646 2975 Est
667 2912 725 2974 ilie
749 2911 890 2991 quidem
915 2911 1039 2975 docilis
1054 2923 1088 2975 et
1107 2913 1155 2976 ad
1178 2914 1325 2978 vberem
1346 2914 1522 2994 recipien-

288 3021 373 3084 dam
387 3019 542 3099 gratiam
555 3035 681 3081 vasum
697 3018 784 3080 satis
803 3026 934 3097 aptum.

351 3126 510 3189 Didacus
529 3125 700 3188 Martinez
715 3124 847 3204 (quem,
868 3142 949 3188 cum
970 3124 1043 3205 jam
1068 3143 1201 3189 annvm
1226 3144 1308 3191 cum
1321 3126 1469 3191 dimidio
1485 3130 1523 3192 in

291 3233 471 3297 Societate
487 3232 730 3311 transegisset,
749 3230 786 3295 P.
803 3231 1043 3312 Hieronymus
1058 3232 1195 3297 Natalis
1209 3251 1255 3298 ex
1269 3233 1436 3299 Corduba
1450 3235 1524 3300 huc

291 3340 554 3418 transmiserat,
572 3348 677 3419 atque
692 3339 786 3419 apud
808 3356 874 3401 nos
893 3339 982 3402 duos
1000 3340 1220 3420 probationis
1239 3359 1352 3405 annos
1373 3358 1524 3423 perage·

293 3446 371 3524 bat)
386 3463 406 3509 e
421 3446 527 3509 domo
543 3446 762 3525 probationis
774 3446 809 3508 in
822 3437 1011 3521 collegium
1023 3456 1076 3510 est
1088 3448 1229 3524 missus,
1245 3456 1388 3512 seruato
1402 3456 1524 3513 tamen

287 3563 399 3616 ,antea
415 3552 450 3615 in
464 3551 1070 3632 omnibusconstitutionumordine;
1085 3571 1209 3617 verum
1221 3565 1411 3635 antequam
1422 3571 1523 3636 egre·

286 3660 450 3737 deretur,
464 3660 695 3729 concionatus
706 3668 761 3721 est
773 3659 864 3721 inter
876 3659 1120 3739 prandendum
1131 3660 1241 3725 trater
1252 3660 1421 3725 Nicolaus
1435 3663 1526 3744 opti-

295 3786 353 3830 me
367 3767 520 3847 quidem,
532 3776 567 3830 et
579 3775 652 3829 tam
663 3765 706 3843 ei,
720 3766 780 3846 qui
795 3783 814 3828 e
829 3764 934 3829 domo
949 3768 1170 3847 probationis
1185 3768 1400 3849 discedebat,
1415 3787 1528 3851 quam

295 3874 387 3951 aliis,
400 3874 459 3954 qui
471 3873 671 3950 manebant,
684 3872 772 3935 satis
784 3874 956 3951 apposite.
970 3873 1087 3937 Finita
1097 3891 1231 3953 mensa,
1244 3876 1279 3939 in
1288 3873 1446 3955 ejusdem
1455 3888 1528 3941 sta·

295 3983 359 4045 tim
375 3981 500 4045 domus
518 3980 687 4042 sacellum
702 3979 829 4042 ductus
854 3989 924 4057 est,
947 3980 1095 4061 fusaque
1118 3982 1216 4061 prius
1241 3983 1288 4046 ad
1306 3981 1422 4047 Deum
1448 4001 1528 4048 ora·

295 4090 403 4163 tione,
429 4086 585 4166 ciusdem
610 4086 736 4150 domus
759 4085 889 4149 fratres
915 4086 989 4149 aP.
1018 4087 1136 4151 Leone
1154 4088 1243 4169 jussi
1269 4100 1307 4153 ut
1331 4090 1531 4156 discedenti

294 4188 398 4258 fratri
413 4194 615 4274 preciosum
631 4191 774 4272 aliquid,
789 4193 883 4273 quod
895 4210 1015 4257 secum
1032 4194 1196 4274 deferret,
1210 4197 1341 4276 singuli
1354 4197 1530 4278 largiren-

296 4314 366 4379 tur;
380 4302 436 4365 cui
445 4302 535 4364 inter
545 4300 633 4362 alios
644 4299 774 4363 fratres
785 4300 984 4379 preciosam
995 4303 1143 4365 contulit
1155 4319 1308 4383 magnae
1319 4304 1534 4371 humilitatis

295 4409 458 4487 exemplo
473 4406 706 4486 margaritam
721 4404 876 4486 ejusdem
892 4408 1052 4471 minister
1066 4407 1121 4471 Pl
1137 4409 1316 4475 Antonius.
1328 4410 1476 4493 Correa,
1493 4424 1533 4479 et

294 4514 372 4595 ejus
381 4532 418 4576 se
426 4514 575 4592 genibus
586 4513 765 4576 humiliter
777 4513 1026 4592 aduoiuens,et
1034 4516 1382 4582 veniamerratorum
1390 4530 1533 4600 petens.

291 4623 380 4703 vinde
395 4638 475 4683 eum
490 4621 534 4683 ad
550 4620 698 4699 Collegii
719 4622 887 4692 sacellum
913 4622 1096 4702 duximus,
1114 4624 1150 4686 in
1169 4641 1251 4704 quo,
1269 4642 1393 4691 coram
1408 4645 1537 4695 sacro·
