3210 5392
598 1126 865 1212 COOLXXV

139 1450 372 1526 Leonardus
388 1466 509 1526 Kessel

200 1559 302 1624 Patri
311 1565 441 1640 ignatio
456 1565 497 1624 de
510 1564 651 1640 Loyola.

247 1664 395 1736 Colonia,
410 1665 447 1724 30
461 1664 587 1738 Aprilis
604 1666 674 1725 1555
687 1666 709 1725 ¹.

698 1899 772 2018 [ἧς

153 2180 301 2256 Gratia
316 2202 350 2256 et
365 2211 437 2274 pax
452 2191 585 2279 Christi
600 2192 745 2257 Domini
761 2194 959 2256 nobiscum.
972 2192 1104 2258 Amen.

155 2287 460 2375 Quadrimestres
485 2301 608 2363 literas
625 2300 834 2380 scripturus,
860 2297 938 2362 Rae
958 2299 1065 2363 Pater
1090 2302 1125 2363 in
1152 2299 1304 2380 Christo,
1326 2321 1346 2365 a

63 2382 236 2468 llostra
251 2404 400 2470 Colonia
414 2406 656 2487 incipiendum
676 2423 754 2469 esse
780 2408 915 2486 putaui,
941 2424 1046 2488 quam
1062 2425 1243 2487 nunquam
1262 2409 1349 2473 satis

63 2472 259 2577 lautlare
273 2530 419 2594 possum
433 2513 528 2594 quod
547 2512 635 2577 adeo
657 2524 800 2577 strenue
820 2530 898 2577 sese
918 2514 1080 2576 hostibus
1105 2513 1185 2577 fidei
1202 2515 1350 2579 catholi-

64 2595 166 2666 eae
187 2631 359 2701 opponat,
377 2621 578 2683 haereticos
592 2618 862 2697 incarcerando,
882 2620 1055 2682 eiiciendo
1077 2621 1190 2683 malos
1210 2631 1244 2683 et
1264 2621 1350 2684 infe·

63 2701 185 2780 ct03
204 2727 487 2789 concionatores:
506 2727 625 2807 quain
642 2744 691 2803 re,
707 2727 788 2788 licet
805 2726 957 2805 plurima
972 2725 1181 2805 expenderit
1192 2728 1348 2806 labores,

60 2808 171 2883 que
191 2849 266 2896 non
281 2831 440 2895 modicos
455 2833 671 2909 sustinuerit,
688 2850 757 2895 non
774 2843 894 2895 tamen
915 2832 1050 2912 coeptis
1072 2832 1214 2910 destitit,
1236 2833 1348 2896 donec

58 2911 180 2994 VOti
200 2956 347 3018 compos
362 2939 472 3002 fieret.
489 2937 570 3020 Jam
589 2956 675 3017 prae
695 2940 856 3001 manibus
881 2938 988 3001 habet
1014 2940 1203 3017 quemdam
1217 2939 1351 3002 Docto·

53 3017 80 3063 Γ
82 3030 182 3103 e111
196 3044 388 3124 Medicum,
405 3046 464 3125 qui
491 3046 607 3125 palam
630 3045 816 3126 profitetur
843 3064 881 3108 se
907 3035 1161 3109 reuelationem
1183 3046 1349 3110 habuisse

48 3123 201 3277 {¹¹OE
213 3152 419 3216 Dioeeesim
434 3151 679 3216 coloniensem
699 3169 763 3214 sua
785 3151 981 3215 reformare
1005 3152 1270 3233 praedicatione
1291 3154 1349 3218 de·

88 3249 218 3349 ‘eret
236 3260 302 3325 Est
317 3260 422 3323 homo
437 3259 473 3323 in
486 3259 706 3321 naturalibus
722 3259 858 3335 doctuS,
876 3259 1010 3321 habens
1036 3277 1197 3340 uxorem,
1219 3269 1264 3340 et,
1281 3262 1350 3325 nisi

46 3337 113 3401 ᾖ
139 3369 404 3445 permittatur,
426 3367 511 3430 dicit
533 3367 703 3447 plurimos
729 3384 774 3428 ex
800 3366 999 3429 maioribus
1023 3367 1123 3430 breui
1147 3369 1348 3432 morituros.

42 3423 313 3567 Lfictiones,
330 3493 420 3556 quas
435 3475 567 3538 habere
582 3476 671 3537 solet
685 3474 723 3537 in
740 3475 896 3536 naturali
911 3473 1148 3553 philosophia,
1169 3476 1219 3538 illi
1233 3477 1349 3554 prohi-

42 3533 207 3674 bftae
221 3592 317 3660 sunt,
334 3583 458 3662 etipsa
474 3583 601 3644 ciuitas
616 3581 649 3643 ei
664 3581 845 3660 prohibita
862 3583 915 3642 est
928 3578 952 3640 ⁸.
966 3579 1141 3643 Dominus
1153 3579 1235 3661 Opt.
1251 3581 1347 3651 Mart.

92 3678 276 3756 ¹gnetur
291 3688 500 3769 Superiores
525 3687 755 3751 Colonienses
781 3687 905 3749 tamin
928 3687 1170 3767 spiritualibus
1191 3705 1297 3767 quam
1313 3691 1350 3751 in

39 3760 416 3877 tel11poralibusin
431 3796 508 3857 zelo
523 3794 668 3856 honoris
684 3791 816 3856 Christi
832 3810 1047 3856 conseruare
1059 3811 1172 3874 vsque
1183 3795 1219 3857 in
1230 3793 1348 3858 finem.

162 3897 255 3966 Post
280 3902 409 3965 festum
435 3898 597 3963 Paschae
624 3901 718 3963 facta
744 3909 798 3962 est
822 3899 880 3962 hic
906 3899 1105 3979 deportatio
1127 3898 1348 3963 Sanctissimi

100 4007 333 4073 aeramenti
353 4009 510 4072 maxima
536 4024 617 4071 cum
642 4007 866 4070 solemnitate
893 4016 928 4069 et
951 4007 1072 4085 populi
1093 4006 1290 4087 frequentia
1306 4025 1348 4070 ac

48 4082 309 4194 deuotione,
326 4116 510 4196 Episcopo
522 4124 710 4194 praesente
727 4111 749 4192 ⁸,
767 4114 826 4195 qui
838 4123 872 4176 et
894 4115 1010 4193 ipsum
1030 4112 1123 4177 idem
1142 4112 1348 4177 Sacramen-

91 4268 334 4304 g-

145 4382 161 4415 ¹
201 4390 379 4447 Apozraphum
393 4392 420 4435 ln
436 4391 496 4436 iolio
511 4390 595 4440 unico,
610 4401 634 4433 n.
649 4389 826 4433 dio-Eadem
841 4400 927 4438 manu,
943 4389 1017 4432 nobis
1032 4390 1131 4444 ignota,
1149 4390 1193 4433 sed
1209 4398 1280 4434 certo
1296 4398 1343 4434 aut

109 4457 240 4506 ²¹²‹lrlca
249 4470 293 4507 aut
303 4465 461 4519 germanica,
472 4474 537 4518 quae
548 4462 730 4516 apographum
744 4460 871 4504 exavavit
886 4460 1113 4514 quadrimestrium
1129 4462 1154 4504 rt
1167 4461 1283 4513 Januarll
1303 4463 1349 4506 da·

80 4514 213 4584 ³²¹1&
222 4544 281 4588 quas
290 4535 371 4580 habes
381 4546 469 4590 supra,
480 4546 543 4590 paz.
557 4534 604 4585 250,
617 4545 641 4576 n.
653 4543 770 4576 cccxcvi.

151 4593 171 4627 ¹
202 4600 291 4651 Deltoc
300 4609 375 4662 plura
386 4607 506 4651 fortassis
516 4606 626 4650 dicenda
639 4605 752 4657 venient,
762 4615 821 4647 cum
832 4606 883 4648 vol.
895 4617 912 4648 v
929 4602 1051 4649 chronici
1061 4605 1171 4648 Pouaucr
1182 4605 1296 4649 edemus.

156 4666 175 4698 ⁸
204 4674 314 4734 Adelpho
323 4678 360 4725 111
370 4690 421 4724 von
430 4677 626 4731 Schauenburg.
