3210 5392
183 395 221 453 62
574 397 1030 465 Llrrsaaaouanatunscaes

184 541 330 620 indicat,
342 540 404 622 qui
416 541 514 605 illam
525 542 571 606 ad
582 542 841 606 consessionem
853 541 1063 606 adhortatus
1073 551 1127 606 est
1139 550 1173 606 et
1184 542 1420 608 mutationem

182 647 334 712 consilii:
349 647 409 711 illa
423 666 511 712 vero
526 648 690 713 confessa
704 658 769 729 est,
786 659 821 712 et
832 649 904 714 iam
917 649 1093 714 maximas
1105 649 1244 730 gratias
1258 650 1334 730 agit
1349 667 1422 730 pro

182 755 352 820 beneficio
368 766 515 836 accepto
534 773 556 819 a
571 754 648 820 Deo
661 765 696 820 et
711 757 788 820 eius
802 755 976 820 ministro.
993 755 1096 820 Alius
1109 754 1146 819 19
1160 773 1274 820 annos
1289 774 1421 837 apane

182 862 279 927 vitae
294 861 523 939 abstinuerat;
542 863 617 938 sed.
632 871 824 944 postquam
835 863 934 927 venit
953 863 1001 929 ad
1019 880 1095 942 nos,
1117 863 1303 930 consessus
1317 875 1354 928 et
1368 866 1420 933 ad

182 979 446 1035 sacramentum
465 970 711 1034 Eucharistiae
733 970 909 1034 admissus
927 980 993 1034 est.
1014 969 1116 1034 Alius
1136 969 1227 1034 adeo
1246 980 1324 1034 erat
1338 988 1415 1035 eor·

182 1076 279 1158 poris
303 1077 358 1140 sui
383 1076 625 1157 voluptatibus
648 1076 798 1155 deditus
824 1089 863 1140 vt
887 1092 1036 1157 prorsus
1061 1076 1259 1156 negligeret
1283 1092 1421 1158 corpus

183 1181 338 1247 Domini.
354 1182 462 1264 quue
477 1200 562 1247 cum
573 1200 639 1263 per
651 1200 792 1248 omnem
802 1192 955 1248 aetatem
965 1183 1120 1263 fecisset,
1132 1184 1277 1248 tandem
1288 1183 1335 1247 ad
1345 1201 1417 1249 nos

183 1290 331 1355 veniens
343 1290 529 1355 consessus
543 1300 608 1367 est,
625 1301 661 1354 et
674 1301 835 1355 sanctam
847 1290 1110 1356 Eucharistiam
1125 1291 1291 1371 suscepit.
1308 1290 1420 1356 Alius.

180 1395 222 1459 30
245 1413 358 1460 annos
382 1413 462 1460 cum
482 1396 681 1460 concubina
702 1397 855 1476 vixerat,
879 1414 1009 1462 verens
1030 1415 1087 1476 ne,
1113 1398 1144 1461 si
1168 1397 1415 1477 confiteretur,

180 1503 239 1567 illa
246 1503 479 1584 relinquenda
488 1514 592 1579 esset;
603 1503 665 1567 sed
677 1503 873 1583 confessus,
883 1505 981 1569 illam
992 1521 1141 1569 uxorem
1152 1504 1263 1569 duxit.
1276 1505 1416 1570 Eodem

179 1611 215 1673 in
230 1620 326 1675 statu
341 1611 432 1674 alius
449 1609 486 1673 14
504 1611 608 1674 annis
627 1612 779 1690 vixerat,
800 1611 861 1692 qui
879 1611 972 1675 idem
993 1611 1077 1675 fecit
1096 1629 1178 1675 curn
1198 1611 1413 1676 concubina.

180 1715 353 1798 Denique,
379 1726 519 1798 praeter
543 1717 667 1781 solitas
687 1718 724 1781 in
748 1719 879 1798 templo
903 1728 1026 1782 nostro
1048 1718 1248 1797 conciones,
1278 1719 1414 1784 multae

179 1833 367 1904 praeterea
390 1824 531 1887 habitae
557 1834 638 1887 sunt
660 1823 840 1900 anostriS,
863 1836 939 1888 turn
958 1825 994 1888 in
1015 1824 1196 1889 coenobiis
1209 1826 1412 1904 mulierum,

83 1987 87 1994 .
180 1940 255 1994 tum
269 1931 305 1993 in
324 1947 480 2010 carcere,
507 1939 583 1994 tum
601 1931 638 1994 in
657 1931 860 1994 triremibus
881 1931 1030 2012 aliisque
1050 1931 1151 2010 lociS,
1172 1949 1254 1996 cum
1274 1948 1415 2013 magno

180 2037 298 2101 fructu
314 2037 496 2101 hominum
509 2055 552 2101 nc
565 2037 681 2117 gloria
696 2036 774 2101 Dei.

238 2143 406 2207 Panormi
420 2160 513 2207 anno
530 2142 618 2222 1554,
634 2142 813 2207 9Ca1end.
829 2142 994 2223 Augusti.

372 2356 568 2422 Genannus
588 2358 768 2436 Lamnus,
793 2374 933 2436 semper
944 2367 1024 2421 tuus
1039 2359 1253 2423 humillimus
1268 2375 1412 2425 seruus
