3240 5386
591 463 762 521 Ltrruanu
781 477 1052 530 ouaonruusrnus

682 1141 961 1226 CCCLXXH

254 1485 405 1561 Erardus
419 1485 640 1554 Avantianus
657 1484 863 1556 Leodiensis,

292 1584 383 1643 Patri
396 1583 526 1657 ignatio
539 1583 580 1641 de
594 1583 736 1656 Loyola.

326 1681 467 1752 Vienna,
481 1680 656 1754 27Aprilis
668 1680 738 1740 1555
751 1681 771 1735 ¹.

261 1887 386 1952 Gratia
410 1897 443 1950 et
468 1905 539 1968 pax
564 1886 608 1950 D.
632 1886 673 1950 N.
695 1887 780 1970 Jesu
801 1886 932 1951 Christi
954 1885 1129 1950 custodiat
1151 1886 1264 1950 corda
1291 1890 1529 1951 nostrae‘t

201 1996 327 2059 Amen.

259 2101 378 2165 Monet
398 2119 453 2164 me
467 2101 637 2181 temporis
650 2100 849 2180 praesentis
869 2101 971 2179 ratio,
993 2098 1098 2164 Pater
1119 2100 1313 2189 admodum
1328 2101 1447 2165 ΜΘ
1460 2087 1530 2131 ¹²

198 2219 237 2273 vt
251 2208 405 2271 breuiter
421 2208 594 2286 attingam
612 2224 703 2288 quae
722 2223 785 2287 per
804 2215 955 2286 quatuor
969 2222 1063 2270 nunc
1078 2206 1152 2271 fere
1172 2209 1316 2288 elapsos
1331 2220 1472 2272 merri
1486 2208 1530 2255 Ξ

198 2332 256 2378 ses
270 2313 443 2377 Dominus
457 2313 512 2376 his
528 2313 562 2376 in
578 2314 664 2376 locis
686 2330 749 2392 per
764 2313 909 2376 minima
929 2311 1117 2376 Societatis
1137 2323 1284 2378 nostrae
1298 2315 1460 2379 instrtl
1474 2318 1530 2360 ‘-

198 2432 316 2485 menta
332 2421 473 2500 operari
488 2420 655 2499 dignatus
670 2429 733 2483 est.

257 2528 311 2590 Ac
331 2528 483 2607 primum
504 2527 656 2608 quidem,
682 2525 775 2607 quod
799 2526 843 2589 ad
864 2526 1067 2590 scholarum
1088 2536 1295 2592 nostrarum
1321 2529 1458 2593 ratio
1478 2513 1530 2581 ἶ

197 2652 278 2697 nem
303 2643 451 2714 spectat,
479 2635 612 2710 eodem,
639 2650 708 2713 quo
733 2633 922 2713 postremis
950 2631 1272 2712 quadrimestribus
1300 2635 1434 2700 litter't
1454 2642 1530 2658 ⁶*

197 2740 242 2803 V.
259 2740 297 2803 P.
315 2741 462 2820 accepit,
481 2740 676 2819 procedunt
691 2739 807 2816 modo,
824 2739 989 2802 nimirum
1001 2756 1082 2802 cum
1093 2756 1167 2802 non
1181 2741 1314 2822 exigua
1331 2753 1366 2806 et
1374 2744 1409 2807 li·
1425 2736 1495 2801 i

196 2858 351 2911 terarum
370 2857 404 2910 et
420 2847 559 2926 pietatis
575 2846 789 2908 accessione.
807 2845 1027 2908 Assuescunt
1038 2846 1133 2908 enim
1145 2848 1247 2927 pueri
1260 2859 1294 2910 et
1308 2848 1456 2912 adolff
1485 2887 1530 2899 a

195 2966 334 3016 scentes
350 2953 509 3016 confiteri
525 2954 675 3031 saepius,
694 2962 727 3013 et
748 2950 840 3031 quod
863 2963 945 3014 ante
967 2953 1148 3030 grauatim
1168 2971 1211 3017 ac
1227 2957 1325 3018 velut
1345 2972 1466 3018 cog

195 3062 243 3122 cti
257 3060 445 3135 iaciebant,
463 3076 554 3120 nunc
576 3069 654 3137 post
674 3058 929 3136 experientiam
952 3059 1117 3122 alacriter
1141 3069 1176 3122 et
1196 3062 1363 3126 certatim
1378 3062 1530 3124 aff·

195 3167 416 3228 sacerdotem
445 3164 643 3227 consessuri
671 3174 873 3242 properant.
907 3162 1065 3242 Quorum
1096 3167 1256 3246 plerique
1285 3170 1443 3232 conlez
1464 3174 1530 3214 ’Σ

194 3273 303 3333 sionis
330 3273 458 3333 virtute
479 3283 553 3333 tum
572 3288 703 3350 prauas
725 3288 860 3334 morum
886 3271 1171 3350 consuetudines
1196 3283 1273 3337 tum
1293 3276 1530 3357 impio·

193 3397 235 3440 ac
264 3380 461 3440 haereticos
489 3395 641 3454 errores,
668 3378 797 3439 sensim
822 3377 1017 3457 deponunt,
1044 3395 1134 3458 quos
1155 3381 1255 3443 multi
1282 3384 1340 3445 vel
1363 3400 1459 3464 μς
1480 3391 1530 3417 ·“

193 3496 329 3547 rentum
353 3487 564 3564 corruptela,
586 3486 642 3546 vel
662 3495 932 3564 praeceptorum
955 3485 1215 3549 haereticorum
1231 3505 1348 3567 praua
1363 3491 1467 3554 dt?
1513 3521 1530 3529 -

190 3593 315 3664 ctrina,
334 3593 537 3654 hauserant.
553 3591 646 3653 Inter
661 3591 725 3652 hos
741 3609 810 3652 non
826 3592 930 3669 pauci
946 3591 1052 3671 (quod
1067 3592 1285 3657 horrendum
1301 3596 1441 3678 magi
1461 3591 1530 3648 ‘a

189 3700 265 3775 est),
295 3709 479 3776 parentum
505 3699 672 3760 instantia
698 3699 782 3759 victi
805 3708 909 3776 atque
935 3699 1118 3778 compulsi,
1140 3699 1354 3778 iurauerant
1383 3710 1490 3767 β

189 3822 368 3884 nunquam
393 3822 532 3868 errores
559 3803 757 3866 huiusmodi
783 3804 997 3882 deserturos,
1026 3804 1100 3867 lere
1130 3815 1251 3869 tamen
1281 3825 1445 3874 omuef
1466 3801 1530 3850 4

188 3913 432 3974 consessorum
457 3909 641 3972 sedulitate
667 3911 839 3989 persuasi,
867 3908 944 3972 Deo
971 3910 1106 3972 scilicet
1133 3913 1252 3991 magis
1279 3889 1530 3980 obedi1'1·'j

187 4029 348 4098 oportere
360 4034 465 4097 quam
479 4018 688 4088 hominihus,
703 4016 796 4096 quod
808 4027 939 4078 temere
950 4016 1152 4095 juramento
1164 4022 1400 4097 promiserau·
1415 4011 1530 4079 5³

189 4123 281 4185 haud
294 4125 471 4202 grauatim
485 4124 715 4185 resciderunt.
731 4122 825 4185 Inter
836 4123 912 4200 hos,
926 4124 986 4202 qui
998 4123 1161 4186 rudiores
1175 4124 1211 4187 in
1223 4125 1337 4189 latino
1349 4145 1423 4192 ser
1449 4117 1530 4172 23

187 4247 290 4291 mone
306 4242 384 4293 sunt
401 4231 653 4292 catechismum
668 4230 912 4307 germanicum
927 4230 972 4291 ab
988 4247 1058 4292 vno
1074 4240 1238 4294 nostrum
1255 4234 1405 4298 audiun‘
1419 4223 1530 4289 ί]

185 4354 290 4415 quem
302 4339 360 4416 qui
377 4348 457 4399 sunt
470 4336 582 4399 forma
602 4343 613 4373 ‘
628 4347 661 4397 et
677 4336 817 4414 ingenio
833 4336 1124 4415 praestantiores
1141 4349 1221 4417 post
1236 4328 1530 4418 germams²

185 4461 265 4504 cam
283 4445 315 4504 in
332 4445 461 4523 templo
477 4454 598 4504 nostro
615 4443 770 4504 habitam
787 4443 1004 4518 concionem,
1021 4444 1132 4506 multo
1155 4456 1345 4523 spectante
1360 4465 1433 4528 po
1450 4436 1530 4496 6-

227 4612 233 4642 ¹
265 4612 450 4664 :lutocraphae
463 4612 556 4664 duplici
569 4611 636 4657 lolio.
649 4622 690 4653 nn.
701 4611 740 4653 203
751 4620 776 4652 et
788 4612 834 4652 Lol.

225 4682 236 4713 ¹
264 4682 303 4724 ltu
316 4681 437 4727 Erardus:
448 4683 492 4724 sed
503 4685 583 4726 verbo
594 4683 641 4725 hoc
648 4682 740 4736 forma
751 4684 905 4727 cancellato.
914 4683 1096 4736 superscripsit
1109 4682 1238 4728 Polaticus
1248 4687 1349 4736 gratia.
