3210 5392
177 416 234 476 256
566 414 1019 482 Ltrrennrtoononntesrnrts

241 561 508 641 Superscrzptio
530 561 566 623 in
583 567 714 641 quarta
724 560 882 640 pagina:
896 564 918 636 †
932 558 1010 623 R.‘¹⁰
1032 560 1068 623 in
1083 560 1190 625 Chro.
1215 561 1254 625 P.
1282 562 1326 625 D.
1345 544 1458 627 nl

181 669 320 748 ignatio
335 669 378 732 de
399 668 537 749 Loyola
557 667 759 747 praeposito
770 667 930 746 generali
944 665 1132 731 Societatis
1146 666 1243 749 Jesu.
1262 667 1459 759 Romu-rt

241 775 326 838 Alr'a
340 793 461 838 manu.
481 775 568 838 1555.
583 774 793 837 Tornacen'.
809 773 1075 853 Quadrimestre
1086 773 1144 837 del
1159 773 1215 837 P.e
1228 764 1459 839 Bernarff

182 881 295 946 Oliu.⁰
309 883 391 946 delli
408 882 444 944 17
459 883 502 945 de
518 881 650 946 Genn.⁰
665 881 706 960 Q.
724 880 758 944 S.

647 1520 951 1607 OOOXLVHI

236 1865 361 1924 Paulus
374 1863 403 1922 d’
417 1864 559 1923 Achillis

273 1963 365 2021 Patri
378 1962 508 2035 Ignatio
522 1962 563 2020 de
579 1961 723 2035 Loyola.

308 2062 485 2133 Panormo,
502 2061 536 2120 18
547 2061 697 2134 Januarii
711 2061 781 2121 troo
793 2062 813 2120 ¹.

765 2349 840 2468 isis

244 2703 353 2766 Molto
369 2700 447 2764 R.‘¹⁰
465 2701 501 2763 in
515 2700 656 2764 Christo
672 2699 798 2763 Padre.

198 2874 200 2880 ,
238 2809 313 2873 Pax
328 2807 461 2872 Christi
476 2816 543 2870 etc.

244 2916 404 2978 Essendo
418 2914 478 2993 gin
494 2922 625 2977 uenuto
637 2913 661 2975 il
672 2923 790 2992 tempo
803 2915 867 2978 che
879 2932 920 2978 ce
932 2914 1137 2978 admonisce
1148 2914 1241 2977 della
1254 2916 1416 2980 obedien·

183 3024 235 3086 tia
250 3033 284 3084 et
299 3022 514 3101 obligatione
529 3022 594 3084 che
606 3021 794 3084 habbiamo
807 3022 842 3084 di
853 3022 907 3084 sar
918 3024 953 3084 la
964 3022 1091 3084 lettera
1102 3022 1185 3085 delli
1200 3022 1220 3083 4
1235 3023 1336 3102 mesi,
1351 3042 1417 3087 con

184 3139 309 3210 questa
325 3133 521 3209 procuraro
536 3145 603 3192 con
619 3130 735 3207 quella
750 3127 888 3190 breuito
909 3128 975 3190 che
990 3128 1039 3190 mi
1054 3133 1138 3192 saro
1156 3130 1327 3208 possibile
1346 3131 1416 3193 aui·

183 3254 266 3299 sare
281 3239 315 3299 la
329 3236 367 3298 P.
384 3235 443 3311 V.,
461 3246 560 3299 tanto
576 3236 657 3297 delli
671 3235 784 3297 nostri
798 3234 892 3297 soliti
904 3235 1077 3298 essercitii
1089 3235 1127 3298 in
1138 3237 1253 3316 questi
1263 3236 1313 3301 4.⁰
1329 3240 1417 3301 mesi

185 3342 275 3420 fatti,
292 3360 391 3404 come
408 3343 451 3404 dc
466 3343 592 3404 alcone
607 3343 821 3421 particolare
837 3359 943 3421 opere
964 3341 1019 3404 ch’
1037 3343 1069 3404 el
1088 3340 1123 3406 S.
1142 3341 1240 3406 Iddio
1258 3346 1287 3407 s’
1304 3344 1353 3407 ha
1369 3344 1418 3407 di·

185 3458 295 3529 gnato
309 3465 436 3528 operar
448 3464 511 3526 per
527 3456 650 3526 questo
664 3447 814 3525 collegio
826 3457 860 3510 et
876 3447 956 3511 suoi
966 3447 1077 3512 infimi
1088 3449 1314 3514 instrumenti
1325 3469 1346 3514 a
1357 3451 1414 3515 ho·

186 3572 273 3619 nore
285 3564 320 3617 et
330 3555 444 3633 gloria
456 3554 492 3616 di
505 3571 569 3616 sua
582 3553 713 3617 Diuina
724 3554 899 3634 Magesto,
914 3573 1014 3619 come
1026 3565 1196 3636 operator
1207 3554 1256 3617 dil
1265 3565 1370 3636 tutto,
1381 3568 1416 3621 et

187 3663 430 3725 consolatione
445 3662 535 3724 delle
550 3662 678 3724 anime.

247 3767 274 3832 Il
289 3769 471 3833 essercitio
487 3769 576 3831 delle
590 3770 715 3832 lettere
730 3788 793 3851 per
807 3771 925 3850 gratia
940 3771 996 3835 del
1012 3769 1175 3850 Signore,
1193 3787 1232 3834 se
1247 3771 1416 3834 continuo

187 3885 222 3938 et
236 3892 282 3938 ua
297 3892 437 3955 sempre
459 3875 587 3954 ioanni,
609 3877 834 3955 procurando
853 3877 877 3940 li
897 3879 1022 3941 mastri
1043 3895 1111 3940 con
1130 3893 1195 3940 sua
1217 3878 1325 3942 solita
1345 3878 1417 3941 dili-

186 3983 307 4063 gentia
323 3983 388 4045 che
403 3982 440 4044 in
454 3984 577 4045 lettere
592 3991 627 4045 et
643 3983 750 4046 buoni
765 3984 915 4047 costumi
930 3985 1030 4048 siano
1050 3985 1201 4048 instituti
1219 3994 1254 4047 et
1273 3985 1361 4064 ogni
1382 3986 1417 4047 di

187 4089 247 4169 pili
261 4088 370 4152 frutto
385 4088 548 4152 sacciano
564 4090 588 4151 li
603 4090 768 4152 scholari.
792 4088 830 4154 Si
845 4091 890 4153 ha
906 4090 994 4154 fatto
1014 4091 1039 4153 il
1054 4091 1228 4171 principio
1245 4091 1328 4155 delli
1348 4103 1416 4155 stu·

186 4195 236 4258 dii
262 4196 298 4257 in
316 4206 439 4276 questo
462 4194 609 4260 Ottobre
628 4206 783 4276 passam,
807 4207 841 4260 et
861 4197 887 4260 s‘
907 4197 1025 4260 hanno
1048 4199 1197 4261 recitato
1219 4215 1289 4262 con
1309 4200 1418 4263 molta

186 4302 305 4379 gratia
320 4303 403 4365 duoi
418 4303 581 4382 orationi,
599 4320 670 4366 vna
684 4321 793 4383 greca
810 4313 844 4366 et
856 4305 947 4367 altra
958 4305 1069 4367 latina
1082 4314 1115 4367 et
1127 4305 1347 4384 epigramme
1360 4307 1417 4368 he·

186 4407 273 4487 brei,
289 4410 399 4488 greci,
417 4418 451 4472 et
466 4409 578 4488 latini,
596 4410 804 4473 trouandosi
824 4420 987 4490 presente
1002 4411 1027 4474 il
1043 4410 1232 4474 Cardinale
1246 4412 1283 4475 dl
1299 4412 1418 4476 Paler-

228 4649 237 4681 ί
265 4649 454 4704 Autographae
466 4650 561 4704 dupllci
573 4649 744 4705 t01i0‚nn.2³l
757 4658 782 4695 et
793 4652 840 4696 232.
