<?xml version="1.0" encoding="UTF-8"?>
<!DOCTYPE html PUBLIC "-//W3C//DTD XHTML 1.0 Transitional//EN"
    "http://www.w3.org/TR/xhtml1/DTD/xhtml1-transitional.dtd">
<html xmlns="http://www.w3.org/1999/xhtml" xml:lang="en" lang="en">
 <head>
  <title>
</title>
<meta http-equiv="Content-Type" content="text/html;charset=utf-8" />
  <meta name='ocr-system' content='tesseract 3.04.00' />
  <meta name='ocr-capabilities' content='ocr_page ocr_carea ocr_par ocr_line ocrx_word'/>
</head>
<body>
  <div class='ocr_page' id='page_1' title='image "./litteraequadrim02jesugoog_0194.png"; bbox 0 0 3210 5392; ppageno 0'>
   <div class='ocr_carea' id='block_1_1' title="bbox 679 400 1381 460">
    <p class='ocr_par' dir='ltr' id='par_1_1' title="bbox 679 400 1381 460">
     <span class='ocr_line' id='line_1_1' title="bbox 679 400 1381 460; baseline -0.001 0"><span class='ocrx_word' id='word_1_1' title='bbox 679 401 743 460; x_wconf 73' lang='lat' dir='ltr'>Aa.</span> <span class='ocrx_word' id='word_1_2' title='bbox 767 401 836 460; x_wconf 56' lang='lat'>1554</span> <span class='ocrx_word' id='word_1_3' title='bbox 1329 400 1381 459; x_wconf 69' lang='lat'>183</span> 
     </span>
    </p>
   </div>
   <div class='ocr_carea' id='block_1_2' title="bbox 181 546 1380 737">
    <p class='ocr_par' dir='ltr' id='par_1_2' title="bbox 181 546 1380 737">
     <span class='ocr_line' id='line_1_2' title="bbox 181 546 1380 630; baseline -0.002 -20"><span class='ocrx_word' id='word_1_4' title='bbox 181 565 393 630; x_wconf 87' lang='lat' dir='ltr'>quoscumque</span> <span class='ocrx_word' id='word_1_5' title='bbox 412 551 562 612; x_wconf 85' lang='lat' dir='ltr'>subeant</span> <span class='ocrx_word' id='word_1_6' title='bbox 582 550 721 612; x_wconf 89' lang='lat' dir='ltr'>labores</span> <span class='ocrx_word' id='word_1_7' title='bbox 742 547 787 610; x_wconf 91' lang='lat' dir='ltr'>ad</span> <span class='ocrx_word' id='word_1_8' title='bbox 805 547 946 610; x_wconf 88' lang='lat' dir='ltr'>laudem</span> <span class='ocrx_word' id='word_1_9' title='bbox 965 555 1000 609; x_wconf 86' lang='lat' dir='ltr'>et</span> <span class='ocrx_word' id='word_1_10' title='bbox 1023 546 1177 627; x_wconf 85' lang='lat' dir='ltr'>gloriam</span> <span class='ocrx_word' id='word_1_11' title='bbox 1196 562 1308 626; x_wconf 88' lang='lat' dir='ltr'>suam,</span> <span class='ocrx_word' id='word_1_12' title='bbox 1334 547 1380 608; x_wconf 84' lang='lat' dir='ltr'>ad</span> 
     </span>
     <span class='ocr_line' id='line_1_3' title="bbox 185 652 1174 737; baseline -0.002 -20"><span class='ocrx_word' id='word_1_13' title='bbox 185 672 266 733; x_wconf 86' lang='lat' dir='ltr'>quarn</span> <span class='ocrx_word' id='word_1_14' title='bbox 278 673 340 719; x_wconf 90' lang='lat' dir='ltr'>nos</span> <span class='ocrx_word' id='word_1_15' title='bbox 355 656 429 736; x_wconf 85' lang='lat' dir='ltr'>ipse</span> <span class='ocrx_word' id='word_1_16' title='bbox 444 657 615 737; x_wconf 88' lang='lat' dir='ltr'>perducat</span> <span class='ocrx_word' id='word_1_17' title='bbox 631 657 666 719; x_wconf 93' lang='lat' dir='ltr'>in</span> <span class='ocrx_word' id='word_1_18' title='bbox 681 655 802 718; x_wconf 88' lang='lat' dir='ltr'>secula</span> <span class='ocrx_word' id='word_1_19' title='bbox 817 655 1029 717; x_wconf 85' lang='lat' dir='ltr'>seculorum.</span> <span class='ocrx_word' id='word_1_20' title='bbox 1046 652 1174 716; x_wconf 90' lang='lat' dir='ltr'>Amen.</span> 
     </span>
    </p>
   </div>
   <div class='ocr_carea' id='block_1_3' title="bbox 234 854 996 947">
    <p class='ocr_par' dir='ltr' id='par_1_3' title="bbox 234 854 996 947">
     <span class='ocr_line' id='line_1_4' title="bbox 234 854 996 947; baseline -0.007 -16"><span class='ocrx_word' id='word_1_21' title='bbox 234 868 313 932; x_wconf 85' lang='lat' dir='ltr'>Tuae</span> <span class='ocrx_word' id='word_1_22' title='bbox 327 869 419 932; x_wconf 50' lang='lat' dir='ltr'>RQ</span> <span class='ocrx_word' id='word_1_23' title='bbox 434 868 662 933; x_wconf 76' lang='lat' dir='ltr'>paternitatis</span> <span class='ocrx_word' id='word_1_24' title='bbox 675 869 842 947; x_wconf 85' lang='lat' dir='ltr'>indignus</span> <span class='ocrx_word' id='word_1_25' title='bbox 856 854 996 942; x_wconf 74' lang='lat' dir='ltr'>seru&#39;uS,</span> 
     </span>
    </p>
   </div>
   <div class='ocr_carea' id='block_1_4' title="bbox 776 1082 1218 1146">
    <p class='ocr_par' dir='ltr' id='par_1_4' title="bbox 776 1082 1218 1146">
     <span class='ocr_line' id='line_1_5' title="bbox 776 1082 1218 1146; baseline -0.002 -1"><span class='ocrx_word' id='word_1_26' title='bbox 776 1082 976 1146; x_wconf 80' lang='lat' dir='ltr'>Auunosrus</span> <span class='ocrx_word' id='word_1_27' title='bbox 999 1083 1218 1145; x_wconf 67' lang='lat' dir='ltr'>Postremus,</span> 
     </span>
    </p>
   </div>
   <div class='ocr_carea' id='block_1_5' title="bbox 200 1399 1382 1581">
    <p class='ocr_par' dir='ltr' id='par_1_5' title="bbox 200 1399 1382 1581">
     <span class='ocr_line' id='line_1_6' title="bbox 243 1399 1382 1482; baseline 0.003 -22"><span class='ocrx_word' id='word_1_28' title='bbox 243 1399 277 1461; x_wconf 86' lang='lat' dir='ltr'>In</span> <span class='ocrx_word' id='word_1_29' title='bbox 292 1409 414 1480; x_wconf 84' lang='lat' dir='ltr'>quarta</span> <span class='ocrx_word' id='word_1_30' title='bbox 438 1403 583 1482; x_wconf 83' lang='lat' dir='ltr'>pagina</span> <span class='ocrx_word' id='word_1_31' title='bbox 601 1403 703 1480; x_wconf 78' lang='lat' dir='ltr'>haec,</span> <span class='ocrx_word' id='word_1_32' title='bbox 723 1403 799 1465; x_wconf 88' lang='lat' dir='ltr'>loco</span> <span class='ocrx_word' id='word_1_33' title='bbox 824 1401 1164 1481; x_wconf 64' lang='lat' dir='ltr'>superscriptionis²</span> <span class='ocrx_word' id='word_1_34' title='bbox 1189 1401 1382 1480; x_wconf 78' lang='lat' dir='ltr'>leguntur:</span> 
     </span>
     <span class='ocr_line' id='line_1_7' title="bbox 200 1502 952 1581; baseline 0.004 -16"><span class='ocrx_word' id='word_1_35' title='bbox 200 1502 337 1581; x_wconf 79' lang='lat' dir='ltr'>Quadrim.</span> <span class='ocrx_word' id='word_1_36' title='bbox 353 1509 553 1572; x_wconf 86' lang='lat' dir='ltr'>Ferrariae.</span> <span class='ocrx_word' id='word_1_37' title='bbox 573 1508 658 1571; x_wconf 87' lang='grc'><strong>1554.</strong></span> <span class='ocrx_word' id='word_1_38' title='bbox 676 1509 777 1572; x_wconf 84' lang='lat' dir='ltr'>4cal.</span> <span class='ocrx_word' id='word_1_39' title='bbox 794 1509 952 1571; x_wconf 83' lang='lat' dir='ltr'><strong>decemb.</strong></span> 
     </span>
    </p>
   </div>
   <div class='ocr_carea' id='block_1_6' title="bbox 466 2276 1058 2334">
    <p class='ocr_par' dir='ltr' id='par_1_6' title="bbox 466 2276 1058 2334">
     <span class='ocr_line' id='line_1_8' title="bbox 466 2276 1058 2334; baseline -0.008 -10"><span class='ocrx_word' id='word_1_40' title='bbox 466 2280 565 2324; x_wconf 75' lang='lat' dir='ltr'>Eadem</span> <span class='ocrx_word' id='word_1_41' title='bbox 575 2281 684 2334; x_wconf 83' lang='lat' dir='ltr'>epistola</span> <span class='ocrx_word' id='word_1_42' title='bbox 694 2280 782 2323; x_wconf 84' lang='lat' dir='ltr'>italico</span> <span class='ocrx_word' id='word_1_43' title='bbox 792 2288 909 2320; x_wconf 78' lang='lat' dir='ltr'>sermone</span> <span class='ocrx_word' id='word_1_44' title='bbox 920 2285 1030 2320; x_wconf 79' lang='lat' dir='ltr'>exarata</span> <span class='ocrx_word' id='word_1_45' title='bbox 1041 2276 1058 2319; x_wconf 81' lang='lat'>¹.</span> 
     </span>
    </p>
   </div>
   <div class='ocr_carea' id='block_1_7' title="bbox 727 2494 801 2611">
    <p class='ocr_par' dir='ltr' id='par_1_7' title="bbox 727 2494 801 2611">
     <span class='ocr_line' id='line_1_9' title="bbox 727 2494 801 2611; baseline 0.014 -1"><span class='ocrx_word' id='word_1_46' title='bbox 727 2494 801 2611; x_wconf 69' lang='lat' dir='ltr'>uis</span> 
     </span>
    </p>
   </div>
   <div class='ocr_carea' id='block_1_8' title="bbox 178 2777 1417 4363">
    <p class='ocr_par' dir='ltr' id='par_1_8' title="bbox 191 2777 1377 2958">
     <span class='ocr_line' id='line_1_10' title="bbox 231 2777 1377 2870; baseline 0.004 -24"><span class='ocrx_word' id='word_1_47' title='bbox 231 2777 269 2846; x_wconf 85' lang='lat' dir='ltr'>La</span> <span class='ocrx_word' id='word_1_48' title='bbox 280 2803 361 2865; x_wconf 88' lang='lat' dir='ltr'>pace</span> <span class='ocrx_word' id='word_1_49' title='bbox 377 2798 412 2851; x_wconf 91' lang='lat' dir='ltr'>et</span> <span class='ocrx_word' id='word_1_50' title='bbox 423 2788 539 2867; x_wconf 83' lang='lat' dir='ltr'>gratia</span> <span class='ocrx_word' id='word_1_51' title='bbox 552 2788 607 2851; x_wconf 88' lang='lat' dir='ltr'>del</span> <span class='ocrx_word' id='word_1_52' title='bbox 623 2787 691 2851; x_wconf 61' lang='lat' dir='ltr'>Sar</span> <span class='ocrx_word' id='word_1_53' title='bbox 706 2797 827 2851; x_wconf 92' lang='lat' dir='ltr'>nostro</span> <span class='ocrx_word' id='word_1_54' title='bbox 840 2788 926 2870; x_wconf 87' lang='lat' dir='ltr'>Jesu</span> <span class='ocrx_word' id='word_1_55' title='bbox 937 2786 1000 2850; x_wconf 89' lang='lat' dir='ltr'>X.⁰</span> <span class='ocrx_word' id='word_1_56' title='bbox 1011 2787 1064 2849; x_wconf 90' lang='lat' dir='ltr'>sia</span> <span class='ocrx_word' id='word_1_57' title='bbox 1076 2803 1215 2865; x_wconf 89' lang='lat' dir='ltr'>sempre</span> <span class='ocrx_word' id='word_1_58' title='bbox 1226 2790 1282 2850; x_wconf 81' lang='lat' dir='ltr'>ne&#39;</span> <span class='ocrx_word' id='word_1_59' title='bbox 1296 2805 1377 2851; x_wconf 92' lang='lat' dir='ltr'>cuo-</span> 
     </span>
     <span class='ocr_line' id='line_1_11' title="bbox 191 2881 460 2958; baseline 0.037 -10"><span class='ocrx_word' id='word_1_60' title='bbox 191 2881 211 2943; x_wconf 81' lang='lat' dir='ltr'>ri</span> <span class='ocrx_word' id='word_1_61' title='bbox 219 2895 316 2958; x_wconf 88' lang='lat' dir='ltr'>nostri.</span> <span class='ocrx_word' id='word_1_62' title='bbox 333 2894 460 2958; x_wconf 89' lang='lat' dir='ltr'>Arnen.</span> 
     </span>
    </p>

    <p class='ocr_par' dir='ltr' id='par_1_9' title="bbox 182 2993 1379 3834">
     <span class='ocr_line' id='line_1_12' title="bbox 228 2993 1378 3081; baseline 0.003 -20"><span class='ocrx_word' id='word_1_63' title='bbox 228 2993 382 3065; x_wconf 89' lang='lat' dir='ltr'>Hauendo</span> <span class='ocrx_word' id='word_1_64' title='bbox 396 3002 431 3065; x_wconf 90' lang='lat' dir='ltr'>io</span> <span class='ocrx_word' id='word_1_65' title='bbox 445 3001 490 3064; x_wconf 92' lang='lat' dir='ltr'>da</span> <span class='ocrx_word' id='word_1_66' title='bbox 506 3002 663 3064; x_wconf 88' lang='lat' dir='ltr'>scriuere</span> <span class='ocrx_word' id='word_1_67' title='bbox 678 3019 742 3081; x_wconf 91' lang='lat' dir='ltr'>per</span> <span class='ocrx_word' id='word_1_68' title='bbox 757 3002 879 3065; x_wconf 82' lang='lat' dir='ltr'>ordine</span> <span class='ocrx_word' id='word_1_69' title='bbox 894 3001 937 3064; x_wconf 88' lang='lat' dir='ltr'>de</span> <span class='ocrx_word' id='word_1_70' title='bbox 957 3010 1079 3064; x_wconf 86' lang='lat' dir='ltr'>nostro</span> <span class='ocrx_word' id='word_1_71' title='bbox 1102 3000 1216 3064; x_wconf 89' lang='lat' dir='ltr'>Padre</span> <span class='ocrx_word' id='word_1_72' title='bbox 1231 3003 1262 3064; x_wconf 89' lang='lat' dir='ltr'>le</span> <span class='ocrx_word' id='word_1_73' title='bbox 1278 3002 1378 3065; x_wconf 87' lang='lat' dir='ltr'>lette·</span> 
     </span>
     <span class='ocr_line' id='line_1_13' title="bbox 187 3101 1377 3188; baseline 0.003 -22"><span class='ocrx_word' id='word_1_74' title='bbox 187 3101 248 3166; x_wconf 87' lang='lat' dir='ltr'>redi</span> <span class='ocrx_word' id='word_1_75' title='bbox 258 3118 378 3187; x_wconf 90' lang='lat' dir='ltr'>quatro</span> <span class='ocrx_word' id='word_1_76' title='bbox 393 3109 492 3186; x_wconf 86' lang='lat' dir='ltr'>mesi,</span> <span class='ocrx_word' id='word_1_77' title='bbox 509 3127 580 3171; x_wconf 92' lang='lat' dir='ltr'>non</span> <span class='ocrx_word' id='word_1_78' title='bbox 596 3126 663 3171; x_wconf 91' lang='lat' dir='ltr'>con</span> <span class='ocrx_word' id='word_1_79' title='bbox 683 3109 859 3188; x_wconf 83' lang='lat' dir='ltr'>elegantia</span> <span class='ocrx_word' id='word_1_80' title='bbox 885 3107 921 3170; x_wconf 87' lang='lat' dir='ltr'>di</span> <span class='ocrx_word' id='word_1_81' title='bbox 939 3110 1073 3188; x_wconf 87' lang='lat' dir='ltr'>parole,</span> <span class='ocrx_word' id='word_1_82' title='bbox 1093 3126 1165 3171; x_wconf 92' lang='lat' dir='ltr'>non</span> <span class='ocrx_word' id='word_1_83' title='bbox 1185 3109 1334 3172; x_wconf 88' lang='lat' dir='ltr'>essendo</span> <span class='ocrx_word' id='word_1_84' title='bbox 1357 3128 1377 3171; x_wconf 89' lang='lat' dir='ltr'>a</span> 
     </span>
     <span class='ocr_line' id='line_1_14' title="bbox 185 3209 1379 3294; baseline 0.009 -27"><span class='ocrx_word' id='word_1_85' title='bbox 185 3209 268 3282; x_wconf 87' lang='lat' dir='ltr'>quella</span> <span class='ocrx_word' id='word_1_86' title='bbox 280 3215 489 3291; x_wconf 85' lang='lat' dir='ltr'>sufficiente;</span> <span class='ocrx_word' id='word_1_87' title='bbox 505 3232 577 3278; x_wconf 88' lang='lat' dir='ltr'>non</span> <span class='ocrx_word' id='word_1_88' title='bbox 593 3233 662 3277; x_wconf 87' lang='lat' dir='ltr'>con</span> <span class='ocrx_word' id='word_1_89' title='bbox 677 3215 843 3294; x_wconf 81' lang='lat' dir='ltr'>prolixita</span> <span class='ocrx_word' id='word_1_90' title='bbox 858 3215 1016 3278; x_wconf 86' lang='lat' dir='ltr'>scriuero</span> <span class='ocrx_word' id='word_1_91' title='bbox 1031 3216 1112 3292; x_wconf 88' lang='lat' dir='ltr'>tale,</span> <span class='ocrx_word' id='word_1_92' title='bbox 1135 3217 1211 3293; x_wconf 83' lang='lat' dir='ltr'>che,</span> <span class='ocrx_word' id='word_1_93' title='bbox 1227 3214 1379 3278; x_wconf 87' lang='lat' dir='ltr'>dicendo</span> 
     </span>
     <span class='ocr_line' id='line_1_15' title="bbox 183 3317 1377 3394; baseline -0.003 -7"><span class='ocrx_word' id='word_1_94' title='bbox 183 3317 308 3387; x_wconf 71' lang='lat' dir='ltr'>quelche</span> <span class='ocrx_word' id='word_1_95' title='bbox 322 3340 392 3384; x_wconf 91' lang='lat' dir='ltr'>non</span> <span class='ocrx_word' id='word_1_96' title='bbox 408 3328 428 3384; x_wconf 80' lang='lat' dir='ltr'>e</span> <span class='ocrx_word' id='word_1_97' title='bbox 444 3323 657 3394; x_wconf 68' lang='lat' dir='ltr'>necessario</span> <span class='ocrx_word' id='word_1_98' title='bbox 675 3322 728 3383; x_wconf 88' lang='lat' dir='ltr'>sia</span> <span class='ocrx_word' id='word_1_99' title='bbox 750 3322 897 3383; x_wconf 83' lang='lat' dir='ltr'>molesto</span> <span class='ocrx_word' id='word_1_100' title='bbox 918 3332 952 3383; x_wconf 94' lang='lat' dir='ltr'>et</span> <span class='ocrx_word' id='word_1_101' title='bbox 975 3322 1044 3383; x_wconf 87' lang='lat' dir='ltr'>alla</span> <span class='ocrx_word' id='word_1_102' title='bbox 1061 3320 1102 3383; x_wconf 91' lang='lat' dir='ltr'>R.</span> <span class='ocrx_word' id='word_1_103' title='bbox 1122 3321 1161 3383; x_wconf 93' lang='lat' dir='ltr'>P.</span> <span class='ocrx_word' id='word_1_104' title='bbox 1178 3321 1222 3384; x_wconf 92' lang='lat' dir='ltr'>V.</span> <span class='ocrx_word' id='word_1_105' title='bbox 1239 3330 1274 3386; x_wconf 90' lang='lat' dir='ltr'>et</span> <span class='ocrx_word' id='word_1_106' title='bbox 1293 3338 1314 3384; x_wconf 91' lang='lat' dir='ltr'>a</span> <span class='ocrx_word' id='word_1_107' title='bbox 1330 3325 1377 3385; x_wconf 88' lang='lat' dir='ltr'>al·</span> 
     </span>
     <span class='ocr_line' id='line_1_16' title="bbox 184 3417 1377 3509; baseline 0.008 -26"><span class='ocrx_word' id='word_1_108' title='bbox 184 3417 214 3480; x_wconf 75' lang='lat' dir='ltr'>iri</span> <span class='ocrx_word' id='word_1_109' title='bbox 224 3425 275 3488; x_wconf 88' lang='lat' dir='ltr'>che</span> <span class='ocrx_word' id='word_1_110' title='bbox 288 3438 409 3509; x_wconf 92' lang='lat' dir='ltr'>queste</span> <span class='ocrx_word' id='word_1_111' title='bbox 424 3430 605 3507; x_wconf 83' lang='lat' dir='ltr'>legerano:</span> <span class='ocrx_word' id='word_1_112' title='bbox 622 3439 656 3490; x_wconf 88' lang='lat' dir='ltr'>et</span> <span class='ocrx_word' id='word_1_113' title='bbox 672 3427 874 3491; x_wconf 87' lang='lat' dir='ltr'>finalmente</span> <span class='ocrx_word' id='word_1_114' title='bbox 889 3445 961 3490; x_wconf 92' lang='lat' dir='ltr'>non</span> <span class='ocrx_word' id='word_1_115' title='bbox 977 3437 1075 3490; x_wconf 89' lang='lat' dir='ltr'>tanto</span> <span class='ocrx_word' id='word_1_116' title='bbox 1089 3428 1209 3506; x_wconf 89' lang='lat' dir='ltr'>breue,</span> <span class='ocrx_word' id='word_1_117' title='bbox 1226 3428 1293 3491; x_wconf 89' lang='lat' dir='ltr'>che</span> <span class='ocrx_word' id='word_1_118' title='bbox 1308 3430 1377 3492; x_wconf 89' lang='lat' dir='ltr'>las·</span> 
     </span>
     <span class='ocr_line' id='line_1_17' title="bbox 182 3523 1377 3615; baseline 0.008 -26"><span class='ocrx_word' id='word_1_119' title='bbox 182 3523 203 3583; x_wconf 79' lang='lat' dir='ltr'>si</span> <span class='ocrx_word' id='word_1_120' title='bbox 213 3527 245 3591; x_wconf 88' lang='lat' dir='ltr'>de</span> <span class='ocrx_word' id='word_1_121' title='bbox 256 3536 406 3598; x_wconf 87' lang='lat' dir='ltr'>scriuere</span> <span class='ocrx_word' id='word_1_122' title='bbox 421 3537 502 3614; x_wconf 90' lang='lat' dir='ltr'>quel</span> <span class='ocrx_word' id='word_1_123' title='bbox 517 3535 596 3598; x_wconf 76' lang='lat' dir='ltr'>ch&#39;e</span> <span class='ocrx_word' id='word_1_124' title='bbox 612 3535 647 3596; x_wconf 92' lang='lat' dir='ltr'>di</span> <span class='ocrx_word' id='word_1_125' title='bbox 662 3535 822 3612; x_wconf 85' lang='lat' dir='ltr'>bisogno:</span> <span class='ocrx_word' id='word_1_126' title='bbox 840 3551 897 3596; x_wconf 90' lang='lat' dir='ltr'>ma</span> <span class='ocrx_word' id='word_1_127' title='bbox 913 3535 997 3613; x_wconf 85' lang='lat' dir='ltr'>ogni</span> <span class='ocrx_word' id='word_1_128' title='bbox 1013 3552 1122 3597; x_wconf 90' lang='lat' dir='ltr'>cuosa</span> <span class='ocrx_word' id='word_1_129' title='bbox 1138 3532 1149 3564; x_wconf 90' lang='lat'>&#39;</span> <span class='ocrx_word' id='word_1_130' title='bbox 1168 3545 1300 3613; x_wconf 89' lang='lat' dir='ltr'>quanto</span> <span class='ocrx_word' id='word_1_131' title='bbox 1316 3536 1377 3615; x_wconf 82' lang='lat' dir='ltr'>piu</span> 
     </span>
     <span class='ocr_line' id='line_1_18' title="bbox 183 3641 1373 3721; baseline 0 -17"><span class='ocrx_word' id='word_1_132' title='bbox 183 3643 256 3704; x_wconf 74' lang='lat' dir='ltr'>notro</span> <span class='ocrx_word' id='word_1_133' title='bbox 269 3641 506 3721; x_wconf 83' lang='lat' dir='ltr'>(quantunque</span> <span class='ocrx_word' id='word_1_134' title='bbox 527 3659 598 3703; x_wconf 92' lang='lat' dir='ltr'>non</span> <span class='ocrx_word' id='word_1_135' title='bbox 618 3658 745 3703; x_wconf 90' lang='lat' dir='ltr'>cuomo</span> <span class='ocrx_word' id='word_1_136' title='bbox 774 3641 808 3703; x_wconf 92' lang='lat' dir='ltr'>in</span> <span class='ocrx_word' id='word_1_137' title='bbox 830 3658 876 3703; x_wconf 91' lang='lat' dir='ltr'>un</span> <span class='ocrx_word' id='word_1_138' title='bbox 897 3651 996 3704; x_wconf 91' lang='lat' dir='ltr'>tanto</span> <span class='ocrx_word' id='word_1_139' title='bbox 1012 3641 1163 3719; x_wconf 85' lang='lat' dir='ltr'>negocio</span> <span class='ocrx_word' id='word_1_140' title='bbox 1177 3641 1209 3703; x_wconf 87' lang='lat' dir='ltr'>si</span> <span class='ocrx_word' id='word_1_141' title='bbox 1222 3641 1373 3704; x_wconf 87' lang='lat' dir='ltr'>ricerca·</span> 
     </span>
     <span class='ocr_line' id='line_1_19' title="bbox 182 3739 663 3834; baseline 0.029 -37"><span class='ocrx_word' id='word_1_142' title='bbox 182 3739 270 3824; x_wconf 85' lang='lat' dir='ltr'>rebbe)</span> <span class='ocrx_word' id='word_1_143' title='bbox 283 3749 358 3813; x_wconf 86' lang='lat' dir='ltr'>diro</span> <span class='ocrx_word' id='word_1_144' title='bbox 373 3750 663 3834; x_wconf 83' lang='lat' dir='ltr'>succintamente.</span> 
     </span>
    </p>

    <p class='ocr_par' dir='ltr' id='par_1_10' title="bbox 178 3847 1417 4255">
     <span class='ocr_line' id='line_1_20' title="bbox 223 3847 1376 3936; baseline 0.006 -24"><span class='ocrx_word' id='word_1_145' title='bbox 223 3847 323 3918; x_wconf 90' lang='lat' dir='ltr'>Primo</span> <span class='ocrx_word' id='word_1_146' title='bbox 338 3855 480 3935; x_wconf 89' lang='lat' dir='ltr'>dunque</span> <span class='ocrx_word' id='word_1_147' title='bbox 496 3855 572 3919; x_wconf 84' lang='lat' dir='ltr'>diro</span> <span class='ocrx_word' id='word_1_148' title='bbox 588 3864 720 3936; x_wconf 91' lang='lat' dir='ltr'>quanto</span> <span class='ocrx_word' id='word_1_149' title='bbox 734 3856 844 3918; x_wconf 90' lang='lat' dir='ltr'>srutto</span> <span class='ocrx_word' id='word_1_150' title='bbox 859 3855 889 3917; x_wconf 90' lang='lat' dir='ltr'>si</span> <span class='ocrx_word' id='word_1_151' title='bbox 905 3855 958 3917; x_wconf 89' lang='lat' dir='ltr'>sia</span> <span class='ocrx_word' id='word_1_152' title='bbox 972 3854 1063 3917; x_wconf 82' lang='lat' dir='ltr'>fatto</span> <span class='ocrx_word' id='word_1_153' title='bbox 1074 3872 1137 3935; x_wconf 90' lang='lat' dir='ltr'>per</span> <span class='ocrx_word' id='word_1_154' title='bbox 1152 3856 1184 3918; x_wconf 89' lang='lat' dir='ltr'>le</span> <span class='ocrx_word' id='word_1_155' title='bbox 1199 3855 1376 3936; x_wconf 82' lang='lat' dir='ltr'>frequenti</span> 
     </span>
     <span class='ocr_line' id='line_1_21' title="bbox 180 3957 1377 4041; baseline 0.005 -23"><span class='ocrx_word' id='word_1_156' title='bbox 180 3957 372 4041; x_wconf 70' lang='lat' dir='ltr'>confessioni,</span> <span class='ocrx_word' id='word_1_157' title='bbox 397 3963 638 4025; x_wconf 83' lang='lat' dir='ltr'>exhortationi</span> <span class='ocrx_word' id='word_1_158' title='bbox 659 3961 702 4025; x_wconf 88' lang='lat' dir='ltr'>de</span> <span class='ocrx_word' id='word_1_159' title='bbox 721 3962 835 4024; x_wconf 91' lang='lat' dir='ltr'>nostri</span> <span class='ocrx_word' id='word_1_160' title='bbox 856 3960 963 4024; x_wconf 91' lang='lat' dir='ltr'>Padri</span> <span class='ocrx_word' id='word_1_161' title='bbox 988 3975 1021 4023; x_wconf 91' lang='lat' dir='ltr'>et</span> <span class='ocrx_word' id='word_1_162' title='bbox 1048 3961 1214 4041; x_wconf 87' lang='lat' dir='ltr'>prediche</span> <span class='ocrx_word' id='word_1_163' title='bbox 1233 3961 1320 4024; x_wconf 83' lang='lat' dir='ltr'>fatte</span> <span class='ocrx_word' id='word_1_164' title='bbox 1338 3962 1377 4024; x_wconf 91' lang='lat' dir='ltr'>in</span> 
     </span>
     <span class='ocr_line' id='line_1_22' title="bbox 180 4055 1417 4150; baseline 0.005 -25"><span class='ocrx_word' id='word_1_165' title='bbox 180 4055 281 4146; x_wconf 66' lang='lat' dir='ltr'>chiesa</span> <span class='ocrx_word' id='word_1_166' title='bbox 295 4069 401 4150; x_wconf 87' lang='lat' dir='ltr'>dop0,</span> <span class='ocrx_word' id='word_1_167' title='bbox 419 4078 549 4149; x_wconf 92' lang='lat' dir='ltr'>quante</span> <span class='ocrx_word' id='word_1_168' title='bbox 564 4069 695 4132; x_wconf 79' lang='lat' dir='ltr'>fatiche</span> <span class='ocrx_word' id='word_1_169' title='bbox 716 4069 752 4131; x_wconf 94' lang='lat' dir='ltr'>in</span> <span class='ocrx_word' id='word_1_170' title='bbox 771 4069 867 4131; x_wconf 90' lang='lat' dir='ltr'>aiuto</span> <span class='ocrx_word' id='word_1_171' title='bbox 887 4069 923 4131; x_wconf 90' lang='lat' dir='ltr'>di</span> <span class='ocrx_word' id='word_1_172' title='bbox 942 4068 1058 4147; x_wconf 90' lang='lat' dir='ltr'>quello</span> <span class='ocrx_word' id='word_1_173' title='bbox 1079 4068 1296 4131; x_wconf 90' lang='lat' dir='ltr'>nobilissimo</span> <span class='ocrx_word' id='word_1_174' title='bbox 1311 4068 1377 4131; x_wconf 87' lang='lat' dir='ltr'>Pa·</span> <span class='ocrx_word' id='word_1_175' title='bbox 1415 4083 1417 4088; x_wconf 85' lang='lat'>·</span> 
     </span>
     <span class='ocr_line' id='line_1_23' title="bbox 178 4160 1299 4255; baseline 0.014 -33"><span class='ocrx_word' id='word_1_176' title='bbox 178 4160 240 4231; x_wconf 82' lang='lat' dir='ltr'>latio</span> <span class='ocrx_word' id='word_1_177' title='bbox 251 4175 277 4237; x_wconf 90' lang='lat' dir='ltr'>si</span> <span class='ocrx_word' id='word_1_178' title='bbox 289 4176 389 4239; x_wconf 91' lang='lat' dir='ltr'>siano</span> <span class='ocrx_word' id='word_1_179' title='bbox 405 4176 561 4255; x_wconf 85' lang='lat' dir='ltr'>pigliate,</span> <span class='ocrx_word' id='word_1_180' title='bbox 578 4186 613 4238; x_wconf 89' lang='lat' dir='ltr'>et</span> <span class='ocrx_word' id='word_1_181' title='bbox 628 4176 693 4238; x_wconf 86' lang='lat' dir='ltr'>che</span> <span class='ocrx_word' id='word_1_182' title='bbox 709 4175 821 4238; x_wconf 86' lang='lat' dir='ltr'>utilita</span> <span class='ocrx_word' id='word_1_183' title='bbox 836 4193 881 4237; x_wconf 92' lang='lat' dir='ltr'>ne</span> <span class='ocrx_word' id='word_1_184' title='bbox 895 4176 941 4237; x_wconf 91' lang='lat' dir='ltr'>ha</span> <span class='ocrx_word' id='word_1_185' title='bbox 958 4175 1213 4253; x_wconf 86' lang='lat' dir='ltr'>conseguitat0‚</span> <span class='ocrx_word' id='word_1_186' title='bbox 1230 4183 1299 4238; x_wconf 89' lang='lat' dir='ltr'>etc.</span> 
     </span>
    </p>

    <p class='ocr_par' dir='ltr' id='par_1_11' title="bbox 221 4273 1377 4363">
     <span class='ocr_line' id='line_1_24' title="bbox 221 4273 1377 4363; baseline 0.005 -24"><span class='ocrx_word' id='word_1_187' title='bbox 221 4273 253 4342; x_wconf 86' lang='lat' dir='ltr'>Li</span> <span class='ocrx_word' id='word_1_188' title='bbox 264 4283 373 4346; x_wconf 89' lang='lat' dir='ltr'>nostri</span> <span class='ocrx_word' id='word_1_189' title='bbox 388 4282 506 4360; x_wconf 87' lang='lat' dir='ltr'>Padri,</span> <span class='ocrx_word' id='word_1_190' title='bbox 522 4281 679 4345; x_wconf 88' lang='lat' dir='ltr'>secundo</span> <span class='ocrx_word' id='word_1_191' title='bbox 693 4282 717 4343; x_wconf 90' lang='lat' dir='ltr'>il</span> <span class='ocrx_word' id='word_1_192' title='bbox 732 4283 849 4361; x_wconf 84' lang='lat' dir='ltr'>solitu,</span> <span class='ocrx_word' id='word_1_193' title='bbox 867 4283 952 4359; x_wconf 83' lang='lat' dir='ltr'>ogni</span> <span class='ocrx_word' id='word_1_194' title='bbox 966 4282 1092 4361; x_wconf 87' lang='lat' dir='ltr'>giorno</span> <span class='ocrx_word' id='word_1_195' title='bbox 1108 4298 1195 4344; x_wconf 90' lang='lat' dir='ltr'>sono</span> <span class='ocrx_word' id='word_1_196' title='bbox 1210 4283 1377 4363; x_wconf 85' lang='lat' dir='ltr'>occupati</span> 
     </span>
    </p>
   </div>
   <div class='ocr_carea' id='block_1_9' title="bbox 177 4441 354 4468">
    <p class='ocr_par' dir='ltr' id='par_1_12' title="bbox 177 4441 354 4468">
     <span class='ocr_line' id='line_1_25' title="bbox 177 4441 354 4468; baseline 0 -20"><span class='ocrx_word' id='word_1_197' title='bbox 177 4441 354 4468; x_wconf 34' lang='grc' dir='ltr'>,κῇ</span> 
     </span>
    </p>
   </div>
   <div class='ocr_carea' id='block_1_10' title="bbox 208 4546 818 4686">
    <p class='ocr_par' dir='ltr' id='par_1_13' title="bbox 208 4546 818 4686">
     <span class='ocr_line' id='line_1_26' title="bbox 209 4546 818 4615; baseline 0.002 -15"><span class='ocrx_word' id='word_1_198' title='bbox 209 4546 216 4579; x_wconf 82' lang='lat'><strong>¹</strong></span> <span class='ocrx_word' id='word_1_199' title='bbox 236 4553 396 4615; x_wconf 72' lang='lat' dir='ltr'>Aurograpnn</span> <span class='ocrx_word' id='word_1_200' title='bbox 407 4561 432 4604; x_wconf 89' lang='lat' dir='ltr'>in</span> <span class='ocrx_word' id='word_1_201' title='bbox 443 4559 538 4613; x_wconf 85' lang='lat' dir='ltr'>duplici</span> <span class='ocrx_word' id='word_1_202' title='bbox 550 4559 619 4611; x_wconf 81' lang='lat' dir='ltr'>folio,</span> <span class='ocrx_word' id='word_1_203' title='bbox 631 4571 672 4601; x_wconf 92' lang='lat' dir='ltr'>nn.</span> <span class='ocrx_word' id='word_1_204' title='bbox 686 4558 724 4601; x_wconf 82' lang='lat' dir='ltr'>ioO</span> <span class='ocrx_word' id='word_1_205' title='bbox 733 4566 759 4602; x_wconf 83' lang='lat' dir='ltr'>et</span> <span class='ocrx_word' id='word_1_206' title='bbox 772 4560 818 4601; x_wconf 84' lang='grc'><strong>161.</strong></span> 
     </span>
     <span class='ocr_line' id='line_1_27' title="bbox 208 4620 520 4686; baseline 0.006 -14"><span class='ocrx_word' id='word_1_207' title='bbox 208 4620 218 4652; x_wconf 84' lang='lat'><strong>¹</strong></span> <span class='ocrx_word' id='word_1_208' title='bbox 236 4625 312 4686; x_wconf 60' lang='lat' dir='ltr'>Sia-ut</span> <span class='ocrx_word' id='word_1_209' title='bbox 323 4640 349 4677; x_wconf 82' lang='lat' dir='ltr'>et</span> <span class='ocrx_word' id='word_1_210' title='bbox 360 4644 461 4684; x_wconf 83' lang='lat' dir='ltr'>cuomo,</span> <span class='ocrx_word' id='word_1_211' title='bbox 470 4640 520 4675; x_wconf 83' lang='lat' dir='ltr'>etc.</span> 
     </span>
    </p>
   </div>
   <div class='ocr_carea' id='block_1_11' title="bbox 0 0 1610 5392">
    <p class='ocr_par' dir='ltr' id='par_1_14' title="bbox 0 0 1610 5392">
     <span class='ocr_line' id='line_1_28' title="bbox 0 0 1610 5392; baseline 0 6"><span class='ocrx_word' id='word_1_212' title='bbox 0 0 1610 5392; x_wconf 95' lang='lat' dir='ltr'> </span> 
     </span>
    </p>
   </div>
  </div>
 </body>
</html>
