3240 5386
565 398 739 460 Lmreane
759 404 1031 470 ouaonmasrnas

651 1075 963 1160 CCCLXXIII

243 1417 410 1490 Josephus
421 1418 462 1475 de
478 1418 605 1476 Acosta

280 1513 372 1573 Patri
386 1514 514 1588 ignatio
528 1515 569 1573 de
584 1514 726 1588 Loyola.

351 1613 543 1686 Methymna
557 1613 686 1686 Campi,
699 1613 736 1673 28
748 1613 876 1686 Aprilis
891 1614 961 1672 1555
972 1613 992 1670 ¹.

776 1873 850 1991 nis

253 2141 455 2205 Admodum
468 2139 545 2204 R.de
567 2141 603 2203 in
618 2140 760 2204 Christo
776 2141 893 2203 Pater.

255 2248 380 2312 Gratia
396 2258 429 2312 et
444 2266 516 2329 pax
526 2248 658 2313 Christi
670 2247 754 2330 Jesu
770 2249 862 2312 adsit
878 2265 1017 2328 semper
1031 2244 1245 2310 Paternitati
1260 2254 1353 2307 tuae.

254 2357 307 2419 Ex
332 2357 386 2431 iis,
415 2372 505 2437 quae
529 2356 608 2435 tibi,
635 2354 741 2419 Pater
769 2372 941 2436 perquam
968 2351 1209 2429 observande,
1240 2349 1467 2414 reserenff

194 2464 355 2540 subeunt,
384 2480 492 2525 vnum
515 2461 600 2526 illud
625 2463 670 2525 ad
696 2461 773 2525 Deo
797 2463 932 2543 optimo
959 2461 1116 2525 maximo
1142 2459 1324 2540 agendum
1348 2441 1472 2536 μ’

193 2571 261 2633 tias
276 2571 465 2650 praecipue
480 2569 628 2632 incitare
644 2569 823 2646 existimo,
846 2585 926 2631 cum
951 2569 1128 2648 duplicem
1144 2567 1210 2629 hoc
1232 2566 1313 2646 ipso
1335 2550 1472 2628 anrss

191 2676 382 2756 jubilaeum
397 2675 649 2739 sanctissimus
674 2675 779 2739 Pater
799 2674 810 2705 ¹
833 2675 994 2753 ediderit,
1020 2674 1239 2737 vberrimum
1262 2671 1347 2735 inde
1362 2659 1472 2734 ist)

195 2794 290 2847 ctum
306 2782 522 2845 redundasse
543 2783 686 2845 omnino
701 2783 863 2868 innotuit.

255 2890 355 2952 Multi
371 2890 498 2969 quippe
514 2889 656 2951 domum
672 2889 764 2950 hanc
779 2900 938 2951 nostram
965 2888 1162 2951 consessuri
1186 2895 1378 2962 venerunt,
1395 2871 1472 2946 (τί

197 3015 282 3058 sane
298 2997 332 3073 ii,
360 2997 418 3076 qui
447 2995 576 3057 diutius
603 2996 691 3057 alias
717 2995 876 3056 confiteri
902 2996 1045 3057 minime
1072 3001 1352 3069 consueuerant3
1374 2977 1456 3053 atii

197 3105 303 3165 etiam
321 3103 390 3182 qui,
414 3102 682 3164 commissorum
704 3101 921 3179 turpitudine
937 3100 1080 3178 detenti,
1098 3118 1140 3162 ea
1165 3099 1261 3179 apud
1278 3116 1317 3160 se
1334 3098 1441 3160 secis-

196 3218 273 3271 sent
287 3208 607 3288 reliqua.'Fuerunt
623 3216 807 3286 praeterea
830 3209 1030 3286 complures
1051 3209 1128 3286 qui,
1151 3205 1246 3285 apud
1267 3205 1432 3268 sacerdo·

197 3327 250 3378 tes
266 3315 354 3376 alios
369 3314 534 3387 confessi,
550 3332 621 3376 non
637 3314 703 3374 sibi
723 3314 944 3376 satisfactum
962 3314 1004 3376 iri
1026 3323 1204 3392 putarent,
1226 3313 1297 3375 nisi
1314 3310 1429 3375 Socie-

196 3423 280 3483 tatis
305 3421 432 3500 aliquis
457 3436 558 3482 suam
584 3418 841 3482 consessionem
867 3420 1048 3482 audiisset.
1074 3420 1184 3498 Igitur
1210 3420 1255 3481 iis
1287 3419 1435 3481 omnino

196 3527 402 3591 satisfacere
415 3526 641 3587 vehementer
658 3528 877 3588 elaboratum
893 3537 957 3588 est.
977 3525 1028 3588 Ac
1044 3543 1131 3588 sane
1146 3526 1182 3587 in
1195 3541 1358 3603 carcere,
1380 3542 1437 3587 xe·

197 3633 393 3708 nodochiiS‚
411 3632 558 3711 pacibus
573 3643 606 3693 et
629 3631 828 3694 foederibus
855 3633 1027 3709 ineundis
1045 3633 1156 3694 obitui
1176 3633 1368 3710 proximos
1391 3632 1441 3693 iu-

199 3740 327 3815 uando‚
345 3739 412 3818 piis
424 3737 573 3816 denique
586 3739 664 3799 aliis
680 3739 860 3801 exercitiis
876 3739 1089 3801 nostratium
1102 3755 1211 3816 opera
1224 3738 1446 3801 commodis-

200 3849 289 3909 sima
306 3861 445 3923 semper
466 3844 593 3906 extitit.

258 3952 471 4015 Eorumdem
487 3951 825 4013 communicationes
841 3961 875 4013 ct
891 3952 1031 4029 priuata
1048 3952 1224 4029 colloquia
1240 3967 1325 4012 cum
1343 3953 1447 4030 apud

199 4060 335 4122 omneis
350 4058 537 4119 valuerunt
554 4057 752 4134 plurimum,
771 4066 844 4118 tum
860 4074 946 4119 vero
962 4057 1057 4136 apud
1072 4056 1298 4119 sacerdotem
1318 4074 1450 4136 quem·

203 4167 308 4245 piam,
332 4165 403 4244 qui,
429 4163 517 4226 miro
540 4164 671 4224 talento
692 4161 872 4241 praeditus
898 4175 932 4225 et
955 4164 1000 4225 ab
1026 4164 1250 4227 incunabulis
1277 4163 1313 4226 in
1342 4166 1451 4226 curia

245 4405 254 4438 ¹
285 4404 325 4447 Ex
336 4404 431 4446 volum.
445 4403 505 4446 anni
516 4402 640 4454 tuis-1554.
652 4405 831 4456 autographae
843 4405 936 4456 duplici
948 4403 1016 4451 lolio.
1029 4405 1112 4457 primo
1122 4416 1149 4447 n.
1160 4404 1209 4451 322.
1221 4405 1310 4448 altero
1319 4417 1390 4449 vero
1402 4420 1459 4452 non

206 4481 349 4519 numerato.

246 4548 257 4577 ¹
286 4545 368 4598 Julius
384 4544 641 4596 HL-Jubiineorum,
658 4545 688 4586 de
704 4546 795 4597 quibus
813 4545 853 4586 bic
869 4552 908 4586 cst
923 4557 1016 4596 sermo,
1033 4557 1099 4589 unus
1115 4554 1186 4589 certe
1197 4545 1246 4589 luit
1257 4546 1284 4588 in
1295 4548 1459 4599 gratiarum

206 4618 335 4661 actionem
346 4628 393 4671 pro
405 4616 517 4669 Angliae
531 4617 688 4669 reductione;
699 4616 730 4657 de
743 4618 827 4658 altero
838 4616 1011 4660 nihilomnino
1022 4618 1088 4660 certi
1097 4617 1229 4661 affirmare
1240 4619 1384 4663 audemus.
