3210 5392
183 420 237 480 302
577 420 1025 485 Llrrnaaaouaoatnesrnrts

184 565 311 628 effecit:
324 565 375 627 sic
390 567 482 628 enim
498 575 533 626 et
544 573 625 628 tuae
638 564 812 627 uoluntati
823 576 859 626 et
874 576 1018 627 nostrae
1030 564 1255 627 obedientiae
1269 579 1421 642 respon·

184 672 356 735 dabimus.

244 777 444 841 Literarum
459 777 587 853 studia,
601 786 635 839 et
651 778 770 839 omnia
787 779 1052 842 exercitationis
1062 795 1196 858 genera
1209 778 1246 841 in
1261 775 1421 855 discipli-

184 886 241 948 nis
262 904 304 948 ac
325 885 494 962 scientiis,
511 885 869 966 praeterquamquod
890 885 924 947 in
947 886 1070 949 eodem
1085 903 1155 966 quo
1171 885 1286 948 solent
1307 900 1420 946 cursu

185 992 271 1070 sint,
287 990 443 1073 quotidie
462 990 535 1054 fere
556 991 698 1071 aliquod
719 992 974 1055 incrementum
996 1001 1153 1071 sumunt,
1170 1009 1236 1055 nec
1262 990 1422 1071 quicque

185 1118 229 1162 ex
249 1099 307 1174 iis,
332 1099 399 1161 nisi
421 1097 515 1178 quod
529 1097 700 1160 maiorem
724 1098 954 1161 intentionem
973 1109 1035 1161 aut
1049 1099 1238 1162 vtilitatem
1260 1095 1422 1174 adierat,

183 1206 384 1268 remittitur.
401 1204 524 1285 Itaque
538 1214 573 1266 et
588 1203 772 1267 domestici
787 1213 820 1267 et
841 1204 945 1268 alieni
967 1205 1003 1267 in
1018 1204 1222 1284 cognitione
1235 1203 1421 1267 doctrina—

184 1330 261 1375 rum
278 1313 425 1375 multum
439 1310 642 1390 proficiunt,
660 1328 741 1373 cum
756 1309 934 1374 auditione
951 1310 1110 1389 assidua,
1127 1320 1201 1374 tum
1217 1310 1420 1391 scriptione

183 1419 369 1500 frequenti.
387 1417 455 1481 Sed
471 1435 578 1498 quum
594 1418 684 1480 haec
699 1407 813 1497 quasi
823 1419 1000 1497 praesidia
1020 1418 1195 1498 quaedam
1215 1416 1262 1480 ad
1277 1418 1419 1481 maiora

183 1524 402 1588 conficienda
422 1534 684 1603 comparantur,
707 1525 743 1586 in
758 1541 813 1598 eo,
827 1525 927 1587 cuius
947 1542 1056 1588 causa
1071 1524 1160 1587 haec
1176 1523 1417 1603 attinguntur,

183 1648 307 1695 omnes
321 1631 571 1709 cogitationes,
588 1648 728 1693 omnem
747 1632 904 1694 laborem
924 1642 958 1694 et
979 1631 1189 1694 industriam
1210 1632 1327 1694 nostri
1348 1631 1419 1694 sra-

183 1748 256 1801 tres
280 1738 473 1813 collocant,
497 1737 546 1798 ita
571 1745 609 1798 ut
634 1747 707 1799 tam
719 1737 813 1800 domi
829 1755 933 1817 quam
958 1737 1046 1800 ioris
1070 1737 1212 1802 uirtutis
1233 1737 1420 1817 specimen

183 1842 302 1907 edant.
319 1844 402 1922 Alii,
419 1843 478 1923 qui
494 1843 689 1905 domestica
700 1852 825 1906 curant
837 1844 992 1923 negotia,
1006 1844 1041 1907 id
1052 1860 1192 1925 quoque
1204 1842 1363 1923 student,
1382 1856 1420 1906 ut

184 1951 220 2013 in
235 1950 303 2013 hac
318 1959 443 2012 sancta
457 1949 629 2028 religione
645 1947 750 2011 finem
764 1950 984 2030 propositum
999 1960 1278 2031 consequantur,
1295 1958 1330 2012 et
1346 1951 1419 2014 hoc

183 2075 248 2139 pro
273 2075 311 2119 se
335 2055 456 2119 sedulo
476 2056 624 2137 quisque
644 2055 796 2134 faciem,
813 2075 948 2133 omneS,
965 2075 1028 2138 per
1052 2057 1119 2120 Dei
1143 2059 1416 2137 benignitatem,

189 2165 264 2226 uita
280 2179 322 2225 ac
337 2164 498 2241 exemplo
515 2174 662 2242 prosunt
677 2163 850 2243 proximo.

244 2269 360 2332 Pridie
377 2286 483 2349 quam
498 2270 696 2332 studiorum
711 2271 926 2333 curriculum
942 2270 1219 2348 ingrederemur,
1238 2272 1419 2353 epigram-

185 2385 280 2438 mata
296 2376 450 2438 hebraea
466 2384 500 2437 et
519 2393 651 2454 graeca
667 2376 713 2438 ad
728 2394 850 2439 omnes
866 2375 1060 2455 auditores,
1077 2377 1187 2439 latina
1207 2378 1244 2440 in
1258 2378 1417 2458 singulo·

185 2499 264 2545 rum
288 2483 446 2545 uirorum
466 2481 621 2559 laudem,
646 2483 705 2561 qui
727 2483 899 2562 dignitate
921 2484 1166 2563 praestabant,
1183 2486 1419 2563 pronunciari

185 2590 405 2664 curauimus,
423 2600 457 2650 et
471 2600 594 2668 postea
611 2590 790 2652 orationes
805 2590 894 2652 duae
911 2590 1051 2652 habitae
1066 2600 1163 2667 sunt,
1181 2608 1252 2653 una
1268 2608 1416 2669 graeca,

182 2698 295 2758 altera
318 2697 445 2772 latina,
467 2713 557 2774 quae
580 2696 699 2758 omnia
721 2695 787 2758 Dei
809 2696 932 2759 fauore
956 2707 1029 2759 tam
1052 2696 1225 2759 foeliciter
1250 2698 1416 2761 coniecta

182 2811 279 2881 sunt,
295 2813 334 2864 ut
350 2803 505 2865 omnium
520 2803 660 2864 laudem
676 2813 710 2865 et
725 2806 887 2881 plausum
903 2805 1161 2882 promouerint,
1178 2804 1276 2884 quod
1292 2807 1416 2886 optimi

182 2909 311 2989 quique
327 2919 361 2970 et
375 2909 585 2970 nobilissimi
601 2926 680 2970 cum
697 2911 795 2972 uultu
810 2920 884 2972 tum
900 2910 1018 2972 uerbis
1033 2910 1248 2973 indicabant.
1265 2910 1414 2976 Audito·

180 3033 259 3078 rum
271 3016 467 3095 frequentia
481 3023 580 3077 tanta
592 3026 681 3093 erat,
695 3027 864 3094 quantam
877 3018 976 3079 loeus
993 3034 1121 3097 capere
1134 3025 1286 3096 poterat:
1304 3020 1414 3081 homi·

181 3140 244 3185 nes
272 3141 317 3185 ex
346 3122 441 3184 omni
461 3139 591 3200 genere
621 3139 663 3184 ac
692 3121 893 3185 conditione
927 3133 1184 3186 conuenerant:
1216 3125 1310 3187 inter
1335 3127 1414 3187 reli·

181 3246 281 3308 quos,
312 3229 371 3307 qui
397 3228 612 3290 authoritate
646 3246 687 3289 ac
713 3229 896 3291 nobilitate
922 3230 1108 3293 clarissimi
1134 3240 1259 3309 erant,
1290 3232 1414 3295 aderat

181 3334 302 3398 Rmus.
317 3335 517 3397 Cardinalis
539 3335 546 3364 ¹
568 3352 639 3396 vna
665 3353 745 3397 cum
759 3347 921 3415 praetore
937 3336 1295 3416 frequentissimoque
1311 3356 1411 3402 sena·

181 3452 230 3518 tu,
254 3441 375 3504 Rmus.
406 3441 605 3520 Episcopus
629 3439 877 3520 Syracusanus
901 3442 924 3518 ¹,
952 3444 1079 3522 quibus
1099 3443 1262 3506 omnibus
1286 3456 1411 3508 nostra

181 3549 340 3611 instituta
363 3548 412 3609 ita
427 3549 602 3625 placuere,
619 3558 657 3608 ut
671 3560 903 3626 precarentur
919 3549 1020 3611 nobis
1040 3550 1196 3611 omnium
1217 3568 1338 3630 rerum
1355 3570 1413 3616 no·

182 3668 339 3717 stratum
354 3656 459 3715 talem
476 3671 689 3717 successum.

243 3761 478 3838 Concionum,
496 3778 586 3840 quae
601 3760 787 3822 dominicis
802 3761 924 3823 diebus
940 3762 975 3823 in
997 3772 1118 3825 nostro
1140 3766 1272 3842 templo
1290 3766 1413 3828 haberi

182 3871 313 3946 solent,
331 3869 426 3931 nulla
442 3867 479 3930 iit
495 3868 666 3930 remissio,
685 3867 856 3929 Doctrina
873 3870 1084 3948 christiana,
1101 3888 1191 3949 quae
1214 3872 1341 3935 diebus
1357 3890 1413 3935 ve·

181 3977 278 4038 neris
303 3976 469 4052 docetur,
496 3990 627 4053 magno
653 3973 772 4036 fructu
797 3975 1034 4051 continuatur,
1057 3977 1358 4057 quemadmodum
1380 3992 1415 4043 et

179 4084 370 4146 conciones
382 4083 417 4143 in
430 4081 654 4144 monasteriis
665 4098 850 4144 sacrarum
862 4083 1052 4161 uirginum:
1066 4085 1124 4165 qui
1140 4084 1292 4163 laboreS,
1306 4103 1414 4167 quam

181 4190 377 4252 vberrimos
392 4189 528 4251 fructus
542 4186 721 4263 adierant,
739 4205 810 4249 non
825 4186 928 4250 facile
944 4188 1104 4252 dixerim.

242 4295 339 4357 Multi
355 4306 462 4370 certe,
479 4306 513 4356 et
529 4294 682 4357 maxime
695 4312 739 4356 ex
751 4295 920 4356 nobilium
931 4313 1073 4375 genere,
1086 4308 1276 4378 postquam
1288 4302 1335 4364 ad
1347 4320 1413 4366 nos

224 4574 232 4606 ¹
262 4572 355 4617 Petrus
366 4573 503 4627 Tagliavia
514 4573 544 4615 de
557 4573 672 4625 Aragon,
685 4572 884 4616 l'nnormitanus
897 4574 1037 4629 Episcopus
1046 4583 1072 4619 et
1080 4576 1239 4621 Cardlnalis.

223 4646 235 4676 ⁸
262 4644 435 4700 Hieronymus
446 4646 475 4687 de
488 4645 611 4687 Bononia.
