3210 5392
179 411 232 471 188
569 410 1021 476 errnnnnonsonrunsrnns

178 560 236 620 un'
254 556 384 620 indicio
399 556 435 619 di
449 557 530 636 quei
555 555 620 618 che
644 555 793 618 sarebbe
809 564 902 618 stato
917 554 1121 618 necessario
1136 553 1225 632 dire,
1247 564 1284 617 et
1299 556 1410 617 maxi·

179 681 235 726 me
248 664 313 727 che
329 662 386 725 dai
401 672 524 726 nostro
538 662 653 726 Padre
669 664 803 726 haucra
818 662 932 725 inteso
946 670 1059 742 parte.

241 769 276 834 S’
293 770 489 848 insegnano
504 769 528 832 li
543 770 633 850 putti
648 768 683 832 di
695 779 819 850 questa
835 770 907 833 cita
921 770 1012 833 nelle
1026 769 1150 833 lettere
1163 778 1199 832 et
1213 769 1323 847 uirtu,
1338 771 1413 833 nel·-

180 878 212 938 le
227 878 330 958 quale
342 876 449 939 fanno
465 877 559 939 assai
572 875 690 940 irutto.
706 877 815 955 Tutti,
833 875 939 939 Padri
964 873 1023 958 [et]
1039 876 1196 950 Frateiii,
1210 893 1275 956 per
1290 877 1408 956 gratia

180 983 236 1046 dei
257 982 407 1062 Signore
428 995 532 1047 stano
556 984 656 1062 bene,
683 995 717 1047 et
737 984 768 1046 si
788 984 1005 1048 essercitano
1024 983 1061 1046 in
1080 984 1193 1064 quelle
1214 998 1325 1047 cuose
1344 984 1410 1047 che

181 1092 275 1153 daila
291 1089 401 1154 Santa
416 1091 615 1154 obedientia
633 1091 658 1155 li
673 1109 761 1155 sono
775 1089 997 1155 comandate.

242 1196 475 1261 Desideramo
492 1198 649 1261 anchora
664 1199 697 1261 ia
712 1198 829 1261 sanita
843 1197 887 1261 de
908 1197 943 1262 S.
960 1196 1002 1261 R.
1019 1197 1058 1261 P.
1073 1214 1138 1278 per
1155 1198 1323 1279 maggior
1337 1199 1414 1278 gio·

182 1307 236 1367 ria
251 1304 306 1367 del
320 1302 470 1384 Signore
486 1314 520 1368 et
542 1305 586 1368 de
603 1306 685 1369 tutti
707 1303 814 1368 Padri
839 1314 874 1368 et
895 1305 1052 1382 Frateili,
1073 1307 1141 1369 alie
1161 1305 1316 1369 orationi
1332 1305 1413 1369 delii

182 1412 277 1491 quali
292 1413 373 1475 tutti
387 1412 420 1475 ci
435 1412 745 1476 raccomandiamo
767 1399 867 1476 accio
887 1413 933 1476 da
953 1413 1060 1494 quelli
1081 1412 1205 1476 aiutati
1219 1412 1252 1476 si
1265 1412 1377 1492 degni
1391 1413 1415 1476 ii

182 1517 333 1598 Signore
348 1519 470 1582 dareci
484 1521 518 1582 ia
532 1536 597 1583 sua
619 1529 742 1583 sancta
758 1520 889 1600 gratia,
912 1537 980 1582 con
1001 1521 1033 1582 la
1053 1520 1157 1600 quale
1177 1519 1237 1600 piu
1252 1519 1412 1583 ardente·

182 1636 299 1690 mente
314 1635 348 1689 et
363 1643 486 1706 spesso
513 1623 652 1708 [siaJmo
671 1627 854 1707 preparati
872 1645 894 1690 a
913 1627 1063 1708 pigiiare
1086 1626 1323 1706 quaIsiuoglie
1336 1624 1414 1690 fati·

181 1735 248 1796 che
274 1751 295 1797 a
316 1733 419 1796 laude
444 1744 478 1797 et
502 1735 619 1814 gioria
643 1751 720 1813 sua,
744 1735 814 1797 aila
833 1735 936 1814 quale
957 1750 1104 1813 persua
1122 1732 1370 1797 misericordia
1385 1733 1417 1796 si

183 1840 291 1920 degni
305 1840 500 1920 perducere
513 1858 577 1922 per
591 1840 717 1905 infiniti
732 1841 842 1904 seculi
854 1840 889 1903 di
905 1841 1026 1903 seculi.
1043 1838 1169 1903 Amen.

244 1946 300 2009 Da
314 1946 466 2011 Ferrara
484 1948 542 2010 alii
556 1946 597 2010 28
611 1946 647 2011 di
661 1945 864 2011 Nouembro
883 1945 970 2010 1554.

427 2053 472 2117 D.
488 2052 533 2117 V.
553 2052 595 2118 R.
612 2054 650 2117 P.
667 2054 788 2118 inutile
803 2071 919 2133 seru0,

848 2266 1030 2331 Aunnosro
1051 2264 1253 2329 Puntrcnto.

645 2878 959 2964 CCCXXXIII

243 3198 279 3256 P.
296 3196 493 3257 Leonardns
506 3197 628 3257 Kessel

278 3295 371 3354 Patri
383 3295 514 3370 ignatio
528 3295 569 3355 de
582 3296 722 3370 Loyola.

315 3392 466 3466 Colonia,
479 3393 516 3454 30
528 3393 731 3454 Novembris
742 3394 811 3454 lubi
824 3394 846 3451 ¹.

771 3599 846 3719 nis

250 3872 373 3936 Gratia
389 3882 425 3936 et
439 3889 511 3952 pax
525 3871 660 3936 Christi
674 3868 819 3933 Domini
833 3868 1028 3932 nobiscum.
1045 3867 1174 3931 Amen.

252 3979 416 4044 Conabor
431 3997 538 4059 quam
552 3987 675 4059 potero
689 3976 867 4055 breuibus
884 3974 961 4038 R.de
977 3975 1013 4038 in
1028 3973 1170 4039 Christo
1184 3972 1241 4051 P.,
1259 3989 1422 4055 compre·

190 4087 345 4150 hendere
361 4104 414 4164 ea,
431 4103 522 4166 quae
537 4085 710 4149 Dominus
725 4082 887 4164 Optimus
907 4081 1083 4145 Maximus
1103 4080 1180 4145 istis
1202 4080 1239 4143 in
1256 4080 1424 4161 partibus

191 4196 259 4257 hoc
274 4210 395 4257 mense
410 4192 603 4255 Nouembri
618 4191 760 4272 operari
774 4189 941 4271 dignatus
956 4196 1021 4269 est,
1039 4188 1084 4252 ad
1101 4187 1254 4267 gloriam
1268 4188 1325 4251 sui
1339 4205 1423 4252 san-

190 4300 340 4363 ctissimi
355 4299 519 4362 nominis.

232 4510 239 4541 ¹
272 4507 459 4561 Autogrsphse
470 4505 564 4560 duplici
580 4501 837 4549 inroiiosuunnato
847 4509 873 4546 et
883 4503 931 4547 211.
947 4503 996 4546 Est
1006 4508 1033 4546 et
1049 4501 1231 4556 apographum
1240 4500 1322 4545 etism
1337 4500 1366 4545 in
1376 4502 1421 4545 du·

191 4581 251 4632 plici
262 4581 333 4632 folio,
344 4590 386 4622 nn.
397 4578 438 4621 att
447 4584 473 4621 et
483 4577 530 4627 243.
540 4578 566 4622 in
576 4588 627 4631 quo
636 4576 825 4631 aliquantulum
835 4581 923 4619 textus
934 4575 1094 4618 immutntnr.
1104 4584 1169 4628 quas
1178 4571 1377 4619 immutationes
1387 4574 1423 4617 sd

191 4653 302 4706 paginae
313 4653 411 4696 calcem
423 4650 518 4694 italicis
526 4649 723 4693 characteribus
733 4646 916 4691 describemus.
