3210 5392
596 447 659 505 ΑΝ.
681 447 751 506 1555
1232 443 1287 503 425

91 607 171 654 rem
185 591 326 654 habere.
341 591 500 655 Fecisset
514 591 665 655 sortasse
679 590 938 654 P.Franciscus
958 607 1049 670 quae
1065 590 1193 652 vellent
1208 589 1284 653 Pla-

90 696 200 772 entini,
216 697 245 760 si
259 697 327 760 sibi
341 697 463 760 liceret
478 715 540 778 per
559 698 799 778 HispalenseS,
820 698 914 776 apud
934 714 1023 776 quos
1045 697 1186 775 agebat:
1211 699 1284 777 qui-

90 821 140 879 ιε,
161 804 228 867 nisi
248 804 303 866 sui
318 821 572 879 successorem,
589 814 626 866 ut
641 803 756 867 suerat
777 804 964 884 pollicitus,
989 802 1184 883 Baptistam
1208 804 1285 866 reli-

90 910 201 988 nisset,
217 912 313 973 nulla
329 912 530 974 reuertendi
544 911 695 973 facultas
711 910 859 973 dabatur
879 910 924 973 ad
943 927 1004 972 eas
1024 927 1081 972 res
1096 909 1285 973 conficien-

90 1033 138 1092 ιε,
152 1034 240 1097 quae
266 1018 420 1080 maxime
441 1018 620 1080 instabant
643 1016 831 1094 Castellae;
854 1016 948 1097 quod
969 1034 1024 1078 ex·
1037 1016 1147 1096 ipsius
1168 1014 1284 1078 Patris

90 1124 168 1185 :eris
188 1123 249 1185 tibi
275 1124 429 1185 arbitror
455 1124 688 1186 notissimum.
711 1122 832 1203 Itaque
858 1122 1105 1185 ardentissimo
1128 1123 1285 1185 ciuitatis

90 1230 232 1293 {siderio
248 1230 414 1293 satisfieri
429 1231 530 1292 aliter
546 1247 617 1293 non
632 1230 756 1310 potuit:
774 1231 870 1293 ciues
885 1239 1003 1292 tamen
1019 1246 1142 1291 omnes
1168 1229 1283 1291 mode·

90 1347 140 1399 rto
162 1338 313 1416 quodam
335 1338 453 1399 animo
473 1338 566 1399 hanc
588 1336 702 1417 ipsam
718 1336 985 1398 excusationem
1007 1345 1230 1415 acceperunt,
1248 1336 1284 1396 li·

95 1444 147 1506 ris
160 1443 196 1506 P.
213 1443 398 1507 Francisci
410 1443 580 1523 majorem
594 1443 630 1505 in
645 1443 787 1506 modum
803 1443 977 1518 delectati,
995 1442 1031 1504 in
1047 1458 1285 1521 magnamque

90 1565 160 1613 >em
170 1552 277 1613 erecti
293 1549 368 1614 fore
384 1551 573 1630 aliquando
590 1560 627 1612 ut
642 1550 714 1612 uoti
729 1559 911 1629 compotes
926 1548 1022 1611 fiant.

126 1656 178 1721 Ad
202 1659 290 1720 haec
316 1658 420 1720 auide
450 1667 684 1738 expectantur
706 1657 902 1719 studiorum
924 1655 1098 1736 auspicia,
1126 1672 1215 1735 quae
1242 1671 1286 1717 ne

90 1763 154 1826 ltra
163 1763 236 1828 Cal.
250 1763 404 1844 Septem.
419 1764 653 1842 proferantur,
669 1763 853 1842 diligenter
869 1763 937 1826 hoc
952 1773 1109 1841 tempore
1125 1770 1283 1824 cauetur.

90 1881 151 1933 unt
163 1888 251 1951 quos
275 1889 370 1934 noua
391 1871 564 1951 quaedam
585 1871 729 1933 incessit
749 1870 877 1949 cupido
899 1870 1029 1933 liberos
1051 1886 1172 1932 omnes
1188 1886 1283 1946 suos,

90 1993 151 2040 uos
164 1980 291 2041 multos
306 1979 406 2040 multi
421 1977 563 2052 habent,
580 1978 683 2040 bonis
697 1977 809 2040 literis
823 1977 1049 2040 informandi:
1066 1987 1146 2039 sunt
1162 1985 1197 2038 et
1212 1975 1283 2052 alii,

90 2099 151 2146 uos
164 2083 293 2149 Christi
308 2102 409 2147 amor
424 2085 473 2147 ita
489 2084 716 2164 permonerit,
732 2094 769 2146 ut
783 2085 903 2146 seculo
916 2084 1024 2146 uelint
1036 2083 1239 2147 renuntiare
1251 2091 1284 2145 et

90 2191 201 2253 tomini
215 2191 361 2254 consilia
377 2190 598 2270 uestigiaque
614 2192 754 2264 sectari;
771 2207 920 2270 quorum
946 2190 1055 2270 aliqui
1070 2205 1285 2269 magnopere

90 2297 234 2360 etierunt
251 2306 287 2360 ut
302 2296 419 2359 aditus
434 2297 500 2359 sibi
521 2308 613 2360 esset
629 2297 675 2359 ad
690 2295 915 2359 Societatem:
939 2296 1038 2358 multi
1054 2306 1172 2358 autem
1186 2294 1285 2375 spiri·

90 2401 148 2464 uia
160 2403 328 2467 exercitia
345 2413 570 2483 acceperunt,
594 2421 613 2466 e
634 2419 782 2482 quorum
802 2419 949 2466 numero
969 2413 1042 2464 tres
1067 2401 1286 2482 potissimum

90 2503 134 2569 iri
142 2518 230 2587 sunt,
247 2520 281 2572 et
297 2510 391 2573 uitae
404 2509 605 2572 conditione
617 2519 651 2571 et
663 2509 824 2589 exemplo
835 2518 1181 2588 praestanteszspero
1193 2507 1286 2587 equi·

90 2630 144 2678 em
155 2617 196 2680 iis
210 2635 232 2680 a
248 2617 349 2679 nobis
363 2617 560 2697 impensam
575 2633 720 2696 operam
732 2615 809 2679 Deo
821 2614 901 2695 Opt.
918 2615 1012 2678 Max.
1027 2632 1097 2678 non
1108 2615 1288 2693 ingratam

90 2730 225 2787 uturam:
242 2723 412 2801 nonnulli,
425 2723 643 2803 spiritalibus
658 2723 837 2785 exercitiis
856 2723 1022 2802 acceptis,
1039 2721 1286 2785 franciscanae

90 2831 204 2903 egulae
219 2847 297 2892 sese
309 2829 533 2892 addixerunt.
550 2827 638 2892 Sunt
660 2829 753 2891 enim
768 2828 871 2908 hujus
886 2828 1019 2891 ordinis
1034 2827 1199 2890 monachi
1214 2827 1286 2906 qui·

94 2946 145 2998 arn
168 2929 388 3014 Placentiae,
415 2936 519 2999 nudis
545 2936 692 3015 pedibus
719 2935 956 3012 ambulantes;
984 2935 1131 2997 undeet
1158 2950 1288 2996 nomen

90 3047 173 3107 >Sum
188 3055 222 3107 et
235 3043 453 3106 differentiae
467 3054 589 3105 notam
604 3042 670 3104 sibi
684 3042 904 3105 inuenerunt:
914 3042 1109 3122 Hispaniae
1125 3039 1287 3102 monacha

90 3138 138 3207 t'ne
151 3149 278 3212 calceis
293 3149 468 3213 dicuntur.
486 3148 533 3212 Hi
548 3167 618 3211 non
634 3150 748 3212 solum
762 3149 871 3212 uerbo
884 3159 917 3211 et
929 3149 1092 3227 exemplo
1104 3147 1288 3227 proximos

90 3261 182 3320 mnes
197 3257 395 3335 aedificant,
413 3256 476 3319 sed
491 3256 665 3319 difficilem
681 3256 789 3319 etiam
807 3266 841 3318 et
861 3256 986 3319 duram
1007 3255 1119 3318 uitam
1141 3262 1289 3333 agentes

90 3361 260 3442 {corpora
282 3373 515 3426 macerantes

121 3468 310 3533 Caeterum
336 3486 502 3548 magnum
529 3469 651 3532 habuit
677 3469 734 3532 hic
760 3487 873 3532 annus
892 3468 1103 3531 deuotarum
1122 3468 1289 3532 foemina-

90 3579 140 3638 un
151 3586 373 3655 prouentum.
392 3574 572 3638 Honestae
594 3575 733 3654 quidem
749 3588 783 3638 et
798 3578 988 3655 locupletes
1004 3575 1287 3639 adolescentulae

90 3683 203 3746 reiter
228 3683 497 3763 quinquaginta,
518 3683 573 3745 uel
594 3683 712 3762 potius
732 3682 930 3761 sexaginta,
953 3683 1079 3762 quibus
1098 3683 1232 3745 nobiles
1256 3692 1290 3746 et

90 3788 244 3851 ³euniosi
260 3799 425 3868 parentes
441 3789 664 3869 patrimonio,
680 3790 758 3851 loco
775 3799 808 3851 et
823 3798 938 3851 aetate
960 3806 1066 3868 pares
1082 3789 1178 3851 uiros
1193 3790 1288 3852 inue-

90 3898 200 3974 erant,
231 3905 367 3958 mutato
393 3895 557 3973 consilio,
584 3894 667 3957 lorti
696 3895 848 3974 quodam
884 3904 917 3956 et
953 3895 1131 3957 constanti
1158 3895 1287 3972 anim0,

90 3988 202 4064 bristo
222 4003 355 4065 nubere
380 4003 591 4080 maluerunt,
613 4002 648 4063 in
669 4019 734 4064 sua
755 4002 815 4063 illa
838 4001 1041 4080 integritate
1057 4013 1224 4080 perpetuo
1240 4001 1290 4062 ui·

94 4115 196 4170 urae.
214 4107 394 4187 Quotquot
409 4118 490 4171 sunt
504 4108 653 4187 singulis
664 4107 905 4181 hebdomadis
919 4109 954 4170 in
966 4109 1035 4169 hoc
1048 4117 1169 4170 nostro
1182 4107 1291 4169 sacel-

97 4252 106 4280 ›
129 4214 361 4278 confessionis
375 4224 409 4276 et
425 4215 682 4277 communionis
698 4227 922 4277 sacramenta
939 4215 1175 4292 frequentant.
1193 4212 1291 4277 Prin·

90 4319 158 4389 Dio
171 4332 347 4401 parenteS,
365 4338 514 4400 quorum
531 4322 628 4384 multi
644 4322 764 4399 magni
779 4321 931 4383 nominis
946 4333 1027 4383 sunt
1043 4323 1077 4382 in
1095 4320 1193 4400 Rep,
1210 4338 1290 4400 gra·

90 4416 159 4488 'lter
181 4431 396 4508 molesteque
420 4429 537 4492 ferunt
563 4428 657 4508 quod
685 4428 858 4507 grandem
883 4446 969 4491 suae
997 4429 1144 4508 quisque
1175 4429 1293 4492 dotem

90 4540 321 4616 Jrnparasset,
339 4537 432 4617 quod
447 4535 537 4599 filias
549 4535 623 4615 jam
645 4535 726 4599 inde
749 4555 769 4598 a
790 4536 941 4616 pueritia
957 4536 992 4598 in
1005 4536 1133 4612 delitiis
1149 4537 1292 4598 educas·

90 4642 139 4696 et:
155 4644 362 4718 procedente
385 4654 502 4706 autem
521 4651 681 4723 tempore
703 4643 844 4706 diuinae
864 4641 1111 4707 Prouidentiae
1128 4642 1295 4705 beneficio

1134 4932 1484 5080 ..Α
