<?xml version="1.0" encoding="UTF-8"?>
<!DOCTYPE html PUBLIC "-//W3C//DTD XHTML 1.0 Transitional//EN"
    "http://www.w3.org/TR/xhtml1/DTD/xhtml1-transitional.dtd">
<html xmlns="http://www.w3.org/1999/xhtml" xml:lang="en" lang="en">
 <head>
  <title>
</title>
<meta http-equiv="Content-Type" content="text/html;charset=utf-8" />
  <meta name='ocr-system' content='tesseract 3.04.00' />
  <meta name='ocr-capabilities' content='ocr_page ocr_carea ocr_par ocr_line ocrx_word'/>
</head>
<body>
  <div class='ocr_page' id='page_1' title='image "./litteraequadrim02jesugoog_0610.png"; bbox 0 0 3210 5392; ppageno 0'>
   <div class='ocr_carea' id='block_1_1' title="bbox 610 373 1394 471">
    <p class='ocr_par' dir='ltr' id='par_1_1' title="bbox 610 373 1394 471">
     <span class='ocr_line' id='line_1_1' title="bbox 610 373 1394 471; baseline 0.003 -2"><span class='ocrx_word' id='word_1_1' title='bbox 610 411 770 469; x_wconf 66' lang='grc'><strong>311131</strong></span> <span class='ocrx_word' id='word_1_2' title='bbox 1253 411 1307 471; x_wconf 82' lang='lat'>599</span> <span class='ocrx_word' id='word_1_3' title='bbox 1388 373 1394 379; x_wconf 41' lang='lat'><strong>⁴</strong></span> 
     </span>
    </p>
   </div>
   <div class='ocr_carea' id='block_1_2' title="bbox 88 556 1375 4696">
    <p class='ocr_par' dir='ltr' id='par_1_2' title="bbox 88 556 1305 1170">
     <span class='ocr_line' id='line_1_2' title="bbox 89 556 1305 637; baseline 0 -18"><span class='ocrx_word' id='word_1_4' title='bbox 89 558 182 620; x_wconf 89' lang='lat' dir='ltr'>tiam</span> <span class='ocrx_word' id='word_1_5' title='bbox 199 556 295 618; x_wconf 53' lang='grc' dir='ltr'><strong>ΒΑΝ-1</strong></span> <span class='ocrx_word' id='word_1_6' title='bbox 313 556 615 636; x_wconf 86' lang='lat' dir='ltr'>Archiepiscopus</span> <span class='ocrx_word' id='word_1_7' title='bbox 635 557 857 630; x_wconf 81' lang='lat' dir='ltr'><strong>Valentinus,</strong></span> <span class='ocrx_word' id='word_1_8' title='bbox 879 558 940 637; x_wconf 91' lang='lat' dir='ltr'>qui</span> <span class='ocrx_word' id='word_1_9' title='bbox 960 559 1061 620; x_wconf 92' lang='lat' dir='ltr'>nobis</span> <span class='ocrx_word' id='word_1_10' title='bbox 1081 557 1146 620; x_wconf 91' lang='lat' dir='ltr'>fuit</span> <span class='ocrx_word' id='word_1_11' title='bbox 1165 574 1305 636; x_wconf 85' lang='lat' dir='ltr'>semper</span> 
     </span>
     <span class='ocr_line' id='line_1_3' title="bbox 88 664 1304 744; baseline 0.001 -18"><span class='ocrx_word' id='word_1_12' title='bbox 88 666 281 738; x_wconf 65' lang='grc' dir='ltr'>Ι1111110135,</span> <span class='ocrx_word' id='word_1_13' title='bbox 297 681 550 744; x_wconf 82' lang='lat' dir='ltr'>saepenumero</span> <span class='ocrx_word' id='word_1_14' title='bbox 566 665 800 743; x_wconf 89' lang='lat' dir='ltr'>eleemosynis</span> <span class='ocrx_word' id='word_1_15' title='bbox 812 683 877 727; x_wconf 91' lang='lat' dir='ltr'>nos</span> <span class='ocrx_word' id='word_1_16' title='bbox 892 665 1065 727; x_wconf 88' lang='lat' dir='ltr'>subuenit:</span> <span class='ocrx_word' id='word_1_17' title='bbox 1084 664 1207 727; x_wconf 90' lang='lat' dir='ltr'>morbo</span> <span class='ocrx_word' id='word_1_18' title='bbox 1222 681 1304 743; x_wconf 91' lang='lat' dir='ltr'>quo·</span> 
     </span>
     <span class='ocr_line' id='line_1_4' title="bbox 92 770 1305 851; baseline -0.001 -18"><span class='ocrx_word' id='word_1_19' title='bbox 92 787 157 833; x_wconf 90' lang='lat' dir='ltr'>am</span> <span class='ocrx_word' id='word_1_20' title='bbox 172 771 358 851; x_wconf 90' lang='lat' dir='ltr'>repentino</span> <span class='ocrx_word' id='word_1_21' title='bbox 374 771 471 833; x_wconf 92' lang='lat' dir='ltr'>hisce</span> <span class='ocrx_word' id='word_1_22' title='bbox 487 771 610 833; x_wconf 90' lang='lat' dir='ltr'>diebus</span> <span class='ocrx_word' id='word_1_23' title='bbox 625 780 821 850; x_wconf 67' lang='lat' dir='ltr'>correptus</span> <span class='ocrx_word' id='word_1_24' title='bbox 839 771 920 833; x_wconf 91' lang='lat' dir='ltr'>huic</span> <span class='ocrx_word' id='word_1_25' title='bbox 932 770 1091 849; x_wconf 83' lang='lat' dir='ltr'>Collegio</span> <span class='ocrx_word' id='word_1_26' title='bbox 1104 771 1197 833; x_wconf 93' lang='lat' dir='ltr'>dono</span> <span class='ocrx_word' id='word_1_27' title='bbox 1209 770 1305 833; x_wconf 86' lang='lat' dir='ltr'>dedit</span> 
     </span>
     <span class='ocr_line' id='line_1_5' title="bbox 92 877 1304 957; baseline 0 -18"><span class='ocrx_word' id='word_1_28' title='bbox 92 878 218 940; x_wconf 89' lang='lat' dir='ltr'>ublica</span> <span class='ocrx_word' id='word_1_29' title='bbox 234 878 444 940; x_wconf 90' lang='lat' dir='ltr'>auctoritate</span> <span class='ocrx_word' id='word_1_30' title='bbox 460 890 493 940; x_wconf 92' lang='lat' dir='ltr'>et</span> <span class='ocrx_word' id='word_1_31' title='bbox 513 879 689 956; x_wconf 88' lang='lat' dir='ltr'>scriptura</span> <span class='ocrx_word' id='word_1_32' title='bbox 705 877 774 939; x_wconf 92' lang='lat' dir='ltr'>duo</span> <span class='ocrx_word' id='word_1_33' title='bbox 795 878 901 939; x_wconf 90' lang='lat' dir='ltr'>millia</span> <span class='ocrx_word' id='word_1_34' title='bbox 925 888 959 940; x_wconf 89' lang='lat' dir='ltr'>et</span> <span class='ocrx_word' id='word_1_35' title='bbox 973 878 1186 957; x_wconf 82' lang='lat' dir='ltr'>quingentos</span> <span class='ocrx_word' id='word_1_36' title='bbox 1207 894 1304 939; x_wconf 91' lang='lat' dir='ltr'>num-</span> 
     </span>
     <span class='ocr_line' id='line_1_6' title="bbox 88 982 1304 1067; baseline -0.002 -20"><span class='ocrx_word' id='word_1_37' title='bbox 88 1001 303 1047; x_wconf 82' lang='lat' dir='ltr'>rosaurcos.</span> <span class='ocrx_word' id='word_1_38' title='bbox 320 982 511 1063; x_wconf 87' lang='lat' dir='ltr'>Speramus</span> <span class='ocrx_word' id='word_1_39' title='bbox 526 994 644 1046; x_wconf 87' lang='lat' dir='ltr'>tamen</span> <span class='ocrx_word' id='word_1_40' title='bbox 656 984 725 1046; x_wconf 91' lang='lat' dir='ltr'>cito</span> <span class='ocrx_word' id='word_1_41' title='bbox 742 984 776 1046; x_wconf 94' lang='lat' dir='ltr'>in</span> <span class='ocrx_word' id='word_1_42' title='bbox 793 984 976 1067; x_wconf 90' lang='lat' dir='ltr'>pristinam</span> <span class='ocrx_word' id='word_1_43' title='bbox 988 985 1137 1047; x_wconf 89' lang='lat' dir='ltr'>salutem</span> <span class='ocrx_word' id='word_1_44' title='bbox 1153 984 1304 1061; x_wconf 90' lang='lat' dir='ltr'>restitui,</span> 
     </span>
     <span class='ocr_line' id='line_1_7' title="bbox 89 1091 603 1170; baseline -0.01 -17"><span class='ocrx_word' id='word_1_45' title='bbox 89 1101 104 1153; x_wconf 92' lang='lat' dir='ltr'>t</span> <span class='ocrx_word' id='word_1_46' title='bbox 122 1092 236 1154; x_wconf 91' lang='lat' dir='ltr'>multo</span> <span class='ocrx_word' id='word_1_47' title='bbox 250 1092 353 1170; x_wconf 88' lang='lat' dir='ltr'>plura</span> <span class='ocrx_word' id='word_1_48' title='bbox 367 1091 423 1153; x_wconf 92' lang='lat' dir='ltr'>his</span> <span class='ocrx_word' id='word_1_49' title='bbox 438 1091 603 1153; x_wconf 89' lang='lat' dir='ltr'>tribuere.</span> 
     </span>
    </p>

    <p class='ocr_par' dir='ltr' id='par_1_3' title="bbox 89 1196 1375 4353">
     <span class='ocr_line' id='line_1_8' title="bbox 134 1196 1302 1277; baseline -0.002 -18"><span class='ocrx_word' id='word_1_50' title='bbox 134 1196 285 1276; x_wconf 88' lang='lat' dir='ltr'>Reliqua</span> <span class='ocrx_word' id='word_1_51' title='bbox 300 1198 439 1260; x_wconf 93' lang='lat' dir='ltr'>silentio</span> <span class='ocrx_word' id='word_1_52' title='bbox 455 1208 652 1277; x_wconf 87' lang='lat' dir='ltr'>praetereo:</span> <span class='ocrx_word' id='word_1_53' title='bbox 671 1207 706 1260; x_wconf 91' lang='lat' dir='ltr'>at</span> <span class='ocrx_word' id='word_1_54' title='bbox 721 1215 786 1259; x_wconf 92' lang='lat' dir='ltr'>nos</span> <span class='ocrx_word' id='word_1_55' title='bbox 806 1213 928 1259; x_wconf 83' lang='lat' dir='ltr'>omnes</span> <span class='ocrx_word' id='word_1_56' title='bbox 944 1197 1000 1259; x_wconf 90' lang='lat' dir='ltr'>hic</span> <span class='ocrx_word' id='word_1_57' title='bbox 1020 1206 1116 1259; x_wconf 90' lang='lat' dir='ltr'>recte</span> <span class='ocrx_word' id='word_1_58' title='bbox 1131 1198 1302 1260; x_wconf 90' lang='lat' dir='ltr'>valemus:</span> 
     </span>
     <span class='ocr_line' id='line_1_9' title="bbox 89 1303 1302 1384; baseline -0.001 -17"><span class='ocrx_word' id='word_1_59' title='bbox 89 1306 316 1384; x_wconf 58' lang='lat' dir='ltr'>anusquisque</span> <span class='ocrx_word' id='word_1_60' title='bbox 331 1307 514 1383; x_wconf 88' lang='lat' dir='ltr'>praeclare</span> <span class='ocrx_word' id='word_1_61' title='bbox 529 1323 594 1367; x_wconf 91' lang='lat' dir='ltr'>suo</span> <span class='ocrx_word' id='word_1_62' title='bbox 610 1303 724 1366; x_wconf 86' lang='lat' dir='ltr'>officio</span> <span class='ocrx_word' id='word_1_63' title='bbox 737 1304 906 1383; x_wconf 84' lang='lat' dir='ltr'>fungitur:</span> <span class='ocrx_word' id='word_1_64' title='bbox 923 1304 1127 1367; x_wconf 86' lang='lat' dir='ltr'>scholastici</span> <span class='ocrx_word' id='word_1_65' title='bbox 1142 1321 1213 1367; x_wconf 93' lang='lat' dir='ltr'>non</span> <span class='ocrx_word' id='word_1_66' title='bbox 1235 1320 1302 1366; x_wconf 90' lang='lat' dir='ltr'>me·</span> 
     </span>
     <span class='ocr_line' id='line_1_10' title="bbox 89 1404 1304 1492; baseline 0 -18"><span class='ocrx_word' id='word_1_67' title='bbox 89 1413 187 1475; x_wconf 63' lang='lat' dir='ltr'>,iocri</span> <span class='ocrx_word' id='word_1_68' title='bbox 200 1412 394 1491; x_wconf 83' lang='lat' dir='ltr'>diligentia,</span> <span class='ocrx_word' id='word_1_69' title='bbox 411 1410 581 1491; x_wconf 89' lang='lat' dir='ltr'>profectu,</span> <span class='ocrx_word' id='word_1_70' title='bbox 596 1430 638 1474; x_wconf 90' lang='lat' dir='ltr'>ac</span> <span class='ocrx_word' id='word_1_71' title='bbox 651 1413 824 1492; x_wconf 87' lang='lat' dir='ltr'>exemplo,</span> <span class='ocrx_word' id='word_1_72' title='bbox 838 1404 924 1474; x_wconf 89' lang='lat' dir='ltr'>dant</span> <span class='ocrx_word' id='word_1_73' title='bbox 936 1428 1080 1490; x_wconf 87' lang='lat' dir='ltr'>operam</span> <span class='ocrx_word' id='word_1_74' title='bbox 1092 1411 1215 1475; x_wconf 86' lang='lat' dir='ltr'>literis:</span> <span class='ocrx_word' id='word_1_75' title='bbox 1230 1423 1304 1474; x_wconf 91' lang='lat' dir='ltr'>tum</span> 
     </span>
     <span class='ocr_line' id='line_1_11' title="bbox 92 1517 1302 1598; baseline 0 -18"><span class='ocrx_word' id='word_1_76' title='bbox 92 1528 107 1580; x_wconf 94' lang='lat' dir='ltr'>t</span> <span class='ocrx_word' id='word_1_77' title='bbox 127 1518 266 1592; x_wconf 88' lang='lat' dir='ltr'>Patres,</span> <span class='ocrx_word' id='word_1_78' title='bbox 287 1517 387 1597; x_wconf 84' lang='lat' dir='ltr'>juxta</span> <span class='ocrx_word' id='word_1_79' title='bbox 409 1518 536 1580; x_wconf 91' lang='lat' dir='ltr'>virium</span> <span class='ocrx_word' id='word_1_80' title='bbox 559 1529 736 1596; x_wconf 88' lang='lat' dir='ltr'>naturam,</span> <span class='ocrx_word' id='word_1_81' title='bbox 758 1518 902 1598; x_wconf 87' lang='lat' dir='ltr'>quilibet</span> <span class='ocrx_word' id='word_1_82' title='bbox 928 1518 1076 1595; x_wconf 88' lang='lat' dir='ltr'>laborat,</span> <span class='ocrx_word' id='word_1_83' title='bbox 1101 1517 1192 1595; x_wconf 91' lang='lat' dir='ltr'>(aliis</span> <span class='ocrx_word' id='word_1_84' title='bbox 1211 1518 1302 1580; x_wconf 90' lang='lat' dir='ltr'>enim</span> 
     </span>
     <span class='ocr_line' id='line_1_12' title="bbox 89 1625 1375 1706; baseline 0 -19"><span class='ocrx_word' id='word_1_85' title='bbox 89 1626 231 1702; x_wconf 81' lang='lat' dir='ltr'>missis)</span> <span class='ocrx_word' id='word_1_86' title='bbox 246 1626 333 1687; x_wconf 88' lang='lat' dir='ltr'>alter</span> <span class='ocrx_word' id='word_1_87' title='bbox 350 1642 472 1687; x_wconf 88' lang='lat' dir='ltr'>corum</span> <span class='ocrx_word' id='word_1_88' title='bbox 488 1627 596 1687; x_wconf 88' lang='lat' dir='ltr'>semel</span> <span class='ocrx_word' id='word_1_89' title='bbox 611 1625 794 1687; x_wconf 90' lang='lat' dir='ltr'>cuiusdam</span> <span class='ocrx_word' id='word_1_90' title='bbox 810 1626 962 1688; x_wconf 91' lang='lat' dir='ltr'>hominis</span> <span class='ocrx_word' id='word_1_91' title='bbox 981 1625 1161 1689; x_wconf 88' lang='lat' dir='ltr'>sarcinam</span> <span class='ocrx_word' id='word_1_92' title='bbox 1181 1642 1304 1706; x_wconf 88' lang='lat' dir='ltr'>pecca·</span> <span class='ocrx_word' id='word_1_93' title='bbox 1370 1694 1375 1702; x_wconf 55' lang='grc'>,</span> 
     </span>
     <span class='ocr_line' id='line_1_13' title="bbox 89 1731 1303 1812; baseline 0 -19"><span class='ocrx_word' id='word_1_94' title='bbox 89 1749 192 1794; x_wconf 89' lang='lat' dir='ltr'>orum</span> <span class='ocrx_word' id='word_1_95' title='bbox 208 1748 271 1810; x_wconf 89' lang='lat' dir='ltr'>per</span> <span class='ocrx_word' id='word_1_96' title='bbox 286 1732 544 1795; x_wconf 88' lang='lat' dir='ltr'>confessionem</span> <span class='ocrx_word' id='word_1_97' title='bbox 563 1731 710 1809; x_wconf 88' lang='lat' dir='ltr'>audiuit,</span> <span class='ocrx_word' id='word_1_98' title='bbox 728 1733 827 1794; x_wconf 92' lang='lat' dir='ltr'>cuius</span> <span class='ocrx_word' id='word_1_99' title='bbox 847 1749 996 1794; x_wconf 86' lang='lat' dir='ltr'>vxorem</span> <span class='ocrx_word' id='word_1_100' title='bbox 1018 1734 1213 1794; x_wconf 91' lang='lat' dir='ltr'>maleuolus</span> <span class='ocrx_word' id='word_1_101' title='bbox 1233 1732 1303 1812; x_wconf 90' lang='lat' dir='ltr'>qui-</span> 
     </span>
     <span class='ocr_line' id='line_1_14' title="bbox 89 1837 1304 1919; baseline 0 -21"><span class='ocrx_word' id='word_1_102' title='bbox 89 1837 158 1900; x_wconf 90' lang='lat' dir='ltr'>lam</span> <span class='ocrx_word' id='word_1_103' title='bbox 172 1849 352 1916; x_wconf 84' lang='lat' dir='ltr'>rapuerat,</span> <span class='ocrx_word' id='word_1_104' title='bbox 374 1856 443 1919; x_wconf 90' lang='lat' dir='ltr'>qua</span> <span class='ocrx_word' id='word_1_105' title='bbox 466 1848 687 1918; x_wconf 90' lang='lat' dir='ltr'>recuperata,</span> <span class='ocrx_word' id='word_1_106' title='bbox 709 1838 912 1901; x_wconf 86' lang='lat' dir='ltr'>Valentiam</span> <span class='ocrx_word' id='word_1_107' title='bbox 935 1856 972 1900; x_wconf 91' lang='lat' dir='ltr'>se</span> <span class='ocrx_word' id='word_1_108' title='bbox 996 1838 1141 1918; x_wconf 71' lang='lat' dir='ltr'>recepit,</span> <span class='ocrx_word' id='word_1_109' title='bbox 1164 1838 1226 1900; x_wconf 91' lang='lat' dir='ltr'>sed</span> <span class='ocrx_word' id='word_1_110' title='bbox 1246 1837 1304 1899; x_wconf 89' lang='lat' dir='ltr'>ille</span> 
     </span>
     <span class='ocr_line' id='line_1_15' title="bbox 89 1945 1304 2025; baseline 0 -19"><span class='ocrx_word' id='word_1_111' title='bbox 89 1955 154 2007; x_wconf 74' lang='lat' dir='ltr'>»ost</span> <span class='ocrx_word' id='word_1_112' title='bbox 169 1961 233 2007; x_wconf 90' lang='lat' dir='ltr'>eos</span> <span class='ocrx_word' id='word_1_113' title='bbox 247 1945 313 2006; x_wconf 90' lang='lat' dir='ltr'>iter</span> <span class='ocrx_word' id='word_1_114' title='bbox 328 1946 503 2024; x_wconf 91' lang='lat' dir='ltr'>arripiens</span> <span class='ocrx_word' id='word_1_115' title='bbox 515 1945 702 2008; x_wconf 88' lang='lat' dir='ltr'>Valentiae</span> <span class='ocrx_word' id='word_1_116' title='bbox 714 1945 856 2025; x_wconf 90' lang='lat' dir='ltr'>reperit,</span> <span class='ocrx_word' id='word_1_117' title='bbox 869 1962 992 2007; x_wconf 91' lang='lat' dir='ltr'>eorum</span> <span class='ocrx_word' id='word_1_118' title='bbox 1004 1945 1099 2007; x_wconf 91' lang='lat' dir='ltr'>viam</span> <span class='ocrx_word' id='word_1_119' title='bbox 1112 1953 1146 2007; x_wconf 88' lang='lat' dir='ltr'>et</span> <span class='ocrx_word' id='word_1_120' title='bbox 1162 1945 1304 2006; x_wconf 88' lang='lat' dir='ltr'>ianuam</span> 
     </span>
     <span class='ocr_line' id='line_1_16' title="bbox 89 2050 1304 2131; baseline -0.001 -19"><span class='ocrx_word' id='word_1_121' title='bbox 89 2061 182 2114; x_wconf 84' lang='lat' dir='ltr'>roctu</span> <span class='ocrx_word' id='word_1_122' title='bbox 196 2050 454 2131; x_wconf 82' lang='lat' dir='ltr'>frequentabat,</span> <span class='ocrx_word' id='word_1_123' title='bbox 471 2070 576 2131; x_wconf 89' lang='lat' dir='ltr'>quem</span> <span class='ocrx_word' id='word_1_124' title='bbox 587 2054 677 2114; x_wconf 86' lang='lat' dir='ltr'>alter</span> <span class='ocrx_word' id='word_1_125' title='bbox 690 2054 835 2115; x_wconf 90' lang='lat' dir='ltr'>moleste</span> <span class='ocrx_word' id='word_1_126' title='bbox 846 2051 976 2129; x_wconf 77' lang='lat' dir='ltr'>ferenS,</span> <span class='ocrx_word' id='word_1_127' title='bbox 989 2052 1043 2114; x_wconf 92' lang='lat' dir='ltr'>bis</span> <span class='ocrx_word' id='word_1_128' title='bbox 1055 2061 1116 2114; x_wconf 90' lang='lat' dir='ltr'>aut</span> <span class='ocrx_word' id='word_1_129' title='bbox 1132 2060 1185 2113; x_wconf 91' lang='lat' dir='ltr'>ter</span> <span class='ocrx_word' id='word_1_130' title='bbox 1197 2067 1304 2112; x_wconf 91' lang='lat' dir='ltr'>manu</span> 
     </span>
     <span class='ocr_line' id='line_1_17' title="bbox 90 2157 1304 2238; baseline 0 -19"><span class='ocrx_word' id='word_1_131' title='bbox 90 2167 214 2221; x_wconf 55' lang='lat' dir='ltr'>,rmata</span> <span class='ocrx_word' id='word_1_132' title='bbox 240 2175 323 2220; x_wconf 91' lang='lat' dir='ltr'>ensc</span> <span class='ocrx_word' id='word_1_133' title='bbox 345 2158 547 2238; x_wconf 84' lang='lat' dir='ltr'>evaginat0,</span> <span class='ocrx_word' id='word_1_134' title='bbox 572 2159 682 2221; x_wconf 92' lang='lat' dir='ltr'>voluit</span> <span class='ocrx_word' id='word_1_135' title='bbox 708 2158 909 2233; x_wconf 81' lang='lat' dir='ltr'>confodere,</span> <span class='ocrx_word' id='word_1_136' title='bbox 934 2168 1092 2235; x_wconf 92' lang='lat' dir='ltr'>tempore</span> <span class='ocrx_word' id='word_1_137' title='bbox 1111 2168 1145 2221; x_wconf 90' lang='lat' dir='ltr'>et</span> <span class='ocrx_word' id='word_1_138' title='bbox 1169 2158 1246 2219; x_wconf 93' lang='lat' dir='ltr'>loco</span> <span class='ocrx_word' id='word_1_139' title='bbox 1269 2157 1304 2219; x_wconf 88' lang='lat' dir='ltr'>id</span> 
     </span>
     <span class='ocr_line' id='line_1_18' title="bbox 89 2263 1304 2344; baseline 0.005 -24"><span class='ocrx_word' id='word_1_140' title='bbox 89 2264 380 2343; x_wconf 72' lang='lat' dir='ltr'>tersuadentibus3</span> <span class='ocrx_word' id='word_1_141' title='bbox 402 2277 507 2327; x_wconf 90' lang='lat' dir='ltr'>antea</span> <span class='ocrx_word' id='word_1_142' title='bbox 527 2283 612 2328; x_wconf 93' lang='lat' dir='ltr'>vero</span> <span class='ocrx_word' id='word_1_143' title='bbox 632 2283 671 2329; x_wconf 90' lang='lat' dir='ltr'>se</span> <span class='ocrx_word' id='word_1_144' title='bbox 691 2266 736 2329; x_wconf 92' lang='lat' dir='ltr'>ad</span> <span class='ocrx_word' id='word_1_145' title='bbox 757 2266 900 2329; x_wconf 90' lang='lat' dir='ltr'>Patrem</span> <span class='ocrx_word' id='word_1_146' title='bbox 916 2265 1075 2340; x_wconf 92' lang='lat' dir='ltr'>contulit,</span> <span class='ocrx_word' id='word_1_147' title='bbox 1097 2263 1304 2344; x_wconf 90' lang='lat' dir='ltr'>perturbato</span> 
     </span>
     <span class='ocr_line' id='line_1_19' title="bbox 90 2369 1304 2452; baseline -0.001 -19"><span class='ocrx_word' id='word_1_148' title='bbox 90 2371 195 2433; x_wconf 78' lang='lat' dir='ltr'>‚nimo</span> <span class='ocrx_word' id='word_1_149' title='bbox 212 2369 353 2448; x_wconf 89' lang='lat' dir='ltr'>dicens,</span> <span class='ocrx_word' id='word_1_150' title='bbox 377 2389 415 2433; x_wconf 92' lang='lat' dir='ltr'>se</span> <span class='ocrx_word' id='word_1_151' title='bbox 436 2389 506 2434; x_wconf 91' lang='lat' dir='ltr'>non</span> <span class='ocrx_word' id='word_1_152' title='bbox 526 2389 630 2451; x_wconf 91' lang='lat' dir='ltr'>posse</span> <span class='ocrx_word' id='word_1_153' title='bbox 649 2374 842 2450; x_wconf 89' lang='lat' dir='ltr'>continere,</span> <span class='ocrx_word' id='word_1_154' title='bbox 866 2373 950 2452; x_wconf 92' lang='lat' dir='ltr'>quin</span> <span class='ocrx_word' id='word_1_155' title='bbox 968 2370 1010 2435; x_wconf 90' lang='lat' dir='ltr'>de</span> <span class='ocrx_word' id='word_1_156' title='bbox 1033 2390 1074 2435; x_wconf 92' lang='lat' dir='ltr'>eo</span> <span class='ocrx_word' id='word_1_157' title='bbox 1094 2371 1304 2451; x_wconf 91' lang='lat' dir='ltr'>supplicium</span> 
     </span>
     <span class='ocr_line' id='line_1_20' title="bbox 90 2477 1302 2557; baseline 0.006 -24"><span class='ocrx_word' id='word_1_158' title='bbox 90 2477 229 2557; x_wconf 70' lang='lat' dir='ltr'>tropriis</span> <span class='ocrx_word' id='word_1_159' title='bbox 244 2478 405 2540; x_wconf 89' lang='lat' dir='ltr'>manibus</span> <span class='ocrx_word' id='word_1_160' title='bbox 419 2488 584 2541; x_wconf 89' lang='lat' dir='ltr'>sumeret.</span> <span class='ocrx_word' id='word_1_161' title='bbox 601 2478 707 2542; x_wconf 90' lang='lat' dir='ltr'>Pater</span> <span class='ocrx_word' id='word_1_162' title='bbox 718 2497 805 2543; x_wconf 91' lang='lat' dir='ltr'>vero</span> <span class='ocrx_word' id='word_1_163' title='bbox 818 2497 898 2542; x_wconf 90' lang='lat' dir='ltr'>eum</span> <span class='ocrx_word' id='word_1_164' title='bbox 910 2479 1089 2542; x_wconf 92' lang='lat' dir='ltr'>hominem</span> <span class='ocrx_word' id='word_1_165' title='bbox 1100 2478 1302 2554; x_wconf 90' lang='lat' dir='ltr'>accersiuit,</span> 
     </span>
     <span class='ocr_line' id='line_1_21' title="bbox 90 2582 1303 2666; baseline 0 -20"><span class='ocrx_word' id='word_1_166' title='bbox 90 2601 178 2664; x_wconf 62' lang='lat' dir='ltr'>ruem</span> <span class='ocrx_word' id='word_1_167' title='bbox 194 2585 240 2647; x_wconf 92' lang='lat' dir='ltr'>ad</span> <span class='ocrx_word' id='word_1_168' title='bbox 255 2582 514 2647; x_wconf 91' lang='lat' dir='ltr'>confessionem</span> <span class='ocrx_word' id='word_1_169' title='bbox 528 2587 749 2665; x_wconf 91' lang='lat' dir='ltr'>prouocauit,</span> <span class='ocrx_word' id='word_1_170' title='bbox 763 2587 821 2666; x_wconf 92' lang='lat' dir='ltr'>qui</span> <span class='ocrx_word' id='word_1_171' title='bbox 836 2595 871 2648; x_wconf 89' lang='lat' dir='ltr'>et</span> <span class='ocrx_word' id='word_1_172' title='bbox 885 2584 982 2649; x_wconf 91' lang='lat' dir='ltr'>Patri</span> <span class='ocrx_word' id='word_1_173' title='bbox 1001 2586 1105 2649; x_wconf 90' lang='lat' dir='ltr'>fidem</span> <span class='ocrx_word' id='word_1_174' title='bbox 1127 2585 1303 2665; x_wconf 90' lang='lat' dir='ltr'>praestitit</span> 
     </span>
     <span class='ocr_line' id='line_1_22' title="bbox 90 2681 1304 2773; baseline 0.003 -24"><span class='ocrx_word' id='word_1_175' title='bbox 90 2681 221 2754; x_wconf 72' lang='grc' dir='ltr'>1111111110Ι</span> <span class='ocrx_word' id='word_1_176' title='bbox 234 2691 330 2754; x_wconf 90' lang='lat' dir='ltr'>viam</span> <span class='ocrx_word' id='word_1_177' title='bbox 344 2709 466 2755; x_wconf 89' lang='lat' dir='ltr'>eorum</span> <span class='ocrx_word' id='word_1_178' title='bbox 481 2709 552 2754; x_wconf 94' lang='lat' dir='ltr'>non</span> <span class='ocrx_word' id='word_1_179' title='bbox 567 2693 773 2772; x_wconf 89' lang='lat' dir='ltr'>praeterire,</span> <span class='ocrx_word' id='word_1_180' title='bbox 791 2703 897 2773; x_wconf 89' lang='lat' dir='ltr'>atque</span> <span class='ocrx_word' id='word_1_181' title='bbox 911 2694 1089 2756; x_wconf 90' lang='lat' dir='ltr'>sublatum</span> <span class='ocrx_word' id='word_1_182' title='bbox 1103 2702 1157 2755; x_wconf 90' lang='lat' dir='ltr'>est</span> <span class='ocrx_word' id='word_1_183' title='bbox 1168 2692 1304 2772; x_wconf 85' lang='lat' dir='ltr'>pericu-</span> 
     </span>
     <span class='ocr_line' id='line_1_23' title="bbox 90 2798 1302 2880; baseline -0.001 -19"><span class='ocrx_word' id='word_1_184' title='bbox 90 2815 146 2861; x_wconf 90' lang='lat' dir='ltr'>um</span> <span class='ocrx_word' id='word_1_185' title='bbox 160 2798 325 2860; x_wconf 89' lang='lat' dir='ltr'>lnteritus</span> <span class='ocrx_word' id='word_1_186' title='bbox 339 2799 523 2878; x_wconf 90' lang='lat' dir='ltr'>vtriusque</span> <span class='ocrx_word' id='word_1_187' title='bbox 539 2810 572 2862; x_wconf 92' lang='lat' dir='ltr'>et</span> <span class='ocrx_word' id='word_1_188' title='bbox 589 2799 721 2862; x_wconf 88' lang='lat' dir='ltr'>vxoris.</span> <span class='ocrx_word' id='word_1_189' title='bbox 746 2799 836 2862; x_wconf 89' lang='lat' dir='ltr'>Tum</span> <span class='ocrx_word' id='word_1_190' title='bbox 851 2817 937 2862; x_wconf 93' lang='lat' dir='ltr'>vero</span> <span class='ocrx_word' id='word_1_191' title='bbox 952 2800 996 2863; x_wconf 91' lang='lat' dir='ltr'>de</span> <span class='ocrx_word' id='word_1_192' title='bbox 1011 2798 1165 2880; x_wconf 89' lang='lat' dir='ltr'>quadam</span> <span class='ocrx_word' id='word_1_193' title='bbox 1185 2798 1302 2860; x_wconf 89' lang='lat' dir='ltr'>mulie·</span> 
     </span>
     <span class='ocr_line' id='line_1_24' title="bbox 90 2904 1302 2984; baseline -0.001 -17"><span class='ocrx_word' id='word_1_194' title='bbox 90 2922 124 2981; x_wconf 88' lang='lat' dir='ltr'>e,</span> <span class='ocrx_word' id='word_1_195' title='bbox 141 2921 234 2984; x_wconf 90' lang='lat' dir='ltr'>quae</span> <span class='ocrx_word' id='word_1_196' title='bbox 249 2904 366 2967; x_wconf 91' lang='lat' dir='ltr'>virum</span> <span class='ocrx_word' id='word_1_197' title='bbox 380 2922 483 2968; x_wconf 89' lang='lat' dir='ltr'>suum</span> <span class='ocrx_word' id='word_1_198' title='bbox 497 2906 542 2968; x_wconf 91' lang='lat' dir='ltr'>ab</span> <span class='ocrx_word' id='word_1_199' title='bbox 557 2907 627 2968; x_wconf 94' lang='lat' dir='ltr'>alio</span> <span class='ocrx_word' id='word_1_200' title='bbox 643 2905 775 2969; x_wconf 90' lang='lat' dir='ltr'>fecerat</span> <span class='ocrx_word' id='word_1_201' title='bbox 789 2906 951 2983; x_wconf 88' lang='lat' dir='ltr'>interfici,</span> <span class='ocrx_word' id='word_1_202' title='bbox 968 2916 1081 2969; x_wconf 88' lang='lat' dir='ltr'>mater</span> <span class='ocrx_word' id='word_1_203' title='bbox 1103 2905 1302 2984; x_wconf 90' lang='lat' dir='ltr'>interempti</span> 
     </span>
     <span class='ocr_line' id='line_1_25' title="bbox 90 3009 1302 3090; baseline 0 -18"><span class='ocrx_word' id='word_1_204' title='bbox 90 3010 171 3089; x_wconf 80' lang='lat' dir='ltr'>tpud</span> <span class='ocrx_word' id='word_1_205' title='bbox 183 3009 338 3090; x_wconf 76' lang='lat' dir='ltr'>iudicem</span> <span class='ocrx_word' id='word_1_206' title='bbox 352 3012 546 3074; x_wconf 88' lang='lat' dir='ltr'>vindictam</span> <span class='ocrx_word' id='word_1_207' title='bbox 561 3013 808 3076; x_wconf 89' lang='lat' dir='ltr'>incunctanter</span> <span class='ocrx_word' id='word_1_208' title='bbox 824 3013 1037 3090; x_wconf 91' lang='lat' dir='ltr'>postulabat,</span> <span class='ocrx_word' id='word_1_209' title='bbox 1055 3029 1124 3074; x_wconf 91' lang='lat' dir='ltr'>non</span> <span class='ocrx_word' id='word_1_210' title='bbox 1140 3012 1216 3074; x_wconf 90' lang='lat' dir='ltr'>sine</span> <span class='ocrx_word' id='word_1_211' title='bbox 1231 3027 1302 3074; x_wconf 92' lang='lat' dir='ltr'>ma·</span> 
     </span>
     <span class='ocr_line' id='line_1_26' title="bbox 90 3118 1300 3198; baseline 0.001 -19"><span class='ocrx_word' id='word_1_212' title='bbox 90 3133 144 3190; x_wconf 80' lang='grc'><strong>,113</strong></span> <span class='ocrx_word' id='word_1_213' title='bbox 160 3118 216 3180; x_wconf 92' lang='lat' dir='ltr'>sui</span> <span class='ocrx_word' id='word_1_214' title='bbox 232 3119 339 3181; x_wconf 88' lang='lat' dir='ltr'>animi</span> <span class='ocrx_word' id='word_1_215' title='bbox 361 3119 510 3197; x_wconf 88' lang='lat' dir='ltr'>iactura,</span> <span class='ocrx_word' id='word_1_216' title='bbox 531 3129 566 3182; x_wconf 90' lang='lat' dir='ltr'>et</span> <span class='ocrx_word' id='word_1_217' title='bbox 587 3120 676 3183; x_wconf 89' lang='lat' dir='ltr'>alter</span> <span class='ocrx_word' id='word_1_218' title='bbox 698 3119 949 3197; x_wconf 64' lang='lat' dir='ltr'>confessarius</span> <span class='ocrx_word' id='word_1_219' title='bbox 966 3138 1011 3182; x_wconf 86' lang='lat' dir='ltr'>ex</span> <span class='ocrx_word' id='word_1_220' title='bbox 1025 3120 1169 3194; x_wconf 89' lang='lat' dir='ltr'>nostris,</span> <span class='ocrx_word' id='word_1_221' title='bbox 1187 3136 1208 3180; x_wconf 94' lang='lat' dir='ltr'>a</span> <span class='ocrx_word' id='word_1_222' title='bbox 1223 3134 1300 3198; x_wconf 91' lang='lat' dir='ltr'>pro·</span> 
     </span>
     <span class='ocr_line' id='line_1_27' title="bbox 90 3224 1302 3308; baseline 0.001 -22"><span class='ocrx_word' id='word_1_223' title='bbox 90 3224 188 3287; x_wconf 85' lang='lat' dir='ltr'>osito</span> <span class='ocrx_word' id='word_1_224' title='bbox 203 3226 379 3303; x_wconf 89' lang='lat' dir='ltr'>evocauit,</span> <span class='ocrx_word' id='word_1_225' title='bbox 396 3227 497 3289; x_wconf 91' lang='lat' dir='ltr'>cuius</span> <span class='ocrx_word' id='word_1_226' title='bbox 512 3244 684 3307; x_wconf 88' lang='lat' dir='ltr'>persuasu</span> <span class='ocrx_word' id='word_1_227' title='bbox 699 3228 849 3290; x_wconf 88' lang='lat' dir='ltr'>crimina</span> <span class='ocrx_word' id='word_1_228' title='bbox 861 3227 1033 3308; x_wconf 89' lang='lat' dir='ltr'>deposuit,</span> <span class='ocrx_word' id='word_1_229' title='bbox 1050 3237 1084 3289; x_wconf 92' lang='lat' dir='ltr'>et</span> <span class='ocrx_word' id='word_1_230' title='bbox 1099 3225 1302 3306; x_wconf 90' lang='lat' dir='ltr'>frequenter</span> 
     </span>
     <span class='ocr_line' id='line_1_28' title="bbox 91 3331 1301 3414; baseline 0.003 -23"><span class='ocrx_word' id='word_1_231' title='bbox 91 3347 191 3394; x_wconf 86' lang='lat' dir='ltr'>acere</span> <span class='ocrx_word' id='word_1_232' title='bbox 211 3332 345 3394; x_wconf 89' lang='lat' dir='ltr'>statuit.</span> <span class='ocrx_word' id='word_1_233' title='bbox 367 3332 526 3396; x_wconf 88' lang='lat' dir='ltr'>Alteram</span> <span class='ocrx_word' id='word_1_234' title='bbox 548 3343 733 3412; x_wconf 88' lang='lat' dir='ltr'>praeterea</span> <span class='ocrx_word' id='word_1_235' title='bbox 753 3333 798 3396; x_wconf 90' lang='lat' dir='ltr'>ad</span> <span class='ocrx_word' id='word_1_236' title='bbox 820 3335 1002 3414; x_wconf 91' lang='lat' dir='ltr'>proprium</span> <span class='ocrx_word' id='word_1_237' title='bbox 1021 3333 1137 3396; x_wconf 88' lang='lat' dir='ltr'>virum</span> <span class='ocrx_word' id='word_1_238' title='bbox 1152 3331 1236 3396; x_wconf 91' lang='lat' dir='ltr'>fecit</span> <span class='ocrx_word' id='word_1_239' title='bbox 1250 3349 1301 3395; x_wconf 92' lang='lat' dir='ltr'>re·</span> 
     </span>
     <span class='ocr_line' id='line_1_29' title="bbox 91 3439 1301 3520; baseline 0.002 -21"><span class='ocrx_word' id='word_1_240' title='bbox 91 3447 226 3516; x_wconf 78' lang='lat' dir='ltr'>lettere,</span> <span class='ocrx_word' id='word_1_241' title='bbox 244 3456 333 3519; x_wconf 89' lang='lat' dir='ltr'>quae</span> <span class='ocrx_word' id='word_1_242' title='bbox 352 3457 414 3518; x_wconf 91' lang='lat' dir='ltr'>per</span> <span class='ocrx_word' id='word_1_243' title='bbox 436 3442 554 3520; x_wconf 90' lang='lat' dir='ltr'>plures</span> <span class='ocrx_word' id='word_1_244' title='bbox 574 3457 687 3503; x_wconf 91' lang='lat' dir='ltr'>annos</span> <span class='ocrx_word' id='word_1_245' title='bbox 708 3457 790 3504; x_wconf 92' lang='lat' dir='ltr'>cum</span> <span class='ocrx_word' id='word_1_246' title='bbox 810 3442 879 3505; x_wconf 90' lang='lat' dir='ltr'>alio</span> <span class='ocrx_word' id='word_1_247' title='bbox 894 3441 1066 3504; x_wconf 87' lang='lat' dir='ltr'>effrenata</span> <span class='ocrx_word' id='word_1_248' title='bbox 1080 3440 1231 3515; x_wconf 82' lang='lat' dir='ltr'>vixerat,</span> <span class='ocrx_word' id='word_1_249' title='bbox 1256 3439 1301 3502; x_wconf 88' lang='lat' dir='ltr'>ei·</span> 
     </span>
     <span class='ocr_line' id='line_1_30' title="bbox 91 3543 1302 3626; baseline 0.002 -20"><span class='ocrx_word' id='word_1_250' title='bbox 91 3545 224 3624; x_wconf 89' lang='lat' dir='ltr'>lemque</span> <span class='ocrx_word' id='word_1_251' title='bbox 245 3543 341 3607; x_wconf 90' lang='lat' dir='ltr'>Patri</span> <span class='ocrx_word' id='word_1_252' title='bbox 362 3547 437 3608; x_wconf 89' lang='lat' dir='ltr'>sine</span> <span class='ocrx_word' id='word_1_253' title='bbox 459 3564 559 3609; x_wconf 91' lang='lat' dir='ltr'>mora</span> <span class='ocrx_word' id='word_1_254' title='bbox 578 3557 727 3626; x_wconf 90' lang='lat' dir='ltr'>peccata</span> <span class='ocrx_word' id='word_1_255' title='bbox 746 3549 917 3610; x_wconf 90' lang='lat' dir='ltr'>narrauit:</span> <span class='ocrx_word' id='word_1_256' title='bbox 941 3548 1047 3610; x_wconf 88' lang='grc'><strong>3113111</strong></span> <span class='ocrx_word' id='word_1_257' title='bbox 1069 3548 1190 3611; x_wconf 89' lang='lat' dir='ltr'>itidem</span> <span class='ocrx_word' id='word_1_258' title='bbox 1210 3546 1302 3610; x_wconf 90' lang='lat' dir='ltr'>idem</span> 
     </span>
     <span class='ocr_line' id='line_1_31' title="bbox 91 3649 1302 3735; baseline 0.004 -23"><span class='ocrx_word' id='word_1_259' title='bbox 91 3649 178 3713; x_wconf 86' lang='lat' dir='ltr'>&#39;ater</span> <span class='ocrx_word' id='word_1_260' title='bbox 193 3651 384 3714; x_wconf 90' lang='lat' dir='ltr'>foeminam</span> <span class='ocrx_word' id='word_1_261' title='bbox 392 3652 531 3732; x_wconf 88' lang='lat' dir='ltr'>jurgiis,</span> <span class='ocrx_word' id='word_1_262' title='bbox 545 3653 683 3717; x_wconf 90' lang='lat' dir='ltr'>iniuriis</span> <span class='ocrx_word' id='word_1_263' title='bbox 695 3665 801 3735; x_wconf 89' lang='lat' dir='ltr'>atque</span> <span class='ocrx_word' id='word_1_264' title='bbox 813 3655 1019 3718; x_wconf 89' lang='lat' dir='ltr'>verberibus</span> <span class='ocrx_word' id='word_1_265' title='bbox 1031 3656 1100 3718; x_wconf 93' lang='lat' dir='ltr'>viri</span> <span class='ocrx_word' id='word_1_266' title='bbox 1115 3654 1302 3735; x_wconf 82' lang='lat' dir='ltr'>fatigatam</span> 
     </span>
     <span class='ocr_line' id='line_1_32' title="bbox 91 3758 1301 3841; baseline 0.003 -22"><span class='ocrx_word' id='word_1_267' title='bbox 91 3758 221 3836; x_wconf 87' lang='lat' dir='ltr'>olatur,</span> <span class='ocrx_word' id='word_1_268' title='bbox 238 3774 342 3836; x_wconf 90' lang='lat' dir='ltr'>quem</span> <span class='ocrx_word' id='word_1_269' title='bbox 357 3759 428 3821; x_wconf 85' lang='lat' dir='ltr'>iarn</span> <span class='ocrx_word' id='word_1_270' title='bbox 447 3759 645 3840; x_wconf 90' lang='lat' dir='ltr'>relinquere</span> <span class='ocrx_word' id='word_1_271' title='bbox 666 3770 911 3841; x_wconf 88' lang='lat' dir='ltr'>proposuerat,</span> <span class='ocrx_word' id='word_1_272' title='bbox 934 3761 1002 3824; x_wconf 92' lang='lat' dir='ltr'>nisi</span> <span class='ocrx_word' id='word_1_273' title='bbox 1021 3761 1137 3824; x_wconf 89' lang='lat' dir='ltr'>Patris</span> <span class='ocrx_word' id='word_1_274' title='bbox 1153 3761 1301 3824; x_wconf 90' lang='lat' dir='ltr'>consilio</span> 
     </span>
     <span class='ocr_line' id='line_1_33' title="bbox 92 3863 1300 3946; baseline 0.002 -21"><span class='ocrx_word' id='word_1_275' title='bbox 92 3863 308 3944; x_wconf 90' lang='lat' dir='ltr'>esipisceret,</span> <span class='ocrx_word' id='word_1_276' title='bbox 325 3865 430 3928; x_wconf 92' lang='lat' dir='ltr'>modo</span> <span class='ocrx_word' id='word_1_277' title='bbox 446 3883 532 3928; x_wconf 87' lang='lat' dir='ltr'>vero</span> <span class='ocrx_word' id='word_1_278' title='bbox 548 3867 697 3946; x_wconf 82' lang='lat' dir='ltr'>singulis</span> <span class='ocrx_word' id='word_1_279' title='bbox 712 3865 898 3930; x_wconf 90' lang='lat' dir='ltr'>dominicis</span> <span class='ocrx_word' id='word_1_280' title='bbox 913 3867 1035 3930; x_wconf 91' lang='lat' dir='ltr'>diebus</span> <span class='ocrx_word' id='word_1_281' title='bbox 1050 3867 1095 3930; x_wconf 87' lang='lat' dir='ltr'>ad</span> <span class='ocrx_word' id='word_1_282' title='bbox 1111 3867 1300 3930; x_wconf 84' lang='lat' dir='ltr'>confessio-</span> 
     </span>
     <span class='ocr_line' id='line_1_34' title="bbox 91 3971 1299 4053; baseline 0.002 -20"><span class='ocrx_word' id='word_1_283' title='bbox 91 3988 153 4034; x_wconf 82' lang='lat' dir='ltr'>rem</span> <span class='ocrx_word' id='word_1_284' title='bbox 168 3971 318 4034; x_wconf 88' lang='lat' dir='ltr'>accedit:</span> <span class='ocrx_word' id='word_1_285' title='bbox 335 3972 371 4034; x_wconf 94' lang='lat' dir='ltr'>in</span> <span class='ocrx_word' id='word_1_286' title='bbox 385 3972 439 4035; x_wconf 91' lang='lat' dir='ltr'>his</span> <span class='ocrx_word' id='word_1_287' title='bbox 455 3989 541 4035; x_wconf 90' lang='lat' dir='ltr'>sane</span> <span class='ocrx_word' id='word_1_288' title='bbox 556 3982 662 4053; x_wconf 88' lang='lat' dir='ltr'>atque</span> <span class='ocrx_word' id='word_1_289' title='bbox 679 3973 713 4036; x_wconf 92' lang='lat' dir='ltr'>in</span> <span class='ocrx_word' id='word_1_290' title='bbox 728 3973 808 4036; x_wconf 88' lang='lat' dir='ltr'>aliis</span> <span class='ocrx_word' id='word_1_291' title='bbox 826 3973 862 4036; x_wconf 92' lang='lat' dir='ltr'>id</span> <span class='ocrx_word' id='word_1_292' title='bbox 883 3989 996 4052; x_wconf 82' lang='lat' dir='ltr'>genus</span> <span class='ocrx_word' id='word_1_293' title='bbox 1011 3974 1130 4036; x_wconf 92' lang='lat' dir='ltr'>multis</span> <span class='ocrx_word' id='word_1_294' title='bbox 1146 3972 1299 4051; x_wconf 88' lang='lat' dir='ltr'>(Christo</span> 
     </span>
     <span class='ocr_line' id='line_1_35' title="bbox 91 4077 1298 4159; baseline 0.004 -23"><span class='ocrx_word' id='word_1_295' title='bbox 91 4077 227 4157; x_wconf 87' lang='lat' dir='ltr'>uspice)</span> <span class='ocrx_word' id='word_1_296' title='bbox 243 4079 275 4140; x_wconf 93' lang='lat' dir='ltr'>is</span> <span class='ocrx_word' id='word_1_297' title='bbox 289 4077 393 4141; x_wconf 89' lang='lat' dir='ltr'>Pater</span> <span class='ocrx_word' id='word_1_298' title='bbox 415 4087 590 4157; x_wconf 69' lang='lat' dir='ltr'>versatus</span> <span class='ocrx_word' id='word_1_299' title='bbox 608 4080 713 4143; x_wconf 92' lang='lat' dir='ltr'>modo</span> <span class='ocrx_word' id='word_1_300' title='bbox 735 4080 771 4143; x_wconf 91' lang='lat' dir='ltr'>in</span> <span class='ocrx_word' id='word_1_301' title='bbox 785 4078 982 4159; x_wconf 67' lang='lat' dir='ltr'>sacrificiis</span> <span class='ocrx_word' id='word_1_302' title='bbox 1005 4098 1097 4144; x_wconf 91' lang='lat' dir='ltr'>nunc</span> <span class='ocrx_word' id='word_1_303' title='bbox 1112 4081 1298 4144; x_wconf 87' lang='lat' dir='ltr'>exhortan-</span> 
     </span>
     <span class='ocr_line' id='line_1_36' title="bbox 91 4185 1297 4266; baseline 0.002 -20"><span class='ocrx_word' id='word_1_304' title='bbox 91 4185 128 4262; x_wconf 93' lang='lat' dir='ltr'>lo,</span> <span class='ocrx_word' id='word_1_305' title='bbox 143 4201 238 4247; x_wconf 90' lang='lat' dir='ltr'>nune</span> <span class='ocrx_word' id='word_1_306' title='bbox 255 4185 290 4246; x_wconf 92' lang='lat' dir='ltr'>in</span> <span class='ocrx_word' id='word_1_307' title='bbox 304 4195 610 4249; x_wconf 90' lang='lat' dir='ltr'>sacramentorum</span> <span class='ocrx_word' id='word_1_308' title='bbox 626 4186 864 4266; x_wconf 90' lang='lat' dir='ltr'>poenitentiae</span> <span class='ocrx_word' id='word_1_309' title='bbox 882 4205 924 4250; x_wconf 88' lang='lat' dir='ltr'>ac</span> <span class='ocrx_word' id='word_1_310' title='bbox 941 4186 1187 4250; x_wconf 89' lang='lat' dir='ltr'>Eucharistiae</span> <span class='ocrx_word' id='word_1_311' title='bbox 1200 4187 1297 4250; x_wconf 90' lang='lat' dir='ltr'>mini·</span> 
     </span>
     <span class='ocr_line' id='line_1_37' title="bbox 92 4290 190 4353; baseline -0.01 0"><span class='ocrx_word' id='word_1_312' title='bbox 92 4290 190 4353; x_wconf 90' lang='lat' dir='ltr'>terio.</span> 
     </span>
    </p>

    <p class='ocr_par' dir='ltr' id='par_1_4' title="bbox 92 4395 1298 4696">
     <span class='ocr_line' id='line_1_38' title="bbox 130 4395 1298 4480; baseline 0.005 -22"><span class='ocrx_word' id='word_1_313' title='bbox 130 4395 203 4459; x_wconf 91' lang='lat' dir='ltr'>Nec</span> <span class='ocrx_word' id='word_1_314' title='bbox 229 4396 265 4459; x_wconf 92' lang='lat' dir='ltr'>id</span> <span class='ocrx_word' id='word_1_315' title='bbox 289 4397 427 4461; x_wconf 92' lang='lat' dir='ltr'>silentio</span> <span class='ocrx_word' id='word_1_316' title='bbox 452 4401 663 4479; x_wconf 89' lang='lat' dir='ltr'>praeteribo,</span> <span class='ocrx_word' id='word_1_317' title='bbox 690 4402 784 4480; x_wconf 94' lang='lat' dir='ltr'>quod</span> <span class='ocrx_word' id='word_1_318' title='bbox 805 4399 921 4464; x_wconf 89' lang='lat' dir='ltr'>Patris</span> <span class='ocrx_word' id='word_1_319' title='bbox 946 4401 1103 4464; x_wconf 86' lang='lat' dir='ltr'>eiusdem</span> <span class='ocrx_word' id='word_1_320' title='bbox 1127 4400 1298 4465; x_wconf 90' lang='lat' dir='ltr'>beneficio</span> 
     </span>
     <span class='ocr_line' id='line_1_39' title="bbox 92 4503 1298 4586; baseline 0.006 -22"><span class='ocrx_word' id='word_1_321' title='bbox 92 4503 230 4582; x_wconf 77' lang='lat' dir='ltr'>optigit,</span> <span class='ocrx_word' id='word_1_322' title='bbox 247 4519 384 4567; x_wconf 89' lang='lat' dir='ltr'>summa</span> <span class='ocrx_word' id='word_1_323' title='bbox 401 4507 494 4568; x_wconf 89' lang='lat' dir='ltr'>enim</span> <span class='ocrx_word' id='word_1_324' title='bbox 513 4523 585 4569; x_wconf 91' lang='lat' dir='ltr'>non</span> <span class='ocrx_word' id='word_1_325' title='bbox 606 4524 729 4586; x_wconf 89' lang='lat' dir='ltr'>parua,</span> <span class='ocrx_word' id='word_1_326' title='bbox 752 4509 859 4570; x_wconf 91' lang='lat' dir='ltr'>multo</span> <span class='ocrx_word' id='word_1_327' title='bbox 881 4516 962 4570; x_wconf 90' lang='lat' dir='ltr'>ante</span> <span class='ocrx_word' id='word_1_328' title='bbox 978 4507 1107 4586; x_wconf 87' lang='lat' dir='ltr'>debita,</span> <span class='ocrx_word' id='word_1_329' title='bbox 1129 4507 1298 4571; x_wconf 87' lang='lat' dir='ltr'>creditori</span> 
     </span>
     <span class='ocr_line' id='line_1_40' title="bbox 94 4606 1295 4696; baseline 0.007 -27"><span class='ocrx_word' id='word_1_330' title='bbox 94 4606 208 4672; x_wconf 90' lang='lat' dir='ltr'>eddita</span> <span class='ocrx_word' id='word_1_331' title='bbox 225 4621 291 4673; x_wconf 89' lang='lat' dir='ltr'>est.</span> <span class='ocrx_word' id='word_1_332' title='bbox 308 4609 398 4673; x_wconf 90' lang='lat' dir='ltr'>Tum</span> <span class='ocrx_word' id='word_1_333' title='bbox 416 4629 502 4674; x_wconf 89' lang='lat' dir='ltr'>vero</span> <span class='ocrx_word' id='word_1_334' title='bbox 517 4612 725 4676; x_wconf 87' lang='lat' dir='ltr'>adolescens</span> <span class='ocrx_word' id='word_1_335' title='bbox 747 4614 943 4677; x_wconf 90' lang='lat' dir='ltr'>concubina</span> <span class='ocrx_word' id='word_1_336' title='bbox 958 4615 1149 4694; x_wconf 90' lang='lat' dir='ltr'>inuolutus,</span> <span class='ocrx_word' id='word_1_337' title='bbox 1165 4616 1295 4696; x_wconf 87' lang='lat' dir='ltr'>praesi-</span> 
     </span>
    </p>
   </div>
   <div class='ocr_carea' id='block_1_3' title="bbox 0 0 1610 5392">
    <p class='ocr_par' dir='ltr' id='par_1_5' title="bbox 0 0 1610 5392">
     <span class='ocr_line' id='line_1_41' title="bbox 0 0 1610 5392; baseline 0 0"><span class='ocrx_word' id='word_1_338' title='bbox 0 0 1610 5392; x_wconf 95' lang='lat' dir='ltr'> </span> 
     </span>
    </p>
   </div>
  </div>
 </body>
</html>
