3240 5386
186 420 242 479 478
573 421 1028 486 erreaaaouanmussrxas

188 568 308 646 Atque
317 566 495 646 praesidio
508 567 619 630 diuini
630 567 784 630 numinis
799 565 965 644 munitae,
975 583 1040 646 pro
1051 565 1160 629 nihilo
1171 563 1309 627 habitis
1319 541 1501 627 mu‘s'

189 673 224 735 di
235 674 485 753 uoluptatibus,
500 674 822 737 animaduertentes
835 672 984 736 arduum
996 689 1084 751 esse,
1095 689 1176 735 cum
1187 671 1329 750 regulis
1341 671 1442 733 dra·
1458 643 1501 707 f

190 780 406 861 conibusque
420 781 624 860 habitand0,
649 798 726 843 sese
742 782 900 859 integras
919 796 1064 844 seruare
1085 778 1241 855 Christo,
1264 747 1501 841 medico-²⁴

191 904 268 950 rum
283 888 468 951 consilium
484 889 721 969 exploserunt,
740 887 979 968 commorique
990 885 1211 967 inreligione
1223 885 1360 965 potius,
1374 884 1414 947 in·
1462 882 1482 899 ‘
1498 887 1501 894 “

190 1004 243 1057 ter
255 1011 339 1057 suas
351 996 386 1057 in
399 994 540 1058 Christo
553 1012 706 1074 sororeS,
718 1013 824 1076 quam
838 1011 919 1058 cum
931 992 1204 1073 consanguineis
1216 993 1254 1055 in
1270 990 1414 1067 mundo,
1494 1002 1501 1011 ·

186 1100 277 1164 inter
289 1101 463 1164 lenocinia
475 1112 508 1164 et
520 1101 706 1164 blandities
717 1101 956 1181 praesentium
972 1101 1205 1181 uoluptatum,
1220 1099 1411 1163 conuiuere

184 1207 384 1270 maluerunt
395 1217 673 1288 statueruntque.
682 1207 759 1271 Hoc
772 1209 880 1287 igitur
892 1207 1008 1271 studio
1020 1210 1194 1283 excultae,
1203 1206 1275 1269 hac
1288 1206 1414 1268 uirtute

186 1323 323 1392 septae,
350 1314 576 1395 maximaque
602 1332 720 1377 rerum
745 1314 946 1378 diuinarum
968 1314 1182 1394 cognitione,
1215 1311 1273 1375 sui
1304 1311 1411 1392 ipsius

187 1420 412 1499 despectione
437 1430 471 1484 et
490 1420 612 1500 gaudii
632 1421 832 1501 perfusione
852 1423 1023 1498 uallatae,
1049 1420 1162 1484 morbi
1184 1418 1417 1483 afflictionem

189 1544 301 1607 aequo
317 1527 435 1590 animo
453 1526 646 1607 perferunt.
667 1527 803 1591 Harum
818 1545 889 1590 vna
909 1545 929 1589 e
944 1528 1019 1590 uita
1033 1528 1101 1590 hac
1114 1525 1225 1590 foelix
1238 1524 1417 1604 demigra-

190 1635 251 1712 uit,
268 1651 375 1714 quam
386 1635 527 1714 quidem
539 1634 639 1712 alias,
650 1634 721 1697 iam
736 1643 826 1698 tetro
839 1635 960 1697 morbo
972 1642 1170 1714 corruptas,
1183 1632 1320 1712 exiguo
1334 1643 1419 1695 tem·

190 1758 276 1820 pore
292 1750 546 1804 consecuturas
558 1758 754 1821 speramus

248 1846 341 1909 Inter
361 1848 530 1927 plurimas
552 1857 586 1910 et
611 1847 732 1910 uarias
751 1864 894 1925 causaS,
917 1848 1044 1928 quibus
1066 1855 1210 1910 nostrae
1224 1845 1423 1912 Societatis

188 1954 344 2031 cognitio
369 1954 541 2030 obruitur,
566 1954 724 2016 haeresis
747 1971 817 2016 vna
836 1963 900 2031 est,
923 1971 994 2034 qua
1014 1954 1120 2034 (quod
1138 1953 1296 2034 perspici
1312 1953 1420 2016 facile

188 2061 315 2139 potest)
341 2062 428 2123 haec
451 2071 547 2123 terra
568 2071 692 2123 scatet.
716 2060 804 2123 luud
817 2061 1046 2124 nihilominus
1067 2061 1224 2137 (diuinae
1242 2061 1421 2124 bonitatis

187 2165 421 2247 prouidentia)
436 2168 662 2247 sperandum:
678 2168 744 2230 hos
760 2169 856 2231 ciues
871 2168 983 2231 nostri
998 2168 1146 2245 ordiniS,
1171 2168 1341 2248 uitaeque
1360 2183 1420 2247 ge·

187 2275 283 2335 neris
306 2291 458 2353 capaces
478 2275 608 2337 sensim
631 2292 672 2337 ac
691 2273 905 2353 pedetentim
930 2273 1142 2352 efficiendos
1166 2274 1210 2336 ab
1231 2292 1349 2354 eoque
1375 2272 1421 2337 ad

189 2380 451 2463 percipiendam
466 2380 765 2460 excolendamque
779 2382 946 2444 uirtutem
960 2381 1150 2460 plurimum
1164 2381 1358 2444 iuuandos.

249 2486 387 2550 Pascha
408 2488 569 2565 proxime
591 2487 734 2568 delapso
749 2504 822 2549 non
836 2488 1006 2563 exiguum
1030 2485 1276 2550 confitentium
1302 2504 1424 2551 nume·

188 2612 268 2657 rum
283 2595 328 2657 ad
342 2593 449 2656 Dalm
470 2593 684 2673 Episcopum
709 2593 866 2657 D.¹¹¹¹¹¹²‘1ue
890 2594 1135 2672 Inquisitorem
1153 2592 1282 2657 Patres
1307 2595 1424 2658 nostri

189 2703 336 2764 missum
357 2711 537 2779 curarunt,
557 2711 595 2763 ut
611 2699 783 2781 quosdam
797 2699 902 2763 fidem
916 2701 1166 2780 impugnantes
1180 2700 1421 2766 denunciaret

192 2807 422 2887 deferretque.
444 2807 511 2869 Hic
537 2825 687 2888 namque
705 2811 932 2888 promulgata
951 2808 1016 2872 fuit
1037 2809 1365 2871 excommunicatio
1387 2810 1423 2871 in

189 2914 278 2992 illos,
296 2915 355 2993 qui
375 2915 553 2976 hominem
569 2914 706 2977 haeresi
722 2917 973 2979 adhaerentem
988 2927 1241 2995 pernoscentes
1260 2933 1337 2978 non
1353 2928 1425 2978 sta·

188 3021 251 3083 tim
276 3031 474 3099 retegerent
498 3022 659 3100 apudque
687 3023 838 3085 iudicem
857 3022 1034 3085 deferrent
1057 3021 1077 3080 ¹.
1104 3021 1172 3085 Sed
1195 3022 1265 3084 heu
1295 3037 1430 3085 morta·

188 3129 272 3190 lium
288 3123 533 3189 temeritatem!
560 3129 627 3189 heu
647 3130 883 3191 execrandam
899 3130 1161 3207 arrogantiam!
1178 3140 1265 3208 quot
1283 3141 1320 3192 et
1336 3148 1430 3210 quos

188 3235 331 3296 humani
356 3235 498 3311 generis
523 3235 696 3312 pessimus
712 3236 833 3312 hostiS,
850 3236 886 3297 in
901 3237 992 3297 hanc
1009 3237 1426 3300 excommunicationem

187 3341 314 3401 misere
340 3341 574 3418 prolabenteS,
598 3341 729 3402 adhoc
750 3351 887 3419 tempus
911 3342 1040 3403 inuasit
1070 3359 1113 3403 ac
1139 3342 1376 3407 deuastavit:
1408 3346 1433 3407 ii

187 3463 451 3526 nonnunquam,
468 3456 669 3509 nostrorum
686 3446 829 3509 Patrum
846 3448 1152 3510 adhortationibus
1174 3463 1434 3528 occurrentes,

189 3570 226 3615 se
241 3554 345 3614 malle
358 3550 569 3614 Sanctorum
595 3554 744 3615 eeclesia
759 3554 897 3616 uiduari
913 3555 945 3632 (o
960 3555 1161 3616 miserabile
1176 3555 1263 3634 quid
1275 3558 1302 3631 1)
1321 3574 1435 3635 quam

188 3660 370 3721 hominum
391 3661 508 3736 gratia
529 3660 647 3721 orbari
664 3660 885 3739 respondent.
904 3659 1088 3723 Orandum
1107 3678 1172 3740 pro
1198 3662 1251 3724 eis
1280 3680 1434 3729 censeo.

247 3765 383 3828 Verum
398 3783 462 3826 nec
479 3765 521 3825 ob
537 3766 582 3839 id,
601 3767 659 3845 qui
681 3767 782 3827 nobis
797 3765 913 3828 affecti
931 3768 966 3828 in
982 3769 1120 3829 cunctis
1136 3769 1241 3830 rebus
1257 3782 1436 3835 nostram

189 3873 337 3934 salutem
354 3882 526 3951 quaerunt
543 3882 647 3951 atque
669 3874 845 3934 exanimo
862 3872 1021 3949 olierunt,
1040 3874 1075 3935 in
1090 3874 1158 3935 hac
1174 3875 1264 3937 urbe
1282 3877 1435 3942 desunt.

188 3978 281 4040 Inter
308 3995 396 4057 quos
417 3977 726 4054 uigilantissimum
746 3978 928 4040 Pastorem
953 3980 1014 4041 tibi
1040 3988 1209 4043 testatum
1234 3987 1434 4057 uolumus,

189 4085 247 4164 qui
263 4084 370 4145 semel
385 4084 578 4163 quaesitus
596 4083 737 4144 admota
760 4082 832 4144 Det
849 4083 984 4146 Vicarii
1010 4103 1087 4165 ope,
1106 4087 1365 4153 authenticam
1382 4107 1440 4154 at-

188 4191 422 4268 testationem,
448 4190 563 4267 sigillo
584 4189 775 4267 sigillatam
786 4191 988 4269 episcopali,
1010 4193 1211 4255 consectam
1230 4194 1351 4259 dedit:
1372 4217 1433 4279 pe.

188 4314 294 4375 quam
320 4313 419 4357 suam
447 4297 599 4357 lucidam
621 4313 662 4356 ac
684 4295 820 4356 fidelem
842 4296 884 4357 de
906 4298 973 4358 hac
997 4295 1176 4360 Societate
1199 4301 1440 4379 opinionem,

189 4403 246 4465 ubi
263 4403 442 4481 cognitam
458 4403 571 4480 ipsam
587 4402 758 4479 habuerit,
775 4404 1058 4481 praeclarissime
1074 4405 1236 4483 prolecto
1250 4413 1436 4477 ostendit.

229 4641 236 4672 ¹
266 4642 403 4692 deferrent
415 4640 517 4693 scripsit
528 4640 653 4681 Polancus
663 4639 704 4681 ubi
716 4638 784 4681 aliud
797 4646 853 4681 erat
867 4642 982 4692 verbum,
994 4643 1061 4695 quod
1074 4644 1123 4697 legi
1134 4646 1189 4699 jhm
1202 4659 1252 4691 non
1267 4660 1375 4704 potest.
