3210 5392
179 483 233 541 716
566 481 737 541 errunns
757 495 1027 550 ounnnrussrttss

181 639 390 707 peruentum
418 637 492 705 est,
525 639 709 708 acceptum
736 645 757 689 a
787 624 939 689 Domino
963 625 1174 689 beneficium
1198 626 1377 705 intelligunt,

181 734 364 815 eidemque
378 735 515 814 gratias
530 750 638 813 agere
653 751 833 815 nunquam
858 732 1043 796 desistunt.
1069 732 1196 797 Patres
1215 733 1340 807 deinde,
1352 734 1379 796 io

183 857 272 920 quos
287 842 438 905 fortasse
454 841 628 921 principio
651 840 808 903 nonnihil
830 840 993 902 acerbius
1018 839 1277 918 excogitarunt,
1298 839 1378 902 vehe-

182 947 291 1010 menti
310 948 380 1010 iam
405 965 525 1010 amore
550 957 821 1028 prosequuntur.
839 944 876 1010 Si
891 946 935 1009 ab
955 947 1035 1009 aliis
1053 946 1199 1024 (dicunt)
1221 955 1289 1009 tam
1309 946 1380 1008 serio

181 1071 240 1116 res
254 1064 431 1133 ageretur,
448 1054 541 1116 bona
556 1070 640 1133 pars
655 1053 930 1117 adolescentium
946 1070 1018 1116 non
1031 1053 1068 1115 in
1080 1061 1132 1115 tot
1146 1053 1236 1116 vitia
1250 1052 1377 1133 prolabe-

183 1169 314 1223 rentur.
332 1160 453 1240 ltaque
465 1160 675 1241 posthabitis
689 1161 781 1224 ludis
805 1169 910 1241 atque
936 1160 1025 1238 aliiS,
1053 1159 1239 1240 inquibus
1262 1159 1380 1238 turpiter

183 1274 322 1347 tempus
336 1267 577 1345 conterebant,
595 1267 680 1330 nihil
695 1267 765 1330 iam
781 1266 999 1330 arbitrantur
1010 1265 1211 1343 iucundius,
1223 1281 1323 1346 neque
1331 1262 1379 1324 rti·

184 1374 262 1452 lius,
280 1391 385 1455 quam
399 1373 547 1437 feriatos
559 1374 634 1438 dies
650 1372 929 1437 confessionibus
949 1382 983 1436 et
998 1354 1113 1436 sacris
1132 1384 1167 1436 et
1185 1371 1380 1436 concionibus

185 1480 370 1543 audiendis
380 1480 569 1543 insumere.
586 1479 663 1543 Hoc
678 1497 734 1543 me
756 1489 851 1543 certe
873 1478 962 1543 adeo
988 1491 1118 1558 mouet,
1145 1491 1185 1543 vt
1210 1479 1380 1555 nescioquo

185 1595 291 1666 pacto
306 1587 495 1667 aliquando
512 1586 671 1650 inuidere
693 1587 839 1665 soleam,
861 1597 900 1650 ut
918 1587 971 1649 sic
993 1586 1156 1666 dixerim,
1178 1595 1303 1649 tantam
1318 1583 1380 1646 isto·

185 1710 264 1756 rum
279 1695 315 1757 in
330 1693 483 1756 Domino
499 1693 716 1757 felicitatem.
739 1695 884 1758 Utinam
899 1695 955 1756 vel
970 1693 1052 1756 hinc
1064 1693 1139 1773 ipse
1156 1693 1330 1773 compellar
1338 1686 1380 1748 de·

187 1802 327 1880 plorare
349 1801 461 1881 elapsi
485 1801 654 1881 temporis
680 1803 866 1879 iacturam,
897 1818 938 1863 ac
968 1801 1054 1863 mihi
1082 1801 1151 1882 ipsi
1179 1802 1214 1863 in
1237 1807 1380 1881 posterum

187 1923 328 1970 cauere.

248 2012 363 2077 Venio
372 2013 416 2076 ad
432 2015 631 2088 conciones
648 2031 739 2094 quae
750 2025 784 2077 et
799 2015 895 2078 domi
910 2016 960 2093 (ut
971 2031 1046 2077 mos
1061 2013 1127 2090 est)
1143 2024 1178 2076 et
1189 2013 1272 2076 foris
1283 2009 1380 2074 haben·

187 2130 255 2184 tur.
272 2119 350 2200 Qua
365 2121 400 2183 in
416 2138 455 2184 re
466 2122 593 2185 mirum
607 2132 660 2185 est
676 2131 845 2203 quantum
859 2123 989 2186 virium
1000 2120 1201 2201 suppeditet
1213 2119 1322 2182 diuina
1333 2116 1381 2176 lar·

187 2227 281 2304 gitas
296 2228 331 2290 in
347 2237 495 2308 vtroque
510 2228 649 2296 homine
666 2228 702 2293 P.
720 2228 933 2292 Prouinciali
950 2227 970 2306 ¹,
987 2228 1047 2308 qui
1062 2229 1199 2291 nullum
1219 2227 1288 2289 sere
1301 2224 1383 2285 inter·

190 2333 295 2397 mittit
310 2333 475 2398 feriatum
489 2335 592 2413 diem,
609 2353 679 2416 quo
701 2346 736 2398 et
756 2353 864 2407 mane
889 2346 923 2399 et
945 2334 1087 2414 vesperi
1113 2333 1314 2397 concionem
1330 2339 1382 2390 non

189 2440 329 2518 habeat,
352 2457 424 2504 non
450 2442 526 2504 sine
541 2441 758 2505 audientium
780 2441 953 2523 frequenti
974 2457 1153 2504 concursu
1178 2449 1213 2502 et
1237 2436 1379 2518 proiectu.

190 2544 278 2610 Illud
303 2549 457 2611 occurrit
483 2548 588 2629 (quod
613 2549 765 2612 sortasse
791 2548 1042 2629 praecipuum).
1070 2546 1166 2610 Inter
1181 2544 1385 2609 canonicoset

190 2653 438 2733 portionarios
456 2672 544 2735 quos
559 2666 701 2733 uocant,
717 2654 821 2718 huius
837 2656 950 2717 almae
971 2653 1143 2717 ecclesiae
1165 2643 1385 2718 Cordubensis,

191 2759 310 2822 multis
323 2759 451 2823 abhinc
477 2762 580 2824 annis
594 2761 777 2824 dissidium
791 2771 856 2838 est,
870 2772 904 2824 et
916 2760 1032 2823 adhuc
1043 2762 1109 2823 sub
1132 2760 1248 2822 iudice
1259 2759 1310 2836 lis,
1321 2765 1388 2836 quae

192 2882 249 2927 res
262 2868 451 2930 multorum
467 2869 638 2931 malorum
653 2879 707 2931 est
721 2868 960 2931 seminarium.
978 2868 1029 2930 Eo
1044 2884 1103 2929 res
1114 2867 1214 2930 venit
1227 2876 1265 2929 vt
1276 2883 1295 2928 a
1308 2862 1389 2928 Patre

190 2971 402 3036 Prouinciali
418 2974 573 3037 studiose
589 2991 662 3037 vna
687 2992 808 3037 omnes
834 2974 1098 3050 contenderent,
1126 2973 1293 3054 priuatim
1315 2965 1392 3033 eade

191 3097 228 3142 re
243 3080 279 3142 in
294 3081 460 3160 capitulo,
477 3081 536 3142 vbi
551 3082 662 3144 solent
675 3080 878 3152 convenire,
891 3081 1001 3142 verba
1013 3079 1159 3142 faceret.
1175 3079 1298 3160 Coepit
1312 3087 1395 3155 atque

191 3186 226 3248 id
242 3187 367 3250 iterum
384 3205 425 3250 ac
439 3188 581 3267 saepius
593 3198 632 3251 vt
646 3187 706 3250 liat
722 3190 912 3266 postulant.
931 3186 1018 3267 Spes
1033 3197 1087 3248 est
1103 3186 1262 3249 futurum
1277 3195 1314 3248 vt
1328 3185 1399 3246 inter

192 3294 287 3372 ipsos
303 3295 491 3357 conueniat
507 3295 782 3375 compositisque
798 3294 903 3357 rebus
923 3292 1188 3373 pacificatorem
1209 3294 1403 3372 amplectan-

192 3409 248 3461 tur
262 3399 394 3481 Jesum,
412 3401 470 3480 qui
483 3401 579 3463 venit
595 3400 775 3480 dispersos
790 3416 1013 3479 congregare
1028 3397 1051 3457 ¹.

252 3505 307 3568 De
322 3507 518 3570 studiorum
534 3508 672 3569 ratione
689 3509 798 3569 multo
820 3525 925 3587 quam
942 3506 1092 3568 antehac
1109 3506 1327 3585 diligentius
1343 3504 1411 3587 quia

193 3612 314 3675 sedulo
331 3622 475 3676 curatur
495 3623 534 3676 vt
553 3615 698 3692 regulae
724 3614 966 3688 obseruentur,
994 3613 1043 3674 ita
1065 3611 1103 3674 fit
1129 3623 1167 3673 vt
1193 3612 1374 3676 auditores
1385 3611 1416 3673 in

195 3719 269 3782 dies
297 3732 539 3799 promoueant.
570 3721 716 3784 Lucalia
744 3719 755 3750 ⁵
784 3738 854 3782 non
883 3721 959 3781 sine
988 3719 1213 3781 solemnitate
1244 3730 1418 3783 transacta

195 3836 287 3889 suut.
304 3826 367 3888 Est
381 3829 474 3890 enim
490 3845 531 3889 eo
547 3827 602 3891 die
618 3828 661 3889 ab
677 3846 747 3890 vno
763 3845 807 3889 ex
820 3825 1039 3889 auditoribus
1055 3826 1090 3887 in
1105 3823 1249 3888 laudem
1264 3827 1423 3891 scientia·

196 3950 273 3995 rum
288 3933 409 3996 habita
425 3934 559 4011 concio,
578 3951 684 4012 quarn
699 3946 885 4013 sequutum
907 3944 959 3994 est
982 3932 1198 4011 colloquium
1216 3950 1283 4012 per
1300 3952 1424 4015 pueros

196 4040 383 4102 actitatum
399 4058 469 4102 non
485 4040 559 4102 sine
575 4051 773 4103 venustate:
789 4040 921 4119 placuit
947 4050 979 4100 et
1006 4046 1133 4100 ornatu
1159 4047 1194 4101 et
1212 4039 1430 4105 inuentione.

198 4144 284 4208 Dies
314 4146 420 4208 etiam
450 4145 681 4209 Beatissimae
710 4145 923 4209 catharinae
951 4142 964 4173 ⁴
991 4144 1198 4206 solemniter
1231 4148 1436 4213 celebratus

240 4423 248 4454 ¹
279 4423 353 4465 Patri
364 4422 565 4465 bartholomaeo
575 4421 753 4466 Bustamante.

239 4496 250 4525 ¹
278 4494 343 4536 Vide
356 4493 468 4536 Potancr
479 4493 632 4548 chronicon,
643 4500 661 4536 t.
670 4504 706 4546 ιν,
719 4505 777 4548 pag.
787 4494 835 4546 ⁴53,
845 4500 933 4537 annot.
944 4495 963 4536 l.

239 4564 251 4596 ⁸
277 4564 400 4614 Luculla,
410 4565 476 4608 festa
487 4575 576 4617 nempe
587 4563 647 4607 Diri
655 4563 752 4608 Lucae.

239 4638 251 4669 ⁴
279 4637 483 4679 Anniversarlus
494 4636 515 4678 is
523 4644 580 4678 erat
592 4636 646 4678 dies
656 4635 855 4679 instaurationis
865 4635 1013 4677 scholarum
1025 4631 1243 4677 Cordubensium.
1256 4635 1331 4683 Vide
1347 4641 1439 4684 Potan-

199 4719 224 4751 ct
238 4706 390 4759 chronicon,
401 4715 419 4751 t.
431 4717 468 4758 ιιι,
480 4718 539 4761 pag.
549 4707 597 4756 364,
609 4718 636 4750 n.
645 4707 685 4749 797
