3210 5392
185 393 240 454 288
573 394 1026 462 Lirraaaaouaonmnsraus

185 550 283 604 terea
298 550 351 603 est
367 559 388 604 a
402 540 568 619 Regibus,
586 541 815 620 religionibus
829 540 1023 619 quibusuiS,
1036 548 1075 602 vt
1091 555 1337 619 quascumque
1352 539 1418 602 cir·

187 666 229 711 ca
244 648 379 723 domos,
396 649 440 710 ab
456 646 739 710 aedificatoribus
764 659 882 710 tamen
909 657 1064 723 taxataS,
1087 647 1224 728 possint
1240 645 1358 726 pretio
1372 645 1418 708 ab

185 756 237 817 eis
253 766 374 818 taxato
390 772 517 817 emere.
540 753 687 817 Reditus
713 754 821 817 annui
840 753 944 816 huius
960 753 1109 832 Collegii
1129 762 1210 816 sunt
1226 752 1417 831 sexaginta

186 863 280 926 mille
296 862 546 925 terunciorum.

245 967 294 1032 At
314 969 345 1032 si
370 969 413 1031 de
434 968 713 1049 Archiepiscopo
735 966 742 997 ¹
765 970 962 1046 loquamur,
982 966 1178 1030 delectatus
1198 966 1343 1047 quidem
1364 975 1418 1030 est

186 1077 313 1139 mirum
333 1077 367 1138 in
387 1076 530 1139 modum
550 1076 704 1139 aduentu
720 1073 910 1138 Societatis
925 1074 961 1136 in
981 1074 1074 1136 hanc
1089 1074 1227 1151 vrbem,
1244 1091 1317 1154 quo
1332 1084 1417 1137 tem·

184 1200 270 1263 pore
285 1183 461 1263 parochos
476 1199 598 1244 omnes
613 1193 647 1244 et
661 1180 889 1245 beneficiatos
904 1180 949 1243 ad
961 1197 1000 1242 se
1012 1180 1211 1242 accersiuit.
1227 1180 1324 1243 Inter
1341 1197 1418 1243 cae·

185 1300 262 1352 tera
277 1299 406 1367 autem,
424 1306 514 1368 quae
529 1288 598 1351 illis
613 1287 838 1367 significauit,
856 1287 924 1350 hoc
944 1286 1050 1349 etiam
1071 1286 1106 1349 in
1128 1286 1285 1350 medium
1310 1286 1418 1351 addu-

185 1397 247 1473 xit,
265 1413 406 1475 nempe,
424 1396 516 1458 hanc
532 1393 744 1458 Societatem
758 1394 967 1456 suscitatam
982 1411 1003 1455 a
1018 1393 1095 1455 Deo
1110 1393 1244 1472 optimo
1258 1393 1420 1458 maximo

186 1521 226 1567 eo
242 1512 400 1584 tempore
414 1503 636 1582 potissimum
651 1501 771 1579 fuisse,
788 1518 857 1581 quo
874 1499 1059 1563 charitatis
1074 1499 1194 1563 feruor
1214 1501 1313 1581 apud
1328 1500 1419 1564 chri·

182 1611 317 1674 stianos
336 1610 440 1673 valde
466 1610 682 1691 multumque
707 1615 914 1690 tepesceret.
942 1606 1059 1686 Atque
1085 1607 1234 1688 proinde
1260 1624 1419 1688 magnae

184 1718 249 1780 sibi
265 1717 464 1781 confusioni
479 1718 633 1781 futurum
649 1729 685 1780 ut
701 1717 841 1781 aliunde
856 1719 969 1782 exteri
984 1721 1053 1780 huc
1077 1726 1277 1780 commeent
1299 1716 1419 1779 factu·

183 1826 214 1888 ri
233 1843 323 1905 quae
338 1825 405 1905 ipsi
425 1825 556 1905 alioqui
577 1825 696 1888 facere
716 1833 931 1889 tenerentur.
954 1826 1002 1889 At
1020 1842 1106 1887 uero
1126 1822 1419 1904 quandoquidem

183 1933 364 2013 piissimus
377 1933 475 1995 Deus
490 1931 704 1996 Societatem
719 1933 788 1995 huc
801 1935 989 2012 attulisset,
1003 1931 1149 1995 Patrum
1160 1931 1237 1993 eius
1250 1930 1419 2009 exemplo

182 2039 294 2102 vitam
310 2056 411 2101 suam
426 2056 564 2102 morum
579 2039 781 2118 integritate
797 2049 903 2119 atque
925 2040 1096 2103 uirtutum
1111 2037 1300 2117 splendore
1317 2035 1417 2099 insti·

182 2155 331 2207 tuerent.
359 2145 455 2207 Idem
473 2144 548 2224 ipse
563 2155 747 2224 praeterea
768 2144 941 2208 Dominus
968 2143 1270 2225 Archiepiscopus
1285 2141 1416 2223 elargi-

182 2262 239 2314 tus
259 2251 361 2315 nobis
383 2261 436 2314 est
461 2251 568 2314 tritici
583 2252 844 2326 eleemosinam,
862 2252 948 2314 mihi
963 2252 1070 2314 etiam
1085 2249 1171 2313 nihil
1185 2249 1334 2329 petenti,
1352 2248 1413 2312 im·

183 2375 241 2420 mo
258 2357 353 2420 aliud
379 2357 510 2437 agenti,
533 2374 616 2420 suos
636 2358 811 2421 concessit
831 2375 935 2421 casus
950 2356 973 2420 ¹.
989 2356 1129 2420 Gaudet
1152 2355 1292 2418 anobis
1308 2354 1417 2419 inuisi

186 2475 292 2544 atque
308 2465 466 2527 salutari.
482 2463 581 2527 Haec
597 2465 725 2528 ciuitas
744 2475 797 2527 est
819 2465 976 2527 omnium
998 2463 1101 2526 huius
1123 2473 1268 2525 nostrae
1287 2461 1419 2542 Hispa-

182 2571 263 2633 niae
279 2572 445 2634 maxima.
461 2570 576 2634 Habet
590 2571 870 2649 uniuersitatem,
888 2572 922 2634 in
939 2589 1008 2652 qua
1024 2579 1131 2648 arteS,
1147 2568 1344 2649 theologia,
1361 2586 1417 2633 sa·

183 2679 235 2741 cri
261 2678 367 2741 etiam
392 2695 548 2741 canones
572 2680 860 2759 interpretantur.
886 2677 1044 2742 Conatur
1070 2678 1177 2740 etiam
1202 2676 1292 2739 alias
1319 2676 1419 2739 insti-

182 2795 282 2848 tuere
297 2786 496 2860 cathedraS,
515 2795 636 2865 vtpote
651 2786 737 2848 iuris
752 2785 932 2864 Caesarei,
948 2784 1156 2862 medicinae,
1173 2784 1278 2847 simul
1300 2793 1337 2846 et
1352 2784 1420 2847 lin·

181 2908 344 2971 guarum.
361 2891 476 2955 Habet
491 2892 536 2954 ad
552 2892 639 2955 haec
656 2891 814 2971 Collegia
830 2892 896 2955 tria
913 2890 935 2968 ³,
953 2891 1169 2954 continentia
1194 2889 1340 2969 quidem
1358 2907 1416 2953 oc·

182 3000 320 3078 toginta
346 3001 513 3075 collegas:
542 3007 594 3060 est
613 2999 720 3061 etiam
742 2997 917 3062 Sacellum
938 2997 1098 3076 Regium,
1122 3014 1191 3076 quo
1213 2995 1416 3075 Hispaniae

181 3104 298 3184 Reges
321 3105 531 3176 conduntur;
558 3105 657 3169 cuius
678 3104 919 3168 sacrificorum
935 3104 1028 3167 bona
1050 3120 1135 3183 pars
1151 3118 1289 3164 morum
1306 3102 1417 3165 hone·

181 3220 272 3273 state
297 3221 331 3274 et
352 3211 588 3273 sanctimonia
608 3213 749 3290 pollent:
771 3222 853 3274 sunt
876 3211 959 3273 item
978 3211 1067 3273 bene
1088 3225 1175 3287 erga
1195 3226 1261 3271 nos
1277 3207 1415 3271 affecti:

182 3329 235 3380 est
255 3318 362 3380 etiam
385 3318 441 3379 hic
463 3317 578 3379 forum
604 3317 767 3380 iudiciale
788 3317 950 3397 Regium,
973 3317 1066 3396 quod
1089 3314 1280 3380 Audientia
1296 3313 1416 3395 Regia

180 3433 322 3498 vocant;
346 3425 446 3487 cuius
467 3423 626 3497 Praeses
649 3423 847 3504 Episcopus
868 3424 1059 3487 Auulensis
1079 3420 1103 3499 ‘,
1127 3423 1228 3485 nobis
1254 3421 1418 3486 amicitia

181 3531 389 3611 conjunctus
413 3543 477 3607 est,
496 3531 555 3611 qui
580 3530 720 3611 quidem
748 3533 831 3594 mihi
846 3531 974 3594 nudius
996 3531 1121 3593 tertius
1142 3529 1233 3591 serio
1250 3531 1419 3593 narrauit

181 3639 381 3701 decreuisse
402 3655 439 3700 se
455 3638 546 3700 mille
563 3656 690 3700 aureos
706 3639 855 3701 ducatos
871 3638 1029 3717 Collegio
1046 3636 1216 3699 Auulensi
1232 3636 1416 3700 instruen-

181 3745 225 3807 do
242 3746 338 3808 dare.

241 3853 353 3916 Huius
375 3852 530 3916 ciuitatis
550 3852 710 3915 homines
735 3863 815 3915 sunt
841 3853 1005 3915 nimirum
1025 3853 1098 3931 apti
1118 3849 1303 3913 doctrinae
1321 3849 1417 3913 chri·

180 3961 317 4022 stianae
332 3958 556 4039 recipiendae
570 3969 604 4022 et
620 3977 698 4022 eam
721 3959 808 4022 mire
823 3959 956 4021 sitiunt:
973 3970 1054 4022 sunt
1069 3958 1176 4021 etiam
1193 3957 1414 4036 quampluri·

180 4067 238 4141 mi,
255 4067 315 4146 qui
331 4066 441 4128 vitam
457 4066 646 4129 virtutibus
669 4075 852 4143 exornent,
877 4073 998 4145 utpote
1018 4063 1187 4143 reliquiae
1209 4062 1303 4141 illae,
1322 4080 1418 4143 quae

182 4267 381 4278 ———-—-—·-

222 4420 230 4447 ¹
259 4414 479 4458 PetroGuerrero

219 4488 230 4516 ²
258 4485 370 4534 Scilicet.
384 4486 535 4528 facultatem
544 4484 694 4526 absolvendi
707 4484 731 4526 in
742 4485 844 4525 casibus
854 4483 900 4535 ip=i
912 4483 1114 4537 archiepiscopo
1124 4480 1279 4525 reservatis.

220 4557 231 4587 ³
258 4557 346 4600 Sancti
359 4557 464 4599 Caecilii
477 4556 640 4598 seminarium
652 4564 677 4597 et
689 4553 805 4607 Collegia
817 4553 904 4597 Sancti
916 4553 1003 4596 iacobi
1015 4564 1041 4597 et
1053 4554 1163 4597 Sanctae
1175 4552 1346 4597 catherinae.

221 4631 232 4661 ⁴
259 4629 373 4672 Didacus
384 4629 413 4670 de
427 4628 511 4670 Alaba
523 4634 548 4668 et
557 4625 691 4679 Esqutrel.
