3210 5392
697 418 759 476 Aa.
783 421 851 477 1555
1335 418 1392 478 587

162 562 383 627 Societatem.
411 562 503 626 R.dus
524 564 561 627 P.
580 564 680 628 Prior
712 565 718 595 ¹
748 566 900 644 incoepit
930 568 1064 645 aliquot
1094 566 1250 629 redditus
1266 583 1329 646 pro
1344 567 1393 629 iis

162 688 380 750 :omparare‚
405 673 464 751 qui
479 673 522 735 de
548 670 724 736 Societatc
740 673 785 736 ad
796 692 861 735 nos
877 674 1017 736 venturi
1032 686 1124 736 sunt.
1149 672 1227 753 Ipse
1247 691 1389 754 quoque

162 776 311 840 Senatus
325 780 526 842 ostenderet
541 778 708 842 Societati
725 797 863 842 omnem
876 780 1170 859 benevolentiam,
1188 781 1218 843 si
1233 779 1387 844 Societa-

162 885 202 946 :is
215 886 274 947 hic
291 887 401 966 aliqui
415 897 543 950 essent,

218 991 425 1055 Praeteritis
446 996 522 1057 istis
543 996 722 1057 mensibus
745 995 975 1074 plurimorum
996 994 1114 1057 audiui
1134 995 1388 1073 confessiones

165 1109 249 1161 nter
266 1117 355 1178 quos
369 1100 511 1163 fuerunt
526 1102 585 1181 qui
604 1101 640 1162 18
656 1103 758 1163 annis
773 1119 843 1164 non
858 1111 959 1164 erant
975 1102 1063 1164 bene
1083 1102 1247 1164 confessi:
1263 1101 1386 1164 habui·

162 1223 236 1267 nus
263 1207 370 1269 etiam
393 1225 501 1269 unum
527 1209 815 1270 concionatorem
842 1209 1075 1284 haereticum,
1095 1208 1210 1271 virum
1229 1209 1387 1286 doctum,

162 1314 216 1392 qui
231 1314 420 1393 plusquam
434 1313 474 1376 20
488 1316 591 1377 annis
607 1315 796 1377 haereticis
811 1315 1040 1392 cohabitauit,
1054 1325 1087 1377 et
1100 1315 1186 1395 ipsis
1198 1316 1387 1378 conciona-

162 1436 213 1481 ;us
227 1430 294 1496 est,
311 1421 371 1499 qui
386 1421 458 1483 iarn
473 1439 518 1483 ex
532 1430 606 1484 toto
630 1422 737 1484 corde
764 1422 808 1485 ad
834 1421 966 1485 Christi
982 1423 1170 1484 ecclesiam
1193 1402 1392 1484 conuersus

162 1536 225 1602 est,
250 1528 476 1607 maximaque
499 1529 709 1590 contritione
731 1527 851 1591 cordis
873 1529 928 1591 sui
954 1528 1149 1591 detestatus
1175 1539 1228 1590 est
1247 1546 1388 1591 omnem

162 1645 279 1695 actam
292 1633 329 1695 in
354 1635 421 1696 hac
444 1634 566 1697 schola
590 1638 722 1698 malam
746 1653 848 1698 suam
871 1635 993 1711 vitam,
1021 1636 1069 1698 ita
1095 1646 1133 1698 ut
1159 1636 1321 1698 omnibus
1343 1637 1389 1699 sit

162 1741 323 1819 exemplo
335 1753 369 1802 et
390 1742 627 1804 admirationi:
649 1742 864 1820 generaliter
886 1753 939 1803 est
959 1742 1060 1804 nobis
1086 1743 1279 1819 confessus,
1296 1751 1389 1805 etex

162 1846 268 1909 corde
284 1845 329 1909 ad
342 1847 532 1910 Dominum
547 1867 753 1910 conuersus.
773 1848 861 1911 Puto
877 1848 972 1927 quod
986 1858 1105 1910 noster
1120 1848 1317 1928 Episcopus
1332 1848 1343 1878 ²
1356 1850 1392 1911 ei

163 1953 233 2015 iam
249 1954 443 2033 prouiderit
457 1965 493 2016 vt
510 1955 655 2033 incipiat
671 1955 856 2017 catholicis
871 1955 1090 2034 praedicare.

219 2059 371 2138 Quidam
386 2062 656 2124 sacramentarii
672 2062 846 2141 hiccapti,
866 2062 956 2124 inter
984 2079 1073 2142 quos
1097 2071 1150 2124 est
1174 2062 1230 2125 vir
1245 2063 1389 2140 quidam

161 2166 196 2229 in
211 2168 434 2229 naturalibus
449 2168 640 2231 admodum
655 2168 825 2246 eruditus,
843 2169 904 2248 qui
919 2171 1048 2231 multos
1063 2169 1131 2231 sibi
1146 2168 1253 2231 habet
1264 2168 1389 2232 cohae-

161 2283 289 2350 renteS,
307 2273 413 2335 etiam
429 2292 474 2336 ex
488 2274 730 2353 superioribus
745 2275 910 2352 ciuitatis,
930 2275 1044 2354 ipsum
1060 2274 1299 2338 defendentes.
1320 2275 1390 2338 Hic

162 2381 272 2443 voluit
287 2392 326 2441 vt
337 2381 477 2460 publica
491 2381 682 2461 disputatio
694 2381 792 2444 fieret
805 2380 847 2444 de
859 2379 1064 2444 Venerabili
1076 2379 1308 2445 Sacramento
1321 2381 1387 2445 Eu·

162 2486 363 2549 charistiae:
379 2487 441 2549 sed
461 2487 556 2549 facta
581 2500 721 2550 nonest
743 2487 834 2550 sicut
849 2489 970 2550 voluit.
999 2487 1037 2550 In
1052 2467 1229 2551 vacantiis
1254 2499 1308 2552 est
1330 2489 1390 2551 hic

162 2609 247 2670 mos
264 2605 304 2656 vt
318 2593 354 2656 in
368 2594 489 2656 schola
513 2595 757 2673 theologorum
782 2595 986 2657 baccalauri
1008 2595 1091 2657 dent
1117 2613 1201 2658 suas
1228 2598 1388 2676 proposi-

162 2701 291 2777 tioneS,
322 2718 411 2780 quas
439 2711 570 2763 statuto
599 2700 655 2763 die
681 2699 870 2763 defendere
903 2702 1025 2763 velint.
1053 2701 1239 2764 Confrater
1267 2712 1390 2765 noster

162 2806 206 2869 M.
233 2806 389 2888 Joannes
411 2809 453 2870 de
474 2808 634 2871 Cathena
660 2808 936 2887 disputationem
962 2809 1083 2871 habuit
1115 2809 1158 2871 de
1183 2809 1390 2872 Venerabili

162 2910 393 2977 Sacramento
409 2914 665 2992 Eucharistiae,
683 2931 884 2994 magnaque
906 2932 987 2977 cum
1012 2916 1130 2993 gratia
1156 2916 1318 2978 omnibus
1333 2934 1388 2978 sa-

162 3021 302 3098 tisfecit,
320 3022 369 3084 ita
385 3031 422 3084 vt
437 3039 508 3084 non
523 3030 616 3084 esset
630 3021 688 3100 qui
704 3039 774 3084 non
794 3021 1059 3084 commendaret
1080 3021 1154 3084 eius
1176 3022 1388 3085 modestiam

163 3137 195 3189 et
209 3128 411 3191 doctrinam
425 3129 460 3191 in
486 3126 743 3208 respondendo:
768 3145 832 3190 sua
858 3128 974 3191 studia
1000 3129 1182 3190 continuat
1207 3139 1241 3190 et
1266 3128 1392 3191 diebus

164 3233 347 3298 dominicis
367 3236 613 3299 concionatur.

216 3340 409 3405 Adfuimus
424 3341 530 3405 etiam
546 3341 692 3404 infirmis
710 3342 838 3420 vocati,
857 3359 1008 3421 quorum
1028 3341 1271 3403 confessiones
1292 3340 1390 3403 audi·

166 3450 288 3525 uimuS,
312 3464 444 3528 eosque
460 3449 495 3512 in
522 3449 675 3512 Domino
701 3449 876 3511 consolati
900 3466 1031 3520 sumus,
1059 3465 1103 3510 ex
1131 3447 1257 3528 quibus
1283 3448 1392 3527 aliqui

163 3557 362 3635 migrarunt
385 3555 430 3617 ad
447 3554 651 3634 Dominum,
674 3556 782 3634 aliqui
807 3558 1046 3633 reualuerunt‚
1070 3565 1104 3616 et
1119 3555 1231 3617 vitam
1256 3572 1301 3617 ex
1315 3565 1392 3617 toto

162 3664 345 3741 corrigere
360 3662 511 3725 student.
542 3661 661 3725 Vicini
683 3662 796 3724 nostri
822 3662 857 3725 in
872 3679 995 3725 eorum
1021 3662 1113 3724 bona
1136 3662 1392 3725 consuetudine

162 3767 353 3834 :onfitendr
367 3769 516 3847 singulis
528 3769 806 3831 hebdomadibus
821 3770 929 3831 semel
945 3779 1186 3848 perseuerant‚
1215 3787 1295 3832 cum
1320 3787 1390 3835 ma·

162 3889 211 3939 :re
228 3875 278 3939 M.
299 3875 448 3957 Joannis
468 3874 558 3938 Redt
584 3873 606 3937 ³.
634 3874 835 3954 Aliquando
861 3876 969 3938 etiam
992 3875 1222 3937 concionatus
1247 3892 1335 3954 sum,
1357 3868 1392 3937 et

162 3981 330 4047 studiosis
346 3981 578 4044 christianam
593 3980 793 4044 doctrinam
807 3983 1014 4060 praelegere
1030 3981 1179 4060 incoepi.

214 4087 395 4151 Dominus
410 4088 543 4166 dirigat
557 4105 703 4167 gressus
719 4097 860 4150 nostros
875 4087 912 4149 in
931 4104 997 4149 sua
1023 4087 1242 4166 beneplacita
1269 4088 1391 4150 volun·

165 4205 244 4272 ate,
263 4204 302 4256 vt
318 4195 353 4256 in
366 4195 442 4257 dies
454 4198 533 4274 plus
543 4194 680 4257 fructus
692 4193 845 4256 Domino
858 4193 998 4256 adferre
1012 4195 1207 4272 valeamus,
1225 4202 1259 4257 et
1271 4204 1309 4258 vt
1323 4196 1393 4259 hoc

162 4351 374 4365 Q———-

199 4436 207 4465 ¹
241 4434 270 4478 Ρ.
282 4434 415 4479 Gerardus
426 4436 622 4480 Kalckbrcnner
633 4434 790 4487 (Hammont,
802 4433 1022 4486 Hammontanus).
1031 4433 1187 4478 Carthusiae
1197 4436 1278 4489 prior.

199 4508 211 4537 ¹
239 4507 351 4550 Adolfus
361 4506 398 4550 111
410 4519 434 4549 v.
447 4507 641 4559 Schauenburg.

200 4578 212 4610 ¹
240 4577 278 4620 De
291 4579 349 4630 hoc,
360 4578 432 4633 cujus
443 4579 539 4622 mentio
549 4580 653 4633 saepius
664 4579 736 4622 iacta
746 4584 786 4622 est
797 4577 891 4632 fietque
902 4584 957 4621 tum
967 4579 993 4621 ln
1004 4577 1044 4621 his
1053 4576 1168 4622 Litteris
1178 4585 1232 4623 tum
1243 4580 1268 4623 lu
1278 4579 1394 4626 Potane}

162 4645 300 4702 Chronico,
310 4651 386 4704 plura
398 4651 527 4704 congessit
539 4650 654 4699 Hansnu.
663 4651 680 4693 l.
691 4661 723 4704 c.,
735 4661 794 4704 pag.
806 4650 851 4704 16¹,
860 4657 947 4693 annot.
960 4651 982 4693 l.
