3240 5386
69 162 78 489 l

714 426 777 484 An.
799 424 869 484 1555
1360 432 1415 490 463

180 555 527 648 ἰ(111111511111111111,
544 587 606 633 eos
621 579 839 650 promoueat,
857 578 891 632 et
904 571 939 632 in
954 572 1122 635 uniuerso
1137 574 1205 635 hoc
1229 590 1293 636 suo
1309 576 1411 638 obse-

189 677 266 747 quio
280 686 421 757 augeat.
440 678 567 740 Amen.

246 787 277 849 Α
298 783 569 848 Misericordiae
592 783 760 847 fratribus
782 781 789 812 ¹
810 782 914 845 huius
940 783 1095 847 ciuitatis
1116 786 1253 864 publice
1279 788 1410 867 suppli·

194 891 302 955 catum
315 904 379 967 est,
397 893 434 954 in
448 908 519 971 qua
533 907 663 971 pompa
679 906 759 952 cum
777 888 834 952 110
848 906 926 953 sese
941 889 1063 969 flagris
1084 891 1275 970 allicerent,
1296 893 1354 957 100
1368 895 1416 959 de

189 981 243 1060 his
257 998 383 1062 nostris
397 997 574 1060 numerati
589 1006 682 1061 sunt.

247 1104 393 1184 Quidam
409 1104 455 1167 ab
470 1104 541 1167 alio
555 1104 683 1180 laesus,
700 1102 827 1165 iniuria
847 1103 1018 1184 malisque
1033 1104 1149 1166 modis
1164 1117 1344 1186 acceptuS,
1361 1118 1414 1172 ut·

172 1216 269 1276 note
282 1229 382 1292 quem
396 1211 456 1274 ille
471 1211 577 1289 globo
592 1210 756 1290 plumbeo
769 1209 867 1273 humi
882 1208 1077 1288 deiecisset,
1095 1213 1216 1274 statim
1228 1224 1264 1276 ut
1278 1215 1416 1294 primus

169 1306 378 1381 dominicus
392 1318 469 1380 dies
485 1317 617 1379 mensis
642 1314 763 1393 adfuit,
789 1333 858 1395 quo
874 1326 951 1378 erat
978 1315 1217 1394 confessurus,
1242 1318 1284 1382 de
1301 1339 1411 1399 more,

166 1412 274 1487 bene
286 1441 398 1498 mane,
415 1424 493 1486 eius
507 1423 558 1486 rei
577 1423 695 1501 gratia
709 1421 896 1500 collegium
916 1421 1013 1500 adiit,
1038 1440 1076 1485 se
1101 1423 1224 1487 libenti
1245 1426 1412 1508 bonoque

164 1528 301 1594 animo
311 1531 402 1594 uelle
416 1530 449 1593 11
459 1531 647 1609 ignoscere
664 1526 865 1609 [asserensl.

248 1637 342 1702 Alius
356 1654 438 1701 cum
459 1635 656 1716 apatribus
675 1637 890 1715 postulasset
911 1647 948 1699 ut
963 1636 1009 1699 ad
1029 1637 1202 1716 quosdam
1221 1639 1409 1717 pacifican-

161 1731 254 1805 dos
265 1745 360 1824 irent,
377 1761 490 1824 eaque
505 1760 563 1805 res
577 1743 613 1804 in
628 1741 721 1805 diem
735 1742 935 1821 proximum
950 1742 1059 1805 dilata
1082 1753 1188 1822 esset,
1213 1744 1271 1806 ubi
1293 1745 1407 1821 rediit,

162 1836 328 1917 ipsemet
341 1851 413 1914 iam
429 1857 558 1912 cuncta
573 1847 786 1911 confecerat.
803 1847 911 1912 Multa
928 1846 1129 1927 hujusmodi
1143 1850 1185 1912 de
1201 1851 1256 1913 his
1280 1853 1413 1915 nostris

160 1957 289 2020 scribi
302 1966 459 2039 possent,
476 1965 511 2019 et
537 1953 679 2035 quidem
704 1955 748 2018 ad
771 1955 1052 2018 aedificationem
1067 1973 1209 2036 magna,
1231 1975 1323 2035 quae
1339 1975 1409 2037 ego

162 2065 367 2128 praedicta
379 2064 423 2127 de
438 2079 548 2126 causa
564 2061 819 2142 praetermitto.

250 2169 398 2251 Benigne
412 2185 553 2251 quoque
569 2169 758 2232 admodum
776 2179 811 2232 et
826 2170 961 2249 prolixe
984 2170 1083 2233 Deus
1106 2169 1187 2251 Opt.
1215 2169 1310 2234 Max.
1328 2188 1409 2234 cum

162 2276 299 2341 multis
312 2278 397 2357 egit,
415 2293 504 2357 quos
519 2276 609 2339 odiis
624 2284 729 2356 atque
744 2276 946 2353 11111111111115,
963 2277 1090 2355 quibus
1101 2296 1173 2340 non
1184 2278 1259 2340 sine
1276 2279 1410 2341 anima·

163 2385 266 2445 futu
285 2400 430 2448 suarum
451 2382 615 2462 uitaeque
641 2382 842 2445 discrimine
856 2381 1063 2446 inflammati
1078 2394 1190 2462 erant,
1207 2401 1270 2465 per
1289 2395 1412 2464 patres

167 2488 287 2567 atque
300 2492 368 2554 hos
378 2490 520 2554 uirtutis
536 2489 799 2551 amantissimos
820 2488 991 2567 homines,
1019 2490 1078 2569 qui
1105 2500 1225 2570 patres
1250 2508 1410 2554 accerse·

166 2579 279 2674 bant,
295 2614 497 2677 magnoque
512 2595 640 2659 ardore
665 2604 809 2675 propter
835 2594 950 2658 Deum
976 2594 1205 2674 adiuuabant,
1231 2598 1408 2662 liberauit.

165 2683 268 2764 Illud
280 2722 388 2786 saepe
402 2703 505 2767 nobis
521 2704 706 2765 molestum
716 2710 770 2764 est
784 2712 818 2764 11
832 2718 944 2779 graue
967 2720 1039 2765 non
1064 2720 1169 2782 posse
1194 2719 1259 2765 nos
1283 2722 1409 2768 eorum

162 2805 409 2875 petitionibus
434 2809 656 2886 satisfacere,
679 2807 757 2871 ideo
782 2808 875 2887 quod
896 2819 1016 2888 patres
1039 2810 1244 2889 plerumque
1265 2822 1347 2874 sunt
1372 2812 1408 2874 in

157 2904 476 2981 scholasticorum
487 2914 766 2978 confessionibus
781 2915 955 2994 occupati.
976 2913 1071 2978 lnter
1091 2916 1179 2978 alias
1200 2918 1407 2980 reconcilia-

151 2998 292 3087 [sones
307 3022 533 3101 concordiae,
550 3039 640 3101 quae
655 3020 772 3083 sactae
785 3030 876 3096 sunt,
901 3022 1035 3100 placuit
1054 3021 1140 3099 Deo,
1168 3030 1205 3085 ut
1231 3038 1312 3085 cum
1338 3023 1409 3086 duo

136 3096 340 3212 &omines
354 3128 486 3193 mutuis
500 3128 590 3190 odiis
608 3127 743 3190 incensi
759 3137 888 3203 essent,
916 3129 1009 3207 quod
1035 3129 1124 3191 alter
1149 3130 1252 3192 alteri
1275 3130 1310 3190 in
1331 3129 1411 3210 ipso

128 3217 304 3300 ¹¹¹d1'eis
318 3243 512 3315 conspectu
529 3234 776 3296 contumeliam
791 3233 945 3311 fecisset,
962 3245 1085 3296 auctor
1101 3235 1176 3298 eius
1192 3236 1341 3299 iniuriae
1357 3238 1410 3299 sic

122 3322 280 3407 Suam
290 3343 553 3419 uerborumque
568 3356 713 3402 suorum
728 3341 958 3404 acerbitatem
971 3353 1192 3421 agnosceret,
1207 3360 1297 3423 quae
1314 3343 1408 3406 dixe-

113 3429 226 3516 rat,
256 3459 302 3514 ut
315 3447 546 3529 responderet
558 3448 648 3510 uelle
660 3464 699 3509 se
711 3464 833 3511 coram
844 3446 968 3510 eodem
980 3448 1105 3527 iudice,
1118 3449 1298 3528 palinodia
1312 3449 1407 3512 insti·

110 3524 263 3632 tuta,
282 3556 425 3620 ueniam
440 3555 484 3617 ab
496 3572 550 3628 1ο,
566 3571 670 3633 quem
685 3553 890 3632 offenderat,
917 3556 1106 3634 postulare.
1134 3556 1206 3619 Alii
1229 3556 1309 3635 duo,
1327 3574 1409 3620 cum

106 3644 171 3697 Μ’
175 3662 311 3726 mati
322 3660 526 3726 incederent
545 3659 763 3739 digladiandi
780 3661 887 3738 auidi,
909 3670 1016 3742 atque
1036 3663 1125 3725 alter
1145 3663 1246 3726 alteri
1265 3664 1409 3727 insidia-

105 3750 292 3845 retur,
311 3768 425 3832 effecit
445 3767 545 3830 Deus
565 3776 615 3845 ut,
643 3775 779 3829 mutata
805 3767 989 3846 sententia,
1015 3769 1220 3848 ingratiam
1238 3770 1407 3848 redirent,

107 3859 257 3932 Cum
287 3876 434 3955 primum
460 3873 529 3936 illis
553 3882 723 3954 quantum
748 3873 783 3935 in
809 3890 930 3936 errore
955 3886 1183 3938 uersarentur
1209 3877 1408 3954 expositum

113 3967 227 4031 est,
253 3978 330 4046 Alii
341 3997 615 4063 quoque,neque
626 3979 767 4042 obscuri
778 3980 857 4054 uiri,
870 3982 1091 4044 reconciliati
1102 3992 1183 4045 sunt
1194 3982 1228 4044 in
1239 3982 1406 4061 gratiam,

118 4059 314 4181 rFitque
327 4105 372 4150 ea
385 4104 443 4151 res
458 4086 628 4166 perutilis.
645 4085 725 4149 Fuit
740 4087 930 4165 aliquando
946 4087 1020 4150 dies
1036 4105 1115 4151 cum
1131 4087 1234 4151 Pater
1250 4087 1407 4167 quidam,

127 4187 185 4287 {¹1
208 4185 412 4258 ciuitatem
427 4194 620 4272 ingressus,
637 4191 802 4255 undecim
817 4202 877 4255 aut
893 4193 1081 4258 duodecim
1094 4194 1254 4257 homines
1266 4194 1409 4259 reduxit

137 4293 188 4340 ¹¹¹
205 4301 400 4364 gratiam.

148 4485 396 4523 ‘N-

179 4622 187 4652 '
223 4625 366 4692 Scilicet
376 4657 393 4690 a
402 4645 634 4690 Confratemltutls
644 4645 676 4689 de
688 4644 876 4692 Misericordia
891 4647 977 4692 dlctne
986 4646 1072 4690 soclls.
