3210 5392
191 401 244 459 600
576 404 746 462 Ltrtuaaa
766 421 1036 473 Quaoautasraas

193 549 250 610 dio
266 549 369 612 huius
384 550 511 623 Patris
529 569 598 613 non
614 553 728 615 solum
743 570 832 629 eam,
846 554 916 615 imo
931 537 1054 616 vitium
1069 553 1319 626 detestatusesu
1330 549 1372 611 sed

193 672 272 717 cum
288 658 439 735 primurn
454 658 563 736 licuit,
580 659 696 738 patria
712 660 829 723 cessit:
846 678 911 722 nec
924 661 958 723 id
969 660 1110 723 demum
1123 657 1374 740 praetereundum

194 763 325 838 censui,
342 766 457 843 puella
473 766 567 829 enim
583 765 756 845 quaedam
771 760 937 830 ardenter
953 767 1117 846 cupiebat
1132 777 1319 845 perpetuam
1330 762 1377 822 tir·

193 873 378 950 ginitatem
392 871 469 934 Deo
481 889 704 952 consecrare,
718 891 824 953 quam
834 884 1001 953 parentes
1012 874 1232 937 conabantur
1243 879 1376 940 avertere

194 988 231 1039 at
245 978 304 1039 illa
319 979 411 1041 hunc
427 989 564 1059 patrem
579 981 798 1061 spiritualem
814 983 1001 1058 consuluit,
1019 992 1053 1044 et
1068 981 1145 1044 eius
1160 979 1239 1042 fidei
1253 997 1286 1042 se
1298 973 1378 1040 credi·

194 1086 256 1159 dit,
271 1104 359 1167 quae
371 1096 506 1167 postea,
522 1089 678 1151 omnium
693 1098 878 1168 parentum
890 1105 1078 1163 consensu,
1091 1086 1187 1167 quod
1198 1088 1288 1167 prius
1296 1084 1384 1146 anino

194 1193 412 1272 decreuerat,
429 1194 663 1258 confirmauit.

255 1301 385 1364 Rector
400 1301 558 1382 Collegii,
576 1313 614 1366 vt
629 1303 802 1366 hactenus
817 1303 1011 1374 consueuit.
1031 1303 1067 1365 in
1083 1302 1247 1366 doctrina
1260 1297 1384 1364 christia·

194 1426 241 1471 na
255 1420 473 1487 perseuerat,
490 1426 621 1489 magno
637 1410 838 1472 auditorum
856 1412 1029 1490 applausu
1045 1419 1080 1473 et
1096 1410 1290 1472 animorum
1301 1404 1384 1488 prole-

195 1525 266 1594 ctu,
284 1515 342 1595 qui
360 1517 466 1578 etiam
480 1515 609 1579 iratres
629 1517 719 1579 mira
739 1515 950 1580 dexteritate
969 1516 1103 1596 dirigit3
1125 1525 1253 1579 cuncta
1272 1513 1385 1590 denique

195 1623 301 1699 domi,
318 1639 361 1684 ac
386 1620 483 1699 foris,
508 1622 692 1700 industria,
717 1632 822 1702 atque
841 1623 1027 1703 sapientia,
1051 1623 1239 1703 ponderat,
1255 1616 1385 1701 disponit.

195 1731 480 1807 moderaturque:
497 1730 611 1810 qualis
625 1730 744 1810 itaque
761 1730 817 1792 vir
831 1730 887 1808 sit,
904 1731 991 1793 satis
1006 1740 1227 1810 compertum
1246 1738 1295 1792 est
1308 1723 1387 1791 omni·

195 1838 270 1901 bus.
287 1836 475 1899 Praeterea
491 1836 581 1899 alius
596 1836 712 1911 Pater,
726 1839 786 1916 qui
801 1836 999 1900 doctrinam
1011 1838 1172 1918 paruulis
1183 1837 1338 1910 cantillat,
1348 1831 1386 1893 de·

196 1954 313 2008 tentos
328 1944 363 2005 in
379 1959 524 2006 carcere
538 1942 662 2006 diebus
676 1943 775 2007 sestis
786 1961 862 2007 eam
878 1945 992 2022 docet,
1005 1961 1049 2006 ex
1061 1962 1132 2024 quo
1143 1939 1388 2006 uberrimuslru·

196 2060 275 2113 ctus
291 2050 480 2128 colligitur,
498 2048 600 2112 ludos
613 2050 741 2129 quibus
756 2052 977 2114 oblectantur
991 2051 1165 2131 prohibet,
1176 2048 1357 2129 juramenta
1365 2053 1388 2105 et

197 2156 462 2219 maledictiones
483 2166 588 2236 atque
606 2157 762 2220 conuitia
783 2158 1025 2238 reprehendit:
1049 2156 1158 2237 aliqui
1177 2173 1296 2219 eorum
1313 2148 1387 2215 confi·

199 2273 328 2340 tentur;
345 2263 466 2327 tribuit
482 2264 549 2326 illis
565 2262 713 2327 Rosaria
725 2264 887 2343 Virginis
901 2264 1047 2342 Mariae;
1064 2282 1126 2327 eos
1141 2263 1281 2326 demum
1294 2257 1387 2325 molis.

198 2371 326 2451 quibus
339 2379 466 2449 potest,
483 2370 528 2432 ad
543 2369 750 2449 patientiam
765 2381 976 2449 commouet,
996 2382 1030 2433 et
1044 2373 1192 2434 solatur.
1211 2368 1310 2433 Modo
1323 2368 1389 2429 insu·

198 2493 262 2557 per
284 2476 378 2557 apud
400 2494 466 2539 nos
489 2486 561 2539 tres
583 2476 618 2539 in
641 2476 891 2539 exercitiorum
919 2486 1122 2540 nostrorum
1147 2478 1317 2556 palaestra
1334 2484 1392 2534 sese

198 2594 377 2647 exercent.
394 2583 474 2645 Duo
491 2594 676 2662 praeterea
697 2582 901 2646 sacerdotes
922 2584 1068 2647 iuuenes
1087 2581 1257 2647 Societati
1277 2573 1390 2665 adiungi

199 2698 379 2769 exoptant.

260 2796 357 2859 Haec
373 2808 465 2874 suut,
475 2796 516 2858 R.
532 2796 582 2871 Ρ.,
596 2797 722 2877 quibus
734 2813 960 2877 occupamur;
974 2797 1009 2858 in
1022 2795 1298 2859 confessionibus
1309 2790 1387 2855 etiam

201 2903 396 2981 audiendis
414 2913 487 2966 tum
503 2903 609 2979 domi,
627 2904 661 2964 in
677 2903 827 2981 templis
845 2913 950 2982 atque
966 2902 1001 2964 in
1017 2903 1166 2982 priuatis
1179 2903 1322 2976 aedibus;
1334 2910 1392 2956 cre·

202 3011 268 3073 scit
284 3011 433 3090 denique
455 3013 489 3072 in
512 3010 587 3072 dies
608 3027 776 3072 numerus
796 3010 1144 3072 communicantium.
1168 3008 1273 3072 Hisce
1289 3015 1315 3069 et
1331 2997 1388 3064 aliis

202 3117 419 3191 huiusmodi,
449 3134 540 3195 quae
568 3117 731 3196 persequi
758 3116 934 3192 desinam,
965 3133 1200 3195 occupamur,
1231 3126 1320 3194 atque
1341 3119 1391 3168 1105

201 3241 336 3299 omnes,
352 3235 390 3285 vt
406 3226 511 3301 longe
534 3223 588 3285 his
602 3224 772 3301 graviora
789 3223 1052 3302 aggrediamur,
1071 3224 1234 3300 precibus
1248 3221 1284 3285 R.
1303 3214 1383 3279 Vim

201 3331 389 3411 plurimum
405 3330 704 3392 commendamus.
723 3329 823 3391 Vale.

324 3437 523 3514 Valentiae,
541 3435 689 3498 Kalend.
707 3435 922 3515 Septembris
937 3437 1022 3497 1555.

603 3542 644 3604 R.
662 3542 768 3605 11111ε
787 3543 919 3605 inutilis
934 3560 1069 3617 seruus,

968 3755 1156 3820 Aurousus
1176 3757 1328 3827 Locauus

269 4079 315 4140 In
329 4081 485 4141 secunda
496 4079 639 4157 pagina
654 4079 738 4140 haec
751 4084 893 4141 lantum
908 4079 1098 4156 leguntur,
1109 4078 1183 4140 altit
1195 4073 1393 4140 tamettmantl

211 4192 379 4248 exarata:
397 4188 483 4249 1555.
501 4185 678 4248 Valentia.
697 4184 981 4264 Quadrimestres
996 4185 1040 4264 pi
1061 4184 1281 4265 Septembris.
