3210 5392
714 415 777 473 Aa.
800 416 870 475 luat
1352 416 1410 489 1871

179 556 241 619 che
266 574 332 636 con
356 559 388 622 le
406 559 589 641 frequente
609 560 850 624 exhortationi
871 577 934 623 sue
955 562 989 623 al
1009 561 1118 624 lllmo.
1147 559 1215 624 520‘
1230 559 1345 636 Duca,
1372 562 1415 623 si·

183 664 360 728 mandasse
375 666 411 728 in
426 665 551 730 effecto
574 684 645 730 uno
671 667 705 729 di
725 667 832 746 quelli
847 667 981 747 puncti,
997 668 1022 730 li
1038 667 1134 747 quali
1149 678 1271 730 nostro
1287 666 1325 730 P.
1343 667 1413 729 ha·.

185 786 242 832 uea
257 769 338 834 dato
349 774 386 835 al
402 769 531 854 [Duca]
547 791 610 854 per
626 774 649 836 il
663 790 825 852 gouerno
839 772 883 836 de
899 773 1112 848 Madamma‚
1127 784 1161 836 et
1173 774 1321 853 quelioe
1336 785 1403 835 sta·

187 887 215 937 to
228 877 302 941 sino
316 879 444 943 adesso
459 880 519 961 piit
533 879 672 943 difficile
687 880 730 943 de
751 882 832 944 tutti
855 879 902 959 gl'
919 881 1010 958 altri,
1028 881 1105 944 cioe
1121 881 1187 943 che
1202 880 1405 944 Madamma

190 983 351 1048 habitasse
365 987 402 1049 in
416 989 563 1050 castello
578 1005 599 1050 o
615 1005 700 1050 uero
716 1006 785 1050 non
801 998 928 1067 troppo
945 987 989 1050 da
1004 987 1150 1066 lungho;
1167 988 1192 1050 ii
1213 989 1277 1049 che
1299 1004 1404 1068 gran-

194 1088 435 1156 dissimamente
448 1094 660 1173 importaua:
674 1094 804 1172 perche
819 1095 848 1157 si
864 1095 978 1174 questi
991 1094 1026 1157 (11
1037 1095 1173 1174 passati
1184 1094 1221 1158 fu
1234 1094 1403 1157 mandato

196 1211 232 1256 un
244 1207 332 1261 certo
346 1199 505 1278 samiglio
518 1200 564 1264 da
578 1218 627 1264 un
636 1200 812 1279 Vescouo,
826 1200 891 1263 che
903 1200 1040 1264 dicesse
1051 1200 1096 1263 da
1108 1210 1208 1280 parte
1221 1218 1285 1263 sua
1297 1220 1319 1264 a
1331 1200 1403 1264 Ma·

200 1302 314 1368 damma
328 1305 394 1369 che
409 1307 564 1369 lassasse
578 1307 613 1370 la
628 1307 832 1370 familiarite
854 1307 889 1370 di
913 1315 1037 1370 nostro
1051 1307 1089 1369 P.
1118 1318 1153 1369 et
1167 1325 1238 1370 non
1252 1319 1402 1388 permet-

202 1419 270 1472 tesse
293 1415 501 1476 altramente
526 1414 754 1477 accostarseli
778 1415 837 1494 piu
859 1414 895 1476 in
917 1431 1001 1477 casa
1017 1414 1059 1493 (si
1081 1432 1206 1478 cuome
1229 1415 1285 1477 dei
1305 1414 1402 1494 hgiio

204 1512 629 1599 honhloysi0,ne11)uca‚
647 1519 683 1582 su
703 1519 846 1583 referito
869 1521 903 1583 al
919 1530 1041 1583 nostro
1063 1520 1127 1599 P.)‚
1152 1522 1281 1601 perche
1296 1527 1403 1585 verra

205 1623 262 1699 quel
271 1634 394 1706 tempo,
410 1626 549 1705 nicena,
565 1626 707 1707 quando
722 1644 881 1690 sarremo
898 1627 941 1690 da
957 1638 1083 1707 questa
1095 1628 1167 1691 cita
1181 1628 1399 1705 discacciati,

209 1744 287 1792 cuosa
308 1732 456 1796 sarebbe
479 1733 619 1811 (stando
640 1732 842 1797 Madamma
864 1734 966 1813 quasi
988 1734 1134 1797 insieme
1156 1751 1224 1796 con
1244 1734 1267 1796 il
1283 1732 1397 1807 Duca,

208 1837 304 1911 perche
314 1839 482 1907 habitauo
497 1840 577 1902 tutti
592 1840 673 1903 duoi
690 1841 725 1903 in
740 1841 911 1919 castello),
928 1841 959 1902 si
973 1850 1084 1903 stesse
1096 1841 1141 1903 da
1157 1841 1301 1920 lungh0,
1317 1849 1351 1903 et
1367 1840 1400 1902 la

208 1953 281 2016 porta
294 1945 385 2009 losse
400 1956 556 2026 apertaa
571 1947 652 2010 tutti
666 1946 802 2011 iniecti?

248 2047 335 2116 Dette
350 2070 459 2133 opera
474 2064 598 2117 nostro
614 2054 651 2117 P.
668 2054 953 2133 diligentemente
969 2054 999 2116 si
1011 2054 1289 2117 discacciassero
1304 2069 1403 2135 ques-

209 2151 225 2212 ii
237 2155 321 2222 simili
335 2160 491 2238 animali,
507 2160 589 2223 nelli
604 2161 700 2241 quali
718 2177 789 2223 non
804 2161 835 2223 si
857 2165 925 2241 puo
944 2160 1031 2238 dire,
1049 2179 1093 2224 ne
1108 2160 1223 2223 ancho
1237 2176 1399 2239 pensare,

207 2273 305 2335 quanta
317 2276 416 2345 peste
431 2267 463 2329 si
476 2267 647 2345 ritruoua‚
665 2267 689 2330 li
707 2267 803 2349 quali
817 2285 889 2330 non
903 2266 986 2329 iano
1001 2275 1149 2348 peccato
1165 2267 1400 2346 qualsiuogiia

207 2363 363 2437 ribaldaria
378 2382 412 2436 et
428 2373 728 2437 contaminatione
743 2373 833 2437 delle
860 2391 967 2437 cuose
981 2373 1170 2453 pertinenti
1185 2374 1219 2435 ai
1234 2373 1328 2436 culto
1351 2373 1399 2435 di·

208 2468 273 2556 uino,
286 2495 339 2541 ma
354 2496 443 2543 sono
458 2497 529 2543 una
548 2481 686 2543 sentina
708 2480 744 2544 di
768 2481 850 2544 tutti
875 2481 969 2543 mali.
991 2479 1087 2543 Fece
1104 2479 1261 2543 anchora
1276 2488 1399 2541 nostro

209 2571 290 2646 Padre
302 2586 331 2648 si
345 2586 574 2650 brussassero
593 2587 639 2650 da
659 2587 755 2650 circa
782 2597 884 2650 cento
909 2587 990 2649 libri
1009 2587 1043 2650 di
1065 2587 1216 2665 heresia;
1233 2594 1268 2648 et
1283 2587 1348 2649 che
1370 2586 1400 2647 si

204 2676 306 2754 lacesse
319 2694 378 2756 un’
394 2692 504 2756 editto
518 2701 643 2756 contra
663 2694 687 2755 li
712 2693 869 2770 heretici,
894 2695 958 2757 che
977 2693 1085 2756 niuno
1109 2710 1181 2755 non
1205 2693 1399 2755 solamente

205 2803 253 2856 non
263 2801 412 2877 parlasse
428 2799 461 2863 d'
479 2800 626 2878 heresie,
644 2817 702 2864 ma
720 2800 761 2879 (si
777 2801 851 2863 iare
863 2800 893 2863 si
905 2802 1160 2880 puotesse)non
1170 2800 1200 2862 si
1215 2816 1396 2878 pensasse:

205 2905 228 2957 ct
238 2901 288 2966 che
299 2904 502 2970 Madamma
517 2907 636 2970 udisse
651 2908 684 2969 la
701 2925 828 2971 messa.

244 3006 281 3073 Mi
294 3012 338 3075 ha
353 3030 460 3094 parso
475 3031 608 3078 ancora
624 3032 694 3077 non
708 3015 844 3077 lassare
859 3014 903 3076 da
925 3014 1000 3077 dire
1024 3031 1123 3077 come
1139 3014 1253 3093 questi
1268 3013 1303 3075 (11
1319 3029 1396 3091 pas-

203 3114 250 3176 sati
268 3119 297 3181 la
319 3120 499 3183 medesma
519 3119 733 3199 Madamma‚
754 3120 883 3199 figiiole
898 3132 933 3184 et
954 3122 1080 3200 donne,
1106 3122 1208 3201 quale
1227 3121 1318 3182 nella
1334 3137 1398 3182 sua

204 3230 274 3286 corte
286 3237 397 3306 stan0,
414 3228 445 3290 si
460 3228 689 3292 consessorno
706 3232 739 3290 al
752 3239 873 3291 nostro
884 3227 1009 3306 Padre‚
1027 3239 1062 3290 et
1087 3228 1110 3290 11
1124 3227 1251 3306 giorno
1267 3227 1301 3289 di
1316 3227 1396 3290 tutti

203 3317 291 3397 Sancti
313 3335 405 3415 dopo
429 3336 541 3398 hauet·
559 3336 737 3399 celebrato
758 3345 792 3398 et
812 3336 1006 3415 predicato.
1030 3335 1059 3396 si
1080 3335 1395 3397 communicorono

203 3443 250 3497 con
260 3442 488 3517 grandissima
504 3443 690 3506 deuotione
705 3461 749 3505 en
765 3452 897 3522 quanto
920 3442 952 3503 io
968 3459 1118 3521 posseua
1134 3441 1303 3516 iudicare,
1320 3459 1395 3520 per-

203 3535 387 3629 ihesempre
402 3529 451 3612 i'ui
466 3559 640 3629 presente.
659 3549 759 3611 Doue
782 3558 914 3628 quanto
930 3549 960 3611 si
986 3565 1115 3627 puossa
1132 3548 1166 3609 (11
1182 3559 1305 3626 questo
1321 3566 1396 3627 spe·

203 3656 260 3711 rare
270 3650 299 3717 S.
314 3655 354 3718 R.
372 3654 409 3718 P.
429 3657 452 3718 il
468 3662 536 3736 puo
551 3657 720 3734 iudicare;
743 3668 866 3736 questo
884 3656 1001 3733 uogiio
1017 3672 1082 3734 pur
1097 3656 1234 3735 sappia,
1261 3657 1345 3734 ogni
1360 3656 1395 3717 di

202 3762 371 3825 accrescere
387 3763 480 3825 nella
496 3760 627 3826 Sancta
653 3763 742 3840 fede,
758 3776 792 3825 et
808 3763 897 3825 nelle
919 3779 1026 3824 cuose
1041 3778 1143 3824 sacre
1158 3762 1396 3840 grandissimo

202 3849 281 3926 lutto
300 3869 329 3931 si
349 3869 450 3932 uede.
473 3868 523 3932 Le
538 3868 743 3956 suefiglioie
767 3870 912 3931 insieme
934 3885 1016 3931 seco
1032 3867 1335 3948 frequentamente
1349 3870 1394 3931 le·

202 3972 270 4033 &0110
281 3974 300 4036 li
311 3976 469 4056 precepti
485 3977 576 4061 della
592 3975 723 4039 Sancta
740 3976 913 4053 doctrina,
931 3976 961 4037 si
976 3957 1150 4037 instruino
1173 3975 1204 4037 le
1220 3976 1346 4038 ancille
1362 3986 1396 4038 et

202 4072 266 4137 tutte
277 4082 358 4145 altre
374 4082 492 4145 donne
507 4083 590 4145 nelli
613 4100 720 4145 cuose
746 4081 934 4161 pertinenti
949 4083 1017 4143 alla
1033 4083 1146 4144 salute
1161 4082 1248 4144 loro.
1265 4081 1395 4146 Nostro

201 4166 285 4247 Patre
297 4189 380 4268 ogni
402 4188 443 4250 (11
464 4205 514 4250 ua
526 4188 571 4251 da
586 4188 788 4251 Matiamma
804 4206 825 4249 a
840 4183 1034 4266 raggionar
1050 4204 1132 4250 seco
1148 4189 1190 4250 de
1206 4207 1313 4252 cuose
1328 4190 1395 4269 spi·

201 4277 294 4355 rituale
308 4295 340 4357 in
356 4294 625 4358 confirmatione
649 4295 834 4373 maggiore
859 4293 950 4355 della
975 4310 1040 4356 sua
1061 4293 1150 4372 fede,
1173 4304 1208 4358 et
1229 4312 1343 4375 puoco
1359 4295 1395 4359 ia

201 4387 425 4465 publicamente
440 4401 476 4464 in
492 4419 560 4464 una
576 4401 666 4465 delle
681 4402 755 4464 sale
770 4400 813 4463 de
828 4397 966 4461 Palatio
985 4400 1130 4479 predico
1152 4419 1172 4464 a
1193 4401 1395 4465 Madamma

202 4501 227 4551 et
238 4500 421 4583 altriliasso
434 4509 467 4572 le
482 4507 621 4588 priuate
635 4505 813 4588 prediche)
827 4522 935 4585 sopra
946 4504 1002 4568 del
1011 4505 1155 4586 Judicio.
1172 4507 1303 4588 Questo
1318 4527 1395 4572 cuo·

201 4604 336 4678 seSinon
358 4632 483 4678 cuome
498 4615 528 4677 si
553 4615 739 4694 ricercaua
761 4616 807 4677 ho
822 4620 984 4694 exposto,
1008 4632 1096 4680 sono
1121 4617 1284 4680 almarico
1303 4621 1395 4679 state
