3210 5392
642 416 706 476 Au.
727 417 797 476 1555
1277 417 1334 475 295

90 562 239 640 inritat,
254 571 374 625 tamen
388 563 438 625 ita
453 571 534 626 sunt
548 563 650 626 nobis
665 563 793 639 affecti,
807 573 846 625 ut
860 564 953 642 quod
965 564 1043 625 loco
1056 562 1165 640 deest,
1179 562 1214 624 id
1226 580 1327 625 umor

86 670 217 733 nostri
228 669 370 733 sarciat.
387 668 461 733 Nec
475 678 594 732 tamen
609 669 737 732 desunt
752 671 981 745 detractores,
1003 669 1063 749 qui
1077 686 1137 746 ea,
1163 686 1253 748 quae
1270 670 1331 732 alii

82 775 263 858 probant,
289 776 488 857 despiciunt
511 785 617 856 atque
638 784 878 840 contemnunt.
906 774 1041 855 Quibus
1067 777 1171 838 rebus
1197 769 1329 838 laetan-

80 884 194 946 dum
203 883 323 947 merito
337 884 441 947 nobis
461 893 529 948 est:
552 884 636 946 sinit
660 884 834 964 siquidem
855 884 954 947 Deus
969 900 1031 947 eos
1047 883 1207 946 aduersis
1222 884 1329 946 rebus

83 991 234 1069 urgeri,
249 1007 340 1072 quos
354 991 462 1054 habet
481 992 675 1070 chariores,
698 1009 779 1054 cum
791 1007 859 1071 quo
888 990 894 1021 ¹
921 991 1124 1070 experiatur
1146 990 1329 1053 hominum

92 1094 213 1160 fidem
224 1106 327 1178 atque
342 1099 592 1177 constantiam,
610 1108 685 1160 tum
699 1115 785 1161 uero
801 1114 868 1177 quo
889 1098 932 1161 iis
946 1098 1049 1160 detur
1066 1096 1181 1159 ueluti
1189 1104 1329 1176 prome·

93 1202 233 1266 'rendi'
245 1205 396 1268 materia
411 1206 622 1268 cumulatior
636 1217 669 1268 et
684 1205 863 1267 illustrior.
881 1204 980 1267 Haec
995 1204 1038 1266 de
1053 1204 1203 1284 spiritali
1219 1203 1332 1281 profe·

99 1312 441 1392 ctuanimarumque
452 1313 567 1375 salute
576 1312 670 1375 dicta
682 1311 867 1375 sufficiant.
877 1309 978 1374 Nunc
989 1328 1044 1388 ea,
1055 1328 1145 1391 quae
1157 1309 1202 1373 ad
1213 1312 1330 1373 litera·

103 1412 171 1476 ria
181 1419 287 1481 studia
300 1419 489 1499 pertinent,
505 1420 631 1499 paucis
645 1420 840 1482 absoluam.

171 1522 363 1605 Antequam
377 1525 546 1588 lectiones
564 1525 814 1605 inciperentur,
843 1525 964 1587 habita
979 1524 1044 1586 luit
1068 1524 1181 1586 oratio
1202 1525 1238 1586 in
1258 1526 1332 1586 lau·

107 1621 191 1693 dem
202 1631 395 1695 studiorum
411 1649 453 1694 eo
479 1632 514 1694 in
533 1630 866 1711 10c0,inqu0R.dr⁵
885 1631 923 1694 P.
945 1631 1076 1694 Lainez
1096 1631 1332 1693 concionaba-

113 1734 183 1798 tur:
197 1737 331 1801 adeam
345 1738 559 1802 audiendam
573 1739 739 1819 frequens
754 1738 939 1801 multitudo
954 1737 1130 1815 conuenit,
1148 1754 1216 1817 qua
1232 1738 1332 1799 abso·

112 1832 193 1922 luta,
205 1844 342 1924 fratreS,
359 1847 419 1926 qui
434 1846 483 1909 illi
498 1847 705 1924 intererant,
732 1855 832 1908 tanta
856 1846 1022 1908 iuuenum
1046 1855 1203 1918 caterua,
1220 1845 1280 1923 qui
1295 1846 1331 1906 in

112 1939 324 2032 disciplinam
339 1964 500 2017 nostram
514 1954 655 2017 tradere
670 1972 708 2016 se
723 1954 899 2032 uolebant,
914 1952 1104 2031 constipati
1124 1951 1268 2014 domum
1279 1968 1330 2013 re·

110 2045 211 2137 diere,
226 2070 263 2123 ut
277 2061 339 2124 uix
353 2077 414 2123 eos
429 2061 617 2139 collegium
631 2077 759 2140 capere
773 2071 905 2140 posset.
920 2057 1039 2122 Primo
1054 2057 1111 2120 die
1127 2075 1196 2138 quo
1211 2060 1330 2137 legere

108 2148 332 2246 incoepimus,
342 2167 583 2246 unusquisque
591 2167 845 2244 magistrorum
853 2165 1216 2242 lectionemauctoriS‚
1227 2180 1332 2244 quem

104 2273 348 2346 exponendum
364 2274 432 2337 hoc
447 2291 540 2336 anno
556 2285 772 2353 susceperat,
790 2274 825 2335 in
841 2274 971 2352 templo
987 2281 1108 2334 nostro
1124 2272 1330 2351 interpreta-

101 2370 160 2434 t¹18
186 2390 249 2459 est,
275 2380 405 2443 additis
424 2379 732 2460 praefatiunculis,
756 2378 801 2442 ad
827 2380 1013 2442 materiam
1040 2377 1328 2453 accommodatis,

94 2479 228 2551 quibus
241 2486 435 2550 interfuere
450 2486 617 2566 Episcopi
632 2487 713 2564 duo,
730 2487 898 2566 multique
921 2486 1055 2548 nobiles
1071 2486 1166 2548 ciues
1188 2494 1330 2565 praeter

90 2582 347 2673 scholasticos
364 2611 513 2674 quorum
526 2610 694 2656 numerus
709 2593 833 2656 indies
848 2593 1007 2672 singulos
1019 2593 1068 2655 ita
1081 2593 1209 2655 crescit
1225 2605 1331 2672 atque

88 2699 266 2778 augetur,
278 2709 316 2763 ut
327 2699 397 2762 nisi
409 2698 450 2762 R.
466 2697 504 2763 P.
522 2700 598 2763 Tua
610 2699 747 2779 aliquos
762 2699 891 2762 fratres
909 2699 1024 2761 mittat
1042 2697 1064 2777 ³,
1079 2698 1326 2761 satisfacturos

85 2806 176 2864 nos
188 2816 301 2870 tantae
316 2806 531 2869 multitudini
555 2808 659 2886 plane
675 2804 882 2869 diffidamus,
906 2804 1008 2883 Nam,
1032 2815 1070 2868 ut
1092 2805 1252 2868 omittam
1267 2823 1329 2868 eos

83 2897 381 2975 ducentesimum
395 2922 429 2975 et
445 2912 666 2992 trigesimum
681 2929 867 2975 numerum
882 2912 1066 2989 excedere,
1085 2912 1266 2975 confluunt
1280 2922 1332 2975 ta·

85 3021 192 3078 men
203 3027 251 3082 tot
265 3019 421 3099 quotidie
432 3020 478 3083 ad
490 3036 566 3098 nos,
582 3028 619 3081 ut
634 3036 705 3082 non
717 3027 854 3081 tantum
865 3019 1067 3098 magistros
1080 3017 1142 3080 sed
1158 3019 1265 3081 etiam
1278 3021 1326 3082 lo·

86 3130 192 3184 cunr
204 3125 401 3189 defuturum
412 3126 608 3204 credamuS,
623 3126 717 3206 quod
732 3126 803 3187 iam
818 3126 973 3204 experiri
988 3125 1218 3203 incoepimus.
1232 3124 1326 3188 RQ

87 3225 203 3292 enim
214 3230 249 3293 P.
265 3231 396 3295 Rector
410 3230 433 3310 ⁴,
450 3233 496 3295 ob
510 3233 696 3312 angustias
712 3233 791 3310 loci,
809 3232 845 3294 in
860 3232 1022 3295 cubiculo
1037 3247 1101 3294 suo
1117 3232 1235 3311 legere
1251 3251 1332 3296 coa-

90 3337 191 3394 ctus
205 3348 264 3402 est.

175 3437 251 3507 Sunt
266 3445 372 3508 diuisi
387 3462 509 3508 omnes
521 3446 557 3507 in
572 3446 724 3524 quinque
738 3447 883 3523 classes,
897 3460 1046 3523 quarum
1060 3446 1196 3525 primae
1211 3446 1332 3510 Alion-

98 3555 175 3603 SUS
193 3544 213 3627 ⁸,
239 3551 416 3615 secundae
440 3552 562 3628 frater
586 3552 753 3634 Jacobus,
785 3551 911 3614 tertiae
933 3552 1061 3629 frater
1090 3551 1331 3632 Hieronimus,

102 3660 250 3720 quartae
262 3659 391 3737 frater
416 3658 629 3738 Aluaradus,
657 3659 802 3721 ultimae
827 3657 1044 3722 Valerianus
1070 3668 1104 3721 et
1129 3659 1332 3723 Bernardus

106 3763 280 3842 praesunt,
297 3765 403 3845 quiet
424 3771 573 3829 nostras
594 3764 762 3827 lectiones
777 3764 943 3826 audrimt.
962 3763 1067 3827 Pueri
1083 3783 1234 3845 magnos
1252 3785 1331 3846 pro·

107 3864 248 3964 {sessus
271 3872 418 3950 iaciunt,
445 3889 525 3935 cum
540 3874 576 3934 in
597 3871 769 3950 doctrina,
794 3880 868 3934 tum
894 3871 930 3934 in
951 3871 1093 3934 uirtute:
1117 3871 1330 3937 confitentur

108 3954 259 4056 llbenter,
276 3996 341 4042 nec
357 3979 489 4058 regulis
504 3979 635 4042 nostris
651 3979 812 4041 obstricti
826 3986 989 4058 spectant
1010 3978 1093 4041 dum
1113 3979 1246 4042 mensis
1262 3981 1331 4043 ela-

105 4054 225 4159 batur,
238 4086 300 4149 sed
313 4085 533 4165 frequentius
547 4085 646 4148 multi
661 4094 883 4165 peccatasua
893 4085 1073 4164 detegunt,
1088 4095 1257 4167 tantoque
1273 4086 1330 4150 de-

98 4193 311 4237 κ

124 4263 131 4293 ¹
166 4286 221 4326 Μ.
231 4285 371 4334 Focaneus.

164 4354 214 4391 Μ
223 4356 250 4403 ils
260 4361 337 4405 detnr
347 4363 518 4405 meritorum.
531 4360 568 4406 Id.

110 4471 124 4502 ὁ
162 4421 209 4460 3ῑ
216 4424 245 4474 R.
256 4432 283 4475 P.
296 4440 341 4476 tun
352 4433 452 4487 aliquos
462 4432 559 4476 fratres
570 4445 621 4476 non
632 4433 729 4477 mlttat.
740 4432 777 4477 Id.

108 4541 121 4573 ὅ
161 4484 208 4533 Ρ·
221 4500 349 4548 Antonius
360 4503 511 4549 Soldevllla.
522 4505 588 4549 Vlde
601 4505 756 4556 Chronicon,
766 4513 784 4548 t.
797 4516 832 4558 rv,
843 4516 903 4559 pag.
913 4504 949 4559 ts,
960 4516 987 4547 n.
999 4504 1035 4548 66.

51 4596 128 4659 cm
162 4559 331 4621 Alphousus
339 4575 496 4631 Fernandez,
508 4578 600 4622 harum
609 4578 864 4622 litterarnmanctor.
876 4577 941 4620 Vlde
952 4576 1107 4630 chronicon,
1116 4581 1165 4623 loc.
1176 4579 1220 4622 clt.
1232 4590 1256 4623 n.
1267 4579 1332 4622 ὣ.-

132 4633 279 4703 Εῗθΐῑιω,
288 4655 395 4703 praeter
406 4651 517 4704 nomina,
528 4651 591 4694 nihil
603 4650 729 4694 novimus.
