3210 5392
587 416 758 476 Luranius
772 430 1043 485 ousuumssrnas

690 1092 924 1178 cccxcii

249 1437 441 1497 Bernartius
454 1435 625 1496 oliverius

284 1534 377 1594 Patri
390 1534 518 1608 Ignatio
534 1534 575 1593 de
589 1533 727 1608 Loyola.

353 1633 516 1704 Tornaco,
531 1632 567 1692 30
579 1632 658 1706 Mali
673 1631 743 1691 1555
757 1633 778 1688 ¹.

768 1944 843 2063 nis

194 2263 425 2342 Omnipotens
440 2265 553 2342 DeuS,
568 2265 631 2343 qui
648 2281 715 2326 nos
735 2280 865 2326 vocare
886 2265 1066 2342 dignatus
1085 2266 1194 2327 estin
1210 2229 1465 2378 societater&

194 2369 357 2447 Ft'lit'sui,
366 2378 484 2434 seruet
495 2388 560 2434 atos
568 2389 690 2433 onznes
698 2379 837 2450 semper
847 2372 886 2433 in
898 2389 967 2434 sua
979 2371 1106 2449 gratia
1118 2377 1152 2434 et
1159 2381 1259 2452 pace.
1271 2374 1381 2436 Amen
1391 2371 1417 2434 ¹.

250 2477 316 2540 Tot
328 2478 509 2540 obruimur
520 2479 675 2556 quotidie
688 2479 754 2558 piis
766 2479 1069 2558 occupationibus
1082 2478 1276 2542 admodum
1290 2479 1367 2542 R.le
1382 2459 1465 2544 inf

190 2583 252 2649 X.⁰
268 2584 382 2658 Pater,
401 2595 438 2647 vt
449 2590 656 2664 praestaret
672 2583 755 2648 ³eas
771 2603 877 2664 opere
889 2585 1016 2665 exequi
1028 2603 1135 2666 quam
1147 2587 1283 2666 scripto
1303 2605 1417 2651 recen·
1440 2589 1465 2678 ἢ

188 2708 289 2770 sere,
317 2693 384 2754 nisi
406 2701 529 2754 sancta
557 2692 755 2755 obedientia
776 2692 928 2771 primum
954 2693 991 2756 in
1021 2693 1185 2757 omnibus
1210 2695 1330 2757 locum
1355 2694 1417 2758 sibi

190 2800 315 2861 merito
339 2798 556 2861 vendicaret.
584 2798 697 2861 Huius
717 2800 835 2878 itaque
850 2801 959 2875 iussu,
983 2816 1073 2880 quae
1094 2800 1258 2880 proximo
1280 2801 1418 2882 quadri-

189 2906 309 2968 mestri
330 2905 386 2968 hic
404 2905 638 2982 contigerunt
653 2903 675 2982 ⁴,
693 2906 816 2984 paucis
838 2907 1064 2985 complectar.

248 3012 352 3074 Pater
363 3024 483 3074 noster
494 3011 533 3073 R.
551 3012 738 3089 Quintinus
753 3010 923 3089 ⁵singulis
937 3012 1060 3075 diebus
1074 3012 1211 3075 sestiuis
1226 3023 1261 3076 et
1273 3014 1419 3077 domini·

186 3119 238 3181 cis
250 3119 577 3198 pergitconcionari
585 3128 618 3181 et
628 3119 825 3181 doctrinam
836 3119 1268 3198 christianamexponere:
1285 3131 1321 3184 et
1330 3123 1420 3184 sicut

185 3225 307 3288 indies
323 3226 451 3288 crescit
471 3226 672 3288 auditorum
687 3242 865 3300 numeruS,
877 3226 926 3287 ita
938 3227 1144 3289 corumdem
1156 3228 1288 3290 crescit
1306 3227 1421 3308 prole-

182 3341 272 3409 ctus;
289 3332 430 3410 plurimi
445 3333 549 3407 enim,
567 3342 712 3411 peracta
732 3333 914 3410 concione,
936 3331 1159 3410 confitentur,
1181 3350 1335 3412 quorum
1363 3336 1420 3397 ali-

185 3438 244 3516 qui
259 3438 303 3499 ab
325 3438 465 3500 haeresi
489 3439 711 3517 resipiscunt,
734 3438 793 3501 alii
818 3455 838 3499 a
865 3437 972 3501 vitiis.
999 3438 1092 3501 Inter
1115 3449 1254 3503 ceteros
1276 3441 1422 3520 quidam

182 3542 340 3607 famosus
355 3544 595 3623 impudicitiae
610 3544 725 3607 fautor
741 3554 774 3607 et
791 3546 930 3624 hospeS,
953 3545 1013 3625 qul
1034 3545 1129 3608 domi
1145 3562 1231 3608 suae
1253 3558 1341 3611 octo
1360 3562 1422 3612 aut

183 3652 300 3730 plures
316 3652 452 3730 publice
467 3652 674 3730 prostitutas
695 3652 829 3730 puellas
854 3651 982 3729 alebat,
1010 3662 1155 3731 peracta
1185 3653 1421 3719 consessione

179 3758 340 3838 generali
355 3759 468 3821 cidem
481 3757 588 3833 Patri,
605 3759 697 3820 serio
710 3758 868 3838 resipuit,
883 3768 916 3821 et
929 3776 1051 3821 omnes
1062 3759 1197 3837 puellas
1211 3760 1294 3822 illas
1310 3778 1333 3823 a
1344 3764 1424 3826 suis

182 3865 328 3928 aedibus
343 3865 482 3941 abiecit,
505 3882 613 3927 vnum
628 3865 773 3928 tradidit
799 3865 933 3945 nuptui,
961 3866 1126 3927 etaltera
1152 3875 1278 3929 nostro
1308 3885 1424 3934 suasu

183 4043 380 4050 ————.

222 4142 230 4173 ¹
259 4141 448 4195 Autographae
460 4142 553 4195 duplici
567 4142 636 4194 lolio,
652 4153 695 4183 un.
708 4140 749 4183 369
764 4148 790 4184 et
800 4139 1012 4192 siu-Quaedam
1027 4141 1052 4184 ln
1065 4141 1097 4184 ils
1112 4143 1260 4195 suppressit
1280 4142 1429 4194 Polaticus.

182 4213 235 4257 ella
243 4224 439 4266 suppressorum
450 4215 506 4257 loco
514 4213 657 4264 substituit,
668 4221 693 4255 et
704 4212 853 4256 litterarum
862 4211 899 4255 sic
911 4212 1106 4255 emendaturum
1116 4214 1305 4267 apographum
1313 4221 1395 4262 extat
1403 4218 1431 4262 iu

177 4284 270 4327 eodem
280 4285 377 4337 codice,
388 4285 449 4328 lolio
459 4284 563 4339 duplici,
575 4295 615 4327 nn.
626 4284 664 4327 371
677 4291 702 4327 et
712 4283 760 4327 372.
773 4283 833 4333 Nos,
842 4290 870 4326 ut
882 4291 970 4327 noster
980 4294 1035 4326 mos
1046 4291 1093 4336 est,
1111 4284 1156 4327 illa
1172 4284 1274 4329 italicis
1291 4288 1369 4342 typis
1386 4290 1432 4334 de-

179 4356 330 4409 scribemus,
342 4357 407 4399 haec
418 4356 450 4399 ad
461 4356 572 4410 paginae
584 4357 680 4399 calcem
692 4366 875 4409 supponemus.

220 4427 231 4458 ⁸
260 4427 356 4471 Horum
366 4429 423 4470 loco
433 4429 538 4482 scripsit
550 4427 677 4470 Polancus
690 4428 747 4470 Pax
756 4426 799 4469 ΧΑ

221 4499 232 4530 ³
260 4499 364 4541 malim.
376 4499 515 4543 Polancus.

220 4572 231 4602 Α
260 4571 456 4616 αειαεκηΗά.

219 4644 230 4673 l·
260 4643 287 4686 P.
297 4643 433 4694 Qulutiuus
444 4643 576 4688 charran.
