3240 5386
192 441 246 500 590
579 444 1032 510 erruaneouanmnssrnes

253 586 356 649 Pater
372 606 457 650 vero
476 588 654 650 Antonius
676 587 684 618 ¹
705 588 828 651 sedulo
850 589 966 668 pergit
988 598 1020 650 et
1042 588 1114 650 lere
1137 589 1313 650 assiduus
1328 587 1430 649 estin

188 693 472 756 confessionibus
492 695 693 772 audiendis,
715 695 750 756 in
770 694 1076 772 communicand0,
1099 695 1133 756 in
1156 693 1383 758 consolando
1397 703 1425 755 et

193 801 368 863 monendo
383 818 476 862 nunc
491 801 557 863 hos
572 819 665 863 nunc
686 802 775 878 illos,
801 801 835 862 in
851 801 1029 864 visitando
1049 801 1300 864 incarceratos
1317 812 1352 863 et
1372 801 1418 863 de·

186 907 396 969 cumbentes
411 908 446 969 in
462 907 707 987 hospitalibus
726 908 896 970 Visitauit
916 917 950 969 et
970 908 1044 986 ipse
1060 910 1170 971 semel
1186 918 1224 970 et
1236 909 1365 971 iterum
1376 908 1414 969 la·

191 1015 358 1076 borantes
383 1023 482 1092 peste
510 1015 553 1076 ab
581 1015 743 1076 omnibus
768 1013 841 1076 sere
867 1014 1066 1077 destitutos,
1093 1013 1259 1077 Misimus
1284 1031 1435 1094 quoque

194 1123 289 1183 illum
305 1121 350 1183 ad
365 1121 502 1200 aliquos
518 1136 632 1199 pagos
647 1121 784 1183 vicinos
799 1120 974 1196 Tornaco‚
991 1121 1052 1183 vbi
1067 1122 1197 1184 multos
1222 1121 1329 1184 valde
1344 1139 1448 1195 con

191 1231 326 1319 solatus
340 1238 393 1289 est
409 1228 443 1289 in
456 1226 620 1305 Domino,
638 1238 672 1289 et
687 1239 876 1307 propterea
891 1229 935 1290 ab
951 1228 1018 1291 illis
1033 1228 1182 1291 subinde
1200 1228 1467 1304 desideramq

191 1344 225 1396 et
241 1344 441 1397 reuocatur.

251 1440 361 1503 Porro
376 1440 414 1504 Ρ.
433 1441 621 1520 Quintinus
636 1440 647 1470 ¹
663 1458 802 1521 semper
824 1443 1050 1521 prosequitur
1065 1453 1100 1504 et
1122 1444 1241 1522 pergit
1264 1444 1300 1505 in
1314 1455 1475 1531 erlj

190 1548 305 1611 canda
322 1547 483 1611 doctrina
496 1548 690 1611 christiana
703 1548 826 1610 diebus
838 1548 947 1626 iestiS,
962 1549 1126 1628 adquam
1139 1567 1210 1612 non
1224 1550 1357 1629 paucic
1427 1577 1475 1628 οη,

191 1654 312 1732 fluunt,
337 1654 547 1734 praesertim
563 1654 686 1717 diebus
698 1654 895 1728 dominicis,
916 1667 985 1717 eta
1003 1657 1176 1718 concione
1189 1655 1266 1718 lere
1283 1673 1353 1718 sem
1363 1678 1475 1743 720,

190 1761 405 1824 conueniunt
421 1760 579 1823 nonnulli
593 1761 708 1840 ipsum
723 1777 788 1840 pro
804 1761 951 1823 consilio
967 1761 1141 1839 habendo,
1161 1764 1217 1824 vel
1230 1761 1459 1837 confessio.

190 1885 233 1930 ne
248 1867 422 1930 facienda.
439 1866 478 1929 In
494 1869 626 1946 templo
641 1868 766 1929 maiori
782 1867 1024 1930 consessiones
1039 1869 1136 1930 audit
1159 1869 1317 1948 quotidie
1331 1867 1438 1961 fere,

191 1976 283 2037 vnde
300 1977 408 2036 multa
424 1975 518 2036 bona
542 1975 728 2052 prouenire
752 1974 930 2053 perspicit,
947 1974 1029 2036 dum
1052 1977 1181 2037 multos
1205 1976 1348 2053 ignaros
1377 1972 1424 2041 in.

190 2082 304 2159 struit,
322 2081 501 2143 desolatos
517 2082 731 2156 consolatur,
749 2081 947 2143 haereticos
963 2081 1008 2143 ad
1023 2082 1239 2144 catholicam
1256 2082 1357 2144 fidem
1370 2096 1411 2142 re-

192 2189 300 2265 ducit,
315 2190 524 2250 vacillantes
540 2187 738 2250 confirmat.

249 2294 370 2357 Obiter
386 2296 470 2357 illud
487 2311 672 2357 recensere
688 2295 724 2356 in
740 2294 857 2357 animo
874 2305 938 2370 est,
956 2295 1050 2373 quod
1065 2296 1229 2374 proxime
1241 2307 1323 2359 ante
1336 2295 1404 2358 Pen-

189 2411 358 2464 tecostem
376 2401 534 2480 contigit.
561 2400 738 2464 Audiebat
759 2402 834 2479 ipse
859 2402 1042 2464 cuiusdam
1066 2403 1136 2465 viri
1152 2403 1295 2465 honesti
1315 2413 1350 2465 et
1363 2421 1408 2465 ca·

182 2509 308 2571 tholiei
324 2509 373 2586 (vt
384 2499 596 2588 apparebat)
620 2509 892 2570 consessionem:
909 2508 1007 2570 venit
1021 2526 1161 2588 quoque
1177 2520 1213 2571 et
1233 2527 1326 2574 vxor
1342 2527 1413 2573 cum

188 2615 306 2677 multis
328 2615 458 2691 liberis
483 2632 632 2693 quorum
653 2615 809 2676 omnium
832 2613 1113 2677 confessionibus
1129 2615 1273 2694 auditis,
1291 2619 1417 2695 reperit

187 2732 299 2784 totam
313 2722 386 2784 sere
402 2720 572 2784 familiam
589 2722 768 2784 erroribus
790 2720 872 2783 fidei
887 2722 1131 2800 deprauatam;
1157 2723 1261 2785 cuius
1277 2722 1369 2786 duae
1388 2724 1420 2786 tl·

187 2830 254 2890 liae
271 2829 454 2907 imprimis,
474 2846 585 2889 annos
602 2839 705 2889 natae
719 2829 860 2889 circiter
872 2828 1011 2904 viginti,
1026 2840 1126 2889 erant
1140 2847 1290 2907 prorsus
1306 2848 1422 2893 sacra·

186 2937 382 2997 mentariae
398 2935 420 2997 ³:
438 2937 562 3010 maior,
581 2954 601 2996 a
617 2936 771 3013 quodam
786 2936 1066 2996 sacramentario
1079 2953 1263 3014 peruersa,
1283 2955 1425 3016 peruer-

187 3051 278 3103 terat
300 3043 484 3119 minorem,
509 3043 657 3103 sednon
680 3041 902 3102 abstinebant
922 3059 942 3103 a
964 3039 1186 3103 confessione
1204 3052 1239 3103 et
1263 3061 1425 3108 commu·

187 3148 290 3209 nione
306 3165 391 3226 prae
408 3149 555 3226 pudore,
574 3148 737 3209 simulate
754 3156 787 3209 et
807 3147 923 3208 minus
943 3147 1081 3224 integre
1103 3146 1333 3228 confitentes,
1359 3171 1430 3214 non

184 3253 371 3315 credentes
387 3271 424 3315 se
441 3255 539 3315 aliud
556 3255 736 3332 accepisse
752 3255 787 3314 in
803 3253 1049 3314 communione
1071 3271 1178 3331 quam
1194 3253 1357 3319 frustum
1374 3277 1433 3339 pa·

185 3359 252 3420 nis:
270 3360 350 3435 iam,
368 3360 446 3420 laus
464 3359 552 3435 De0,
569 3371 603 3421 et
625 3359 834 3421 confitentur
857 3369 890 3420 et
911 3359 1173 3420 communicant
1189 3361 1377 3427 sincerius
1401 3381 1436 3429 et

187 3464 416 3543 frequentius,
444 3475 588 3544 totaque
611 3466 743 3527 familia
765 3465 808 3526 ad
832 3464 935 3526 fidem
959 3465 1171 3526 catholicam
1198 3480 1437 3552 mentemque

187 3590 311 3634 sanam
326 3572 440 3634 rediit.

249 3678 379 3741 Visitat
396 3688 579 3757 praeterea
606 3681 641 3741 in
665 3678 829 3756 hospitali
852 3678 1102 3740 decumbentes
1123 3688 1158 3740 et
1173 3679 1438 3746 incarceratos

188 3787 387 3864 frequenter
404 3805 473 3847 non
488 3797 649 3861 vocatus,
667 3796 701 3846 et
717 3785 907 3863 aliquando
923 3785 1029 3847 etiarn
1046 3804 1066 3845 a
1088 3785 1286 3864 praesectis
1311 3808 1437 3853 carce·

186 3909 264 3953 rum
279 3902 440 3967 vocatus,
459 3909 541 3953 nam
557 3892 679 3970 paucis
695 3891 824 3952 abhinc
840 3891 963 3952 diebus
979 3893 1024 3953 ad
1039 3893 1231 3970 quemdam
1246 3912 1294 3956 ex
1314 3897 1435 3960 incar-

185 4000 315 4060 ceratis
331 4000 400 4077 (qui
418 4000 529 4059 vitam
545 4000 647 4076 plane
660 3998 866 4058 dissolutam
883 4008 916 4058 et
937 3998 1088 4059 alienam
1109 4016 1129 4059 a
1148 3999 1433 4068 christianismo

185 4106 336 4181 vixerat)
358 4105 572 4166 audiendum
593 4105 627 4165 in
651 4104 871 4166 confessione
896 4114 1043 4165 vocatus
1066 4105 1141 4182 l‘uit,
1170 4107 1256 4184 quia
1282 4114 1440 4176 nolebat

184 4210 357 4289 confiteri,
382 4222 441 4273 aut
462 4211 579 4290 potius
600 4228 671 4271 non
695 4212 835 4272 valebat
863 4212 906 4272 ob
933 4212 1118 4274 cerebrum
1144 4230 1376 4282 concussum
1404 4232 1443 4282 et

187 4319 346 4396 grauiter
363 4320 598 4388 vulneratum,
616 4317 675 4395 qui
691 4316 843 4392 tandem,
859 4316 962 4378 Patre
979 4318 1170 4394 instigante
1183 4330 1220 4381 et
1232 4323 1442 4403 clamante,

230 4523 236 4552 ¹
267 4523 294 4564 P.
306 4524 435 4565 Antonius
447 4522 563 4564 Bouelet.

228 4596 238 4625 ³
266 4593 482 4646 Ipselitterarum
493 4599 593 4635 auctor.

226 4664 239 4693 ³
267 4663 332 4706 Vide
343 4675 431 4717 supra,
441 4674 502 4716 pag.
512 4663 560 4706 253.
