3240 5386
186 412 243 470 tss8
574 413 1027 476 errsaaaouanarussrnsss

187 573 232 616 ne
254 555 483 619 Biliomenses
508 556 733 632 offenderem,
758 554 987 627 excusatione
1008 555 1167 632 legitima
1195 555 1248 617 vti
1272 553 1458 617 coactl²8

187 662 246 723 fui.
270 661 383 724 Feriis
398 661 736 742 Transfigurationis
758 661 988 723 concionatus
1009 678 1089 723 sum
1111 660 1253 724 Biliomi
1274 661 1309 724 in
1330 646 1472 724 aede

187 766 461 831 Canonicorum.
478 767 682 832 Praefectus
694 767 917 830 Biliomensis
932 767 1049 830 itidem
1065 776 1102 830 et
1123 768 1315 846 primarius
1329 767 1402 831 Co
1409 771 1476 822 11-

187 876 242 936 sul
264 875 467 937 Issoriensis
488 874 596 937 filium
618 892 718 937 suum
744 873 837 953 apud
852 873 1028 953 hospitem
1043 891 1160 937 meum
1175 876 1369 938 collocauit
1402 865 1474 931 in

186 981 341 1059 gratiam
356 982 435 1057 mei,
453 993 492 1043 vt
510 983 585 1044 solo
600 982 696 1043 vitae
711 982 873 1060 exemplo
893 988 927 1043 et
942 980 1132 1042 arbitraria
1148 998 1259 1060 opera
1279 999 1356 1044 mea
1381 968 1467 1040 ad

186 1087 314 1149 bonam
329 1087 466 1167 frugem
481 1089 664 1167 Vtriusque
678 1087 769 1150 filius
784 1088 1012 1166 prouehatur.
1029 1086 1296 1166 Discipulorum
1306 1093 1433 1151 cate(
1445 1102 1455 1113 ·

186 1211 233 1256 ua
252 1211 307 1256 me
327 1195 502 1271 obrueret,
526 1196 557 1256 si
578 1212 639 1256 eos
660 1195 787 1256 vellem
809 1194 1005 1257 admittere.
1028 1193 1228 1257 Vndecimo
1251 1188 1429 1274 Augusti,

185 1300 362 1363 dominico
378 1301 445 1379 die,
470 1318 572 1363 mane
592 1299 684 1380 apud
707 1299 751 1362 D.
768 1299 918 1380 Lupum,
940 1310 1019 1379 post
1034 1301 1222 1380 prandium
1238 1302 1274 1364 in
1290 1302 1417 1381 templo

186 1424 324 1469 summo
341 1408 572 1469 concionatus
588 1422 677 1470 sum.

246 1513 379 1576 Eodem
394 1513 450 1576 die
466 1532 485 1575 a
502 1513 654 1576 Domino
673 1513 816 1576 Darson
834 1512 841 1542 ¹
859 1515 894 1576 in
909 1512 1200 1593 Assumptionem
1215 1513 1403 1578 Sacratissi·

186 1637 266 1682 mae
285 1620 446 1699 Virginis
467 1631 614 1697 rogatus
633 1637 726 1697 sum,
752 1620 868 1682 missis
889 1620 933 1682 ad
953 1631 1062 1682 meet
1084 1621 1130 1683 ad
1151 1620 1325 1684 Consules
1347 1622 1404 1683 lite·

186 1727 251 1804 ris,
276 1728 375 1789 cuius
398 1744 481 1789 vere
504 1728 553 1805 pii
567 1744 609 1789 ac
633 1727 760 1789 nobilis
774 1727 844 1789 viri
864 1728 1028 1804 precibus
1048 1726 1241 1806 suffragari
1264 1745 1335 1790 non
1358 1743 1406 1807 po-

187 1833 248 1908 tui,
266 1833 333 1895 nisi
355 1850 435 1895 cum
455 1832 589 1895 offensa
610 1832 891 1909 Biliomensium;
915 1847 1130 1913 quamquam
1153 1834 1182 1895 is
1197 1835 1408 1913 propediem.

186 1939 253 2001 mei
274 1940 442 2001 consortii
463 1940 637 2002 desiderio
661 1940 800 2016 ductuS,
823 1939 891 2001 huc
913 1939 1150 2018 commigrare
1174 1930 1411 2003 ¹decreuerite

185 2063 279 2125 pago
302 2047 460 2109 Brocaeo
482 2046 493 2076 ¹
516 2048 669 2126 quinque
692 2047 820 2108 abhinc
841 2046 1047 2109 milliaribus
1069 2047 1206 2110 dissito.
1234 2046 1329 2110 ΚΜ
1350 2046 1415 2110 Ab·

186 2153 251 2215 bas
276 2151 319 2214 D.
348 2153 533 2230 Amabilis,
556 2154 728 2232 simulque
749 2153 855 2215 Curio
876 2153 1122 2231 Ambertinus,
1149 2155 1219 2217 mei
1241 2154 1419 2217 desiderio

187 2260 289 2335 tacti,
311 2278 367 2322 me
386 2260 596 2322 Ambertum
616 2257 643 2335 ³,
667 2259 832 2339 oppidum
855 2260 1005 2335 celebre,
1030 2261 1192 2322 inuitant.
1219 2259 1336 2323 Feriis
1355 2261 1420 2323 As·

187 2366 397 2444 sumptionis
416 2366 615 2443 Marianae,
637 2384 739 2428 mane
763 2366 856 2445 apud
876 2365 920 2427 D.
943 2365 1092 2446 Lupum,
1115 2384 1199 2429 mox
1222 2384 1242 2429 a
1263 2368 1422 2447 prandio

187 2473 221 2533 in
242 2488 379 2534 summo
402 2474 532 2552 templo
555 2472 709 2549 Biliomi,
732 2472 881 2551 denique
904 2484 983 2552 post
997 2475 1240 2552 vespertinum
1262 2474 1423 2538 officiunt

185 2578 279 2657 apud
295 2578 449 2641 Montem
465 2580 640 2641 Morinum
660 2580 889 2642 concionatus
905 2597 994 2642 sum.
1011 2578 1175 2642 Proxime
1186 2580 1424 2660 subsequenti

187 2685 242 2747 die
262 2685 451 2761 dominico,
477 2686 530 2748 bis
551 2686 671 2749 itidem
690 2686 828 2748 Biliomi
847 2687 1086 2749 Ecclesiastae
1106 2704 1251 2749 munere
1270 2687 1425 2753 functus

184 2809 275 2853 sum.

247 2898 359 2960 Feriis
375 2898 419 2959 D.
437 2898 699 2960 Bartholomaei
715 2900 750 2960 in
772 2915 865 2977 pago
888 2900 982 2960 Bord
999 2910 1213 2978 nuncupat0,
1232 2900 1320 2963 hinc
1338 2902 1427 2964 duo-

186 3007 250 3066 bus
263 3005 469 3065 milliaribus
485 3005 641 3081 distanti,
660 3008 828 3067 concione
844 3005 975 3081 habita,
992 3006 1184 3068 honorilice
1201 3025 1221 3067 a
1238 3009 1427 3072 nobilibus

183 3122 353 3189 exceptus
369 3129 458 3173 sum.
476 3112 542 3173 Dic
559 3111 745 3172 Dominico
760 3112 829 3172 ’ΞΜ
843 3111 1008 3188 Augusti,
1024 3113 1058 3174 in
1071 3130 1164 3191 pago
1177 3112 1293 3192 Fayet
1308 3120 1428 3180 nomi-

187 3228 279 3289 nato,
301 3236 416 3285 mane,
441 3228 474 3279 et
495 3219 588 3297 apud
604 3217 758 3279 hlontem
776 3217 963 3295 Morinum,
985 3219 1119 3297 Faycto
1142 3220 1316 3298 ricinum,
1343 3239 1428 3301 post

186 3325 371 3401 prandium
388 3325 498 3385 vcrba
516 3325 560 3385 ad
576 3327 739 3403 populum
757 3323 835 3385 feci.
861 3324 1044 3402 vigesimo
1064 3325 1217 3404 Augusti
1240 3325 1430 3391 Reueren-

183 3429 351 3491 dissirnus
363 3430 561 3508 Episcopus
574 3429 853 3492 Clarmontensis
865 3431 1051 3493 Biliomum
1064 3433 1171 3509 venit,
1184 3449 1363 3512 meaeque
1376 3438 1430 3498 in-

186 3537 302 3598 tersuit
320 3528 542 3615 theologicae
557 3537 777 3615 professioni,
796 3538 852 3598 cui
868 3555 939 3599 non
956 3555 1079 3616 parum
1096 3539 1227 3618 placuit
1240 3558 1283 3601 ea
1301 3544 1429 3615 lectio,

186 3660 291 3722 quam
307 3656 389 3705 tunc
405 3645 576 3721 temporis
597 3660 718 3705 coram
739 3645 815 3722 ipso
836 3645 952 3707 habui.
976 3645 1008 3707 Is
1029 3662 1083 3707 mc
1105 3646 1235 3723 insigni
1259 3651 1430 3725 quodam

186 3748 311 3811 aflectu
338 3751 572 3827 amplectitur,
600 3761 633 3811 et
657 3751 870 3830 Euscopiam
890 3770 959 3814 non
980 3770 1061 3814 raro
1083 3763 1189 3815 vocat
1216 3753 1340 3832 adse,
1366 3761 1431 3837 qui

186 3856 330 3934 Collegii
348 3856 535 3918 extruendi
551 3858 706 3918 animum
723 3860 1021 3937 promptissimum
1038 3861 1247 3938 concepisse
1270 3866 1425 3927 asserir:

183 3978 253 4040 qua
274 3964 316 4023 lle
339 3982 376 4023 re
396 3962 436 4024 20
462 3962 616 4041 Augusti
639 3964 683 4025 ad
708 3963 818 4025 Rham
840 3964 879 4026 T.
903 3966 1022 4027 literas
1042 3966 1148 4043 misit,
1172 3984 1213 4028 ac
1238 3972 1434 4035 secundas

186 4082 286 4146 parat
305 4068 325 4130 ⁴.

225 4273 232 4304 ¹
262 4272 311 4324 Sic,
323 4275 405 4315 eritne
417 4274 457 4316 hic
470 4285 543 4326 quem
556 4274 617 4315 l'rat
629 4276 744 4327 appellat
757 4272 792 4315 Le
804 4277 935 4327 seigneur
946 4276 1091 4329 uApcnon,
1103 4288 1274 4327 guraverneur
1289 4282 1330 4324 du
1341 4289 1435 4341 ρῳ)

185 4342 236 4385 Loc
257 4346 308 4394 cit,
321 4354 387 4396 part.
399 4357 433 4392 111.
446 4346 487 4386 lib.
500 4355 516 4393 r,
529 4345 643 4397 pagati.

224 4414 234 4442 ¹
263 4414 299 4457 Le
313 4415 386 4458 Broc.

225 4485 235 4514 ⁵
263 4487 381 4529 Ambert.

226 4558 234 4587 ⁸
264 4557 342 4599 Binac
356 4559 404 4599 hae
416 4561 518 4601 litterae
530 4559 636 4608 periisse
654 4561 779 4604 videntnn
792 4563 885 4603 nullam
904 4564 969 4604 enim
988 4574 1076 4605 earum
1094 4566 1249 4609 mentionem
1268 4567 1337 4613 lacit
1357 4573 1432 4621 Prat.

185 4631 209 4670 in
221 4631 260 4671 lns
272 4631 348 4671 rebus
359 4629 578 4681 diligentissimus.
