3210 5392
556 1123 750 1243 onum

90 1497 252 1560 tiicolaus
268 1502 426 1576 Lanoyus

130 1598 220 1658 Patri
237 1599 363 1674 ignatio
374 1599 416 1658 de
429 1599 569 1671 Loyola.

166 1697 307 1769 Vienna,
319 1696 356 1757 28
370 1697 515 1770 Augusti
531 1697 600 1756 1555
615 1694 636 1752 ¹.

609 1954 709 2026 Jesus

92 2223 191 2289 Cum
205 2242 375 2307 praesens
392 2226 494 2288 huius
510 2227 593 2288 anni
608 2225 784 2288 secundus
799 2223 1067 2304 quadrimestris
1088 2227 1133 2290 ad
1152 2230 1269 2292 termi-

90 2344 128 2395 n
151 2349 254 2396 suurn
279 2332 352 2395 lere
374 2332 580 2407 decurrerit,
606 2333 697 2395 ratio
723 2332 791 2395 mei
813 2333 917 2398 officii
938 2336 1092 2415 postulat
1117 2344 1154 2397 ut
1173 2337 1270 2399 uelut

90 2439 166 2502 ssis
178 2442 249 2502 iam
264 2440 477 2518 praeteritae
493 2440 659 2502 collectos
675 2439 873 2519 manipulos
889 2460 935 2504 ex
949 2457 1038 2520 agro
1053 2441 1269 2506 Germanico

90 2540 96 2582 ¹
128 2556 208 2609 tuae
223 2546 472 2610 transmittam.
489 2544 558 2608 Sed
573 2546 708 2608 utinam
721 2563 793 2608 non
805 2563 872 2625 ego
898 2550 994 2611 solus
1009 2548 1045 2611 in
1060 2544 1114 2611 his
1129 2549 1268 2628 prouin-

90 2663 118 2728 ἰ,
134 2654 195 2716 sed
211 2655 331 2732 plures
347 2671 365 2715 e
380 2652 538 2732 pluribus
552 2652 641 2714 locis
656 2653 744 2714 istas
761 2653 936 2732 primitias
951 2653 1093 2733 frugum
1105 2655 1267 2734 spiritua-

90 2770 128 2821 τι
142 2761 379 2822 conueherent
394 2761 429 2820 in
446 2759 574 2821 horrea
589 2767 670 2820 tuae
685 2757 922 2821 Paternitatis.
939 2758 1094 2836 Utinam,
1109 2761 1267 2840 inquam,

90 2866 183 2928 >rimi
196 2876 426 2928 cernerentur
451 2881 626 2927 messores
651 2865 686 2926 in
712 2865 926 2928 vastissimis
951 2883 994 2928 ac
1019 2866 1271 2931 desertissimis

90 2985 141 3035 ce
155 2972 369 3051 regionibus,
387 2972 446 3051 qui
461 2973 566 3049 longe
577 2973 717 3050 lateque
732 2989 825 3034 nunc
837 2983 1048 3052 propagata,
1065 2982 1099 3035 et
1114 2974 1270 3053 quotidie

90 3080 184 3157 'gius
204 3079 377 3159 latiusque
400 3078 580 3157 serpentia
606 3078 794 3140 haeresum
819 3079 956 3141 zizania
978 3079 1138 3158 stirpitus
1158 3081 1270 3144 eradi·

90 3194 176 3264 'ent‚
199 3195 234 3248 et
259 3203 322 3265 pro
347 3184 528 3247 inutilibus
554 3185 738 3264 noxiisque
761 3185 890 3261 herbis,
917 3185 1047 3248 bonum
1074 3203 1271 3266 purumque

90 3305 163 3354 nen
177 3292 375 3355 catholicae
389 3289 572 3353 doctrinae
588 3301 827 3354 consererent.
841 3290 877 3354 Si
891 3293 1021 3371 plureS,
1035 3310 1185 3373 quorum
1197 3311 1270 3357 mu·

90 3410 105 3454 s
125 3398 296 3478 inprimis
311 3407 363 3460 est
379 3414 526 3477 pascere
543 3398 658 3477 potius
673 3415 779 3478 quam
792 3398 902 3477 pasci,
916 3398 1139 3462 imitarentur
1155 3417 1272 3465 exem-

90 3520 141 3567 ιιι
154 3504 447 3569 christianissimi
474 3503 582 3582 Regis
610 3502 850 3567 Rornanorum
874 3503 898 3583 ¹,
925 3505 1117 3584 singularis
1133 3508 1274 3587 patroni

90 3612 166 3690 nri,
183 3628 408 3692 speraremus
429 3611 527 3673 breui
550 3610 705 3673 futurum
722 3620 759 3673 ut
775 3613 879 3689 longe
901 3613 1042 3691 plurimi
1064 3630 1142 3677 sese
1156 3614 1271 3677 accin-

90 3729 170 3782 *ent
195 3719 241 3781 ad
262 3717 481 3796 operandum
495 3717 680 3780 nobiscum
697 3718 734 3780 in
753 3717 821 3780 hac
836 3727 910 3780 tam
935 3719 1063 3782 misere
1085 3720 1273 3784 deuastata

90 3835 155 3888 tea
169 3825 315 3889 Domini
330 3823 498 3888 Sabaoth.

96 3929 269 3995 Studiosa
284 3932 378 3994 enim
394 3931 556 3993 iuuentus
571 3931 790 4010 germanica,
814 3947 906 4010 quae
928 3933 1054 3995 saltem
1076 3933 1182 4011 plane
1197 3950 1276 3996 cor·

90 4047 152 4100 >ta
167 4057 237 4101 non
250 4050 303 4100 est
315 4037 503 4100 haereticis
520 4037 756 4117 opinionibus,
770 4038 991 4118 simulatque
1009 4037 1145 4102 videret
1160 4040 1275 4102 nostri

90 4136 180 4208 linis
195 4145 355 4208 homines
370 4162 390 4207 a
407 4144 625 4223 principibus
641 4145 728 4206 viris
743 4145 878 4224 passim
892 4144 928 4208 in
953 4145 1068 4224 pretio
1090 4145 1224 4224 haberi,
1242 4157 1278 4208 et

90 4251 220 4314 studiis
232 4250 437 4313 melioribus
451 4251 643 4313 liberaliter
658 4250 852 4329 confoueri,
869 4252 952 4314 hinc
968 4251 1213 4330 proculdubio
1230 4253 1274 4316 de

93 4356 204 4421 tituto
219 4367 342 4420 nostro
358 4366 392 4419 et
408 4358 549 4420 omnino
565 4356 608 4419 de
635 4357 833 4420 orthodoxa
850 4356 916 4420 fide
937 4357 1123 4437 syncerius
1139 4358 1280 4423 melius-

90 4487 263 4509 Q...—

127 4559 312 4614 hutographae
323 4560 348 4603 ln
359 4559 521 4614 quadruplici
532 4560 603 4614 lolio,
613 4571 654 4602 nn.
665 4558 765 4613 268·270;
777 4570 868 4603 verum
878 4559 904 4604 in
916 4560 948 4604 lis
959 4560 1015 4604 sola
1024 4559 1189 4616 subscriptio,
1198 4574 1214 4606 a
1222 4574 1283 4607 ver·

100 4624 134 4674 Ἰ,
143 4631 174 4675 R.
185 4631 225 4685 1³„
234 4637 294 4675 sunt
304 4643 381 4676 manu
393 4632 481 4676 Patris
492 4631 604 4688 Lanoyl.

90 4693 94 4719 ³
131 4699 285 4746 Ferdinandl
299 4701 320 4746 1.

158 4792 196 4850 Τ.
212 4809 256 4848 ιιι.
1108 4797 1142 4868 36
