3210 5392
663 445 728 504 Art.
750 445 821 504 1555
1304 447 1366 506 363⁴

120 588 185 647 tes
203 589 245 653 ad
257 590 512 654 consessionem
529 590 715 655 admittere
727 593 861 656 uolunt:
883 609 953 654 non
977 601 1096 655 tamen
1121 601 1293 655 reuocant
1310 595 1360 666 (ut

104 697 338 778 accepilsed
358 699 488 761 misere
513 698 772 778 derelinquunt.
799 698 839 761 In
864 715 933 778 quo
958 700 1099 762 nonnisi
1125 700 1359 762 uetustissimi

98 806 335 868 ueteratoris
350 804 464 867 hostis
479 807 596 885 primi,
620 805 766 868 humani
790 805 934 885 generis
957 804 1104 868 exitium
1126 806 1248 884 moliti,
1264 807 1358 869 irau-

82 903 286 974 dulentas
300 920 334 973 et
354 928 478 974 omnes
498 911 644 975 insidias
670 912 883 975 excedentes
903 921 1070 976 extensas
1094 913 1221 992 plagas
1236 913 1356 975 existi·

79 1026 270 1093 marem,
287 1035 418 1081 annon
446 1035 582 1095 uerum,
609 1035 779 1098 percusso
805 1030 959 1098 pastore,
987 1020 1239 1100 disperguntur
1258 1021 1360 1083 oues?

180 1120 254 1188 Sed
268 1141 408 1188 summa
422 1125 486 1188 suit
502 1125 538 1188 in
553 1127 663 1189 coelis
674 1126 845 1189 exultatio
861 1143 941 1189 cum
957 1127 1012 1190 his
1033 1126 1212 1190 mensibus
1234 1145 1279 1189 ex
1301 1144 1360 1189 no·

70 1225 250 1294 bilibus
265 1231 409 1312 qnidam
424 1232 531 1296 animi
546 1233 602 1296 sui
617 1233 715 1295 labes
730 1235 899 1314 repellere
914 1243 1099 1313 exoptaret
1115 1243 1150 1297 et
1165 1234 1360 1297 confessio-

63 1335 172 1398 nis
197 1356 315 1402 amore
329 1339 511 1418 flagraret,
528 1339 566 1403 P.
583 1337 624 1402 N.
644 1339 852 1403 Rectorem·
870 1341 992 1418 adiuit,
1010 1358 1031 1402 a
1046 1358 1116 1420 quo
1128 1351 1358 1420 peccatorum

60 1440 382 1509 absolutionem
397 1463 460 1526 per
475 1458 738 1510 sacramentum
753 1447 863 1526 petiit.
887 1446 991 1510 Pater
1006 1464 1103 1526 uero,
1125 1447 1186 1526 qui
1208 1448 1283 1509 eius
1295 1465 1355 1537 ¹sa·

65 1544 360 1634 internaeque
375 1571 418 1616 ac
433 1570 536 1617 suam
551 1552 786 1640 desiderabat,
804 1571 889 1618 suae
906 1553 1162 1634 efflagitationi,
1180 1565 1279 1617 tanto
1296 1555 1355 1617 ho·

63 1659 272 1723 nestatis
287 1660 420 1724 decore
432 1661 605 1739 obtectae,
619 1659 831 1724 obstandum
842 1662 918 1725 fore
929 1679 1000 1725 non
1012 1662 1124 1740 duxit,
1138 1677 1248 1742 quare
1265 1661 1310 1724 ad
1325 1664 1358 1725 ei

55 1765 416 1831 satisfaciendum
427 1784 465 1830 se
479 1766 685 1830 accinxitls
696 1768 850 1846 tandem,
865 1768 1088 1831 confessione
1111 1768 1287 1845 absoluta,
1301 1769 1360 1831 do-

60 1878 231 1952 mum,
245 1883 344 1937 tanto
358 1891 503 1937 munere
516 1874 679 1952 donatus
693 1876 857 1937 exultans
869 1874 917 1952 (ut
929 1873 1074 1938 credere
1087 1891 1152 1955 par
1163 1874 1229 1951 est)
1242 1877 1360 1955 profe⁶

52 1979 214 2059 ctus,
228 1980 370 2043 diuinae
382 1981 523 2058 gratiae
536 1980 725 2044 uelleribus
736 1979 887 2056 effultus,
901 1982 967 2043 sub
980 1982 1111 2044 vexillo
1124 1980 1277 2045 Sanctae
1288 1980 1356 2044 Ro·

61 2088 251 2151 manae
268 2086 452 2151 Ecclesiae
467 2088 578 2150 uitam
594 2089 793 2168 transigere
809 2096 843 2150 et
858 2089 923 2150 sub
939 2087 1062 2151 eodem
1079 2091 1236 2152 animam
1253 2088 1361 2152 effun-

55 2178 209 2257 dere
231 2196 379 2273 posthac
402 2194 562 2259 decreuit
577 2194 787 2273 (recesserat
802 2195 895 2258 enim
911 2213 931 2256 a
947 2206 1045 2258 recto
1062 2195 1187 2259 itinere
1204 2193 1360 2260 Sanctae

59 2283 224 2363 Fidei
237 2301 445 2364 Catholicae
459 2300 654 2379 Romanae,
678 2310 712 2364 et
728 2302 764 2364 in
778 2301 954 2364 haeresim
980 2301 1111 2365 effusus
1129 2303 1359 2383 spurcissime

55 2392 297 2485 degebat).
322 2406 445 2488 ltaque
470 2418 545 2471 tum
560 2416 597 2471 ut
623 2408 843 2487 occasiones
866 2409 994 2488 quibus
1021 2408 1066 2472 ad
1091 2410 1357 2474 inseruiendum

63 2508 278 2577 nefariae
292 2515 433 2579 haeresi
448 2523 555 2595 atque
571 2515 701 2595 impiae
713 2516 846 2579 attrahi
865 2516 1049 2596 potuisset,
1073 2517 1264 2595 dirimeret,
1282 2527 1357 2580 tum

60 2621 197 2686 quo
210 2618 379 2684 Romanis
393 2621 546 2684 decretis
561 2640 582 2685 a
609 2620 751 2685 Sanctis
771 2621 1001 2685 Pontificibus
1027 2623 1178 2685 sancitis
1194 2639 1232 2685 se
1255 2623 1358 2685 mori·

62 2727 116 2792 g
118 2736 247 2790 erum
260 2729 507 2808 praestitisset,
525 2729 653 2809 quibus
667 2747 737 2791 non
753 2728 857 2791 modo
873 2746 943 2791 non
956 2730 1130 2791 obluctari
1145 2746 1258 2808 neque
1272 2745 1356 2791 con·

76 2828 289 2911 temnere,
311 2836 374 2899 sed
396 2834 522 2898 eadem
547 2853 633 2915 prae
664 2838 816 2898 caeteris
843 2838 1012 2899 extollere
1038 2836 1081 2914 (si
1108 2835 1189 2916 quid
1215 2846 1357 2916 praeter

77 2926 275 3005 Sanctae
291 2941 476 3005 Romanae
491 2942 674 3005 Ecclesiae
694 2942 921 3005 traditionem
936 2943 1175 3005 extollendum
1196 2941 1359 3006 ducimus

78 3050 145 3101 et
168 3060 245 3110 non
259 3049 376 3129 potius
393 3050 675 3113 conculcandum
690 3061 724 3112 et
746 3060 784 3113 ut
805 3051 1015 3113 uilissimum
1036 3061 1070 3112 et
1091 3050 1274 3113 Catholica
1290 3048 1358 3112 fide

89 3142 305 3233 indignum
321 3157 645 3234 exterminandum,
662 3168 769 3237 atque
783 3159 818 3220 in
830 3158 1022 3238 penitiores
1038 3157 1165 3220 tartari
1177 3156 1280 3219 sedes
1301 3157 1357 3219 de·

94 3259 359 3341 trudendum),
382 3272 421 3327 ut
446 3280 553 3328 uerus
574 3264 794 3327 obedientiae
810 3265 901 3328 lilius
916 3264 1109 3342 constituit;
1127 3263 1169 3326 60
1187 3265 1358 3327 librorum

98 3363 301 3433 uolumina
316 3371 363 3434 ad
382 3378 546 3433 nostrum
570 3370 767 3449 Collegium
793 3370 913 3434 afferri
934 3371 1047 3449 iussit,
1074 3371 1110 3433 in
1131 3388 1283 3451 quorum
1298 3371 1359 3432 ali·

98 3469 378 3558 quibuspiam
405 3479 546 3540 fuerant
578 3494 686 3557 opera
713 3478 985 3557 compaginata,
1011 3495 1122 3557 eaque
1157 3496 1177 3539 a
1206 3477 1357 3541 diuersis

115 3575 330 3647 authoribus
354 3583 460 3647 edita.
488 3585 612 3662 Erant,
640 3582 716 3646 R.‘¹e
748 3584 863 3657 Pater,
888 3601 993 3663 quam
1018 3585 1150 3662 optime
1171 3586 1356 3665 impressa,

119 3684 273 3753 candide
286 3692 441 3768 obtecta,
459 3707 571 3772 aeque
587 3692 741 3771 expolita
758 3703 862 3771 atque
883 3691 1038 3754 studiose
1059 3709 1216 3768 annexa,
1234 3702 1267 3755 et
1282 3702 1358 3755 tan·

127 3777 262 3860 demea
279 3798 468 3878 superficie
483 3808 700 3876 constructa,
726 3816 816 3878 quae
836 3798 1075 3862 studiosorum
1094 3798 1231 3862 animos
1255 3800 1358 3862 facile

133 3880 361 3967 delectabant.
379 3902 651 3969 Sedoiacinus!
678 3906 817 3985 qualem
843 3905 1027 3985 mephitim
1051 3906 1192 3968 reclusa
1217 3905 1358 3967 exhala-

133 3982 227 4061 bam!
241 4012 342 4090 quale
357 4013 458 4074 uirus
473 4012 692 4074 emittebant!
710 4013 849 4091 quantis
864 4013 1018 4075 colubris
1039 4011 1271 4092 pullulabant!
1288 4013 1358 4091 ple·

135 4105 174 4155 ¹¹⁸
195 4106 387 4182 falsitatum
413 4118 599 4182 mendacia
625 4119 828 4182 nutriebant
848 4119 925 4199 ipso
945 4119 1130 4181 mendacio
1147 4117 1356 4198 insigniora,

131 4207 220 4277 ⁰⁰¹¹¹i
237 4222 409 4288 dedecore
425 4243 467 4289 ac
482 4225 701 4306 turpitudine
722 4227 921 4301 scatebant;
943 4236 977 4287 et
1003 4243 1046 4288 ne
1065 4225 1235 4306 pluribus,
1252 4242 1352 4305 prae·

129 4300 238 4388 clafis
250 4331 429 4395 erroribus
447 4331 699 4408 condecorata,
722 4331 942 4396 crudissimis
968 4332 1099 4395 aculeis
1124 4332 1297 4395 feriebant
1313 4348 1356 4392 ac

122 4416 346 4518 quaCumque
361 4438 531 4502 foeditate
547 4448 750 4520 perpetrata
773 4441 911 4503 fuerant
927 4439 1085 4518 condita;
1109 4439 1158 4501 ita
1179 4448 1217 4501 ut
1233 4455 1254 4499 a
1269 4438 1359 4500 ueri·

123 4556 339 4608 &-

154 4649 163 4681 ¹
199 4666 226 4710 Ρ
246 4678 403 4731 Joannemle
415 4681 545 4727 Pelletler.
