<?xml version="1.0" encoding="UTF-8"?>
<!DOCTYPE html PUBLIC "-//W3C//DTD XHTML 1.0 Transitional//EN"
    "http://www.w3.org/TR/xhtml1/DTD/xhtml1-transitional.dtd">
<html xmlns="http://www.w3.org/1999/xhtml" xml:lang="en" lang="en">
 <head>
  <title>
</title>
<meta http-equiv="Content-Type" content="text/html;charset=utf-8" />
  <meta name='ocr-system' content='tesseract 3.04.00' />
  <meta name='ocr-capabilities' content='ocr_page ocr_carea ocr_par ocr_line ocrx_word'/>
</head>
<body>
  <div class='ocr_page' id='page_1' title='image "./litteraequadrim02jesugoog_0514.png"; bbox 0 0 3240 5386; ppageno 0'>
   <div class='ocr_carea' id='block_1_1' title="bbox 343 1111 1249 1161">
    <p class='ocr_par' dir='ltr' id='par_1_1' title="bbox 343 1111 1249 1161">
     <span class='ocr_line' id='line_1_1' title="bbox 343 1111 1249 1161; baseline -0.007 -1"><span class='ocrx_word' id='word_1_1' title='bbox 343 1117 557 1161; x_wconf 71' lang='lat' dir='ltr'>Praecedentlum</span> <span class='ocrx_word' id='word_1_2' title='bbox 568 1116 656 1159; x_wconf 80' lang='lat' dir='ltr'>Patris</span> <span class='ocrx_word' id='word_1_3' title='bbox 664 1115 736 1159; x_wconf 88' lang='lat' dir='ltr'>Petri</span> <span class='ocrx_word' id='word_1_4' title='bbox 750 1115 870 1159; x_wconf 75' lang='lat' dir='ltr'>Nat-arro</span> <span class='ocrx_word' id='word_1_5' title='bbox 880 1116 1028 1158; x_wconf 83' lang='lat' dir='ltr'>litterarum</span> <span class='ocrx_word' id='word_1_6' title='bbox 1039 1113 1121 1156; x_wconf 73' lang='lat' dir='ltr'>latina</span> <span class='ocrx_word' id='word_1_7' title='bbox 1133 1111 1220 1155; x_wconf 82' lang='lat' dir='ltr'>versio</span> <span class='ocrx_word' id='word_1_8' title='bbox 1233 1113 1249 1154; x_wconf 86' lang='lat'>¹.</span> 
     </span>
    </p>
   </div>
   <div class='ocr_carea' id='block_1_2' title="bbox 755 1333 830 1448">
    <p class='ocr_par' dir='ltr' id='par_1_2' title="bbox 755 1333 830 1448">
     <span class='ocr_line' id='line_1_2' title="bbox 755 1333 830 1448; baseline -0.027 0"><span class='ocrx_word' id='word_1_9' title='bbox 755 1333 830 1448; x_wconf 70' lang='lat' dir='ltr'>uls</span> 
     </span>
    </p>
   </div>
   <div class='ocr_carea' id='block_1_3' title="bbox 112 1651 1410 4289">
    <p class='ocr_par' dir='ltr' id='par_1_3' title="bbox 244 1651 998 1717">
     <span class='ocr_line' id='line_1_3' title="bbox 244 1651 998 1717; baseline -0.003 -1"><span class='ocrx_word' id='word_1_10' title='bbox 244 1651 448 1717; x_wconf 89' lang='lat' dir='ltr'>Reuerende</span> <span class='ocrx_word' id='word_1_11' title='bbox 464 1652 656 1717; x_wconf 86' lang='lat' dir='ltr'>admodum</span> <span class='ocrx_word' id='word_1_12' title='bbox 671 1653 706 1715; x_wconf 91' lang='lat' dir='ltr'>in</span> <span class='ocrx_word' id='word_1_13' title='bbox 722 1652 865 1716; x_wconf 90' lang='lat' dir='ltr'>Christo</span> <span class='ocrx_word' id='word_1_14' title='bbox 880 1651 998 1715; x_wconf 88' lang='lat' dir='ltr'>Pater.</span> 
     </span>
    </p>

    <p class='ocr_par' dir='ltr' id='par_1_4' title="bbox 135 1757 1410 1947">
     <span class='ocr_line' id='line_1_4' title="bbox 141 1757 1410 1842; baseline -0.003 -19"><span class='ocrx_word' id='word_1_15' title='bbox 141 1826 153 1837; x_wconf 63' lang='lat'>,</span> <span class='ocrx_word' id='word_1_16' title='bbox 246 1758 388 1825; x_wconf 86' lang='lat' dir='ltr'>Summa</span> <span class='ocrx_word' id='word_1_17' title='bbox 402 1762 520 1841; x_wconf 87' lang='lat' dir='ltr'>gratia</span> <span class='ocrx_word' id='word_1_18' title='bbox 536 1771 569 1824; x_wconf 91' lang='lat' dir='ltr'>et</span> <span class='ocrx_word' id='word_1_19' title='bbox 584 1778 657 1840; x_wconf 85' lang='lat' dir='ltr'>pax</span> <span class='ocrx_word' id='word_1_20' title='bbox 669 1760 753 1842; x_wconf 89' lang='lat' dir='ltr'>Jesu</span> <span class='ocrx_word' id='word_1_21' title='bbox 770 1759 901 1823; x_wconf 88' lang='lat' dir='ltr'>Christi</span> <span class='ocrx_word' id='word_1_22' title='bbox 916 1757 1059 1822; x_wconf 89' lang='lat' dir='ltr'>Domini</span> <span class='ocrx_word' id='word_1_23' title='bbox 1073 1758 1195 1822; x_wconf 88' lang='lat' dir='ltr'>Nostri</span> <span class='ocrx_word' id='word_1_24' title='bbox 1211 1759 1255 1821; x_wconf 91' lang='lat' dir='ltr'>sit</span> <span class='ocrx_word' id='word_1_25' title='bbox 1271 1775 1410 1838; x_wconf 85' lang='lat' dir='ltr'>semper</span> 
     </span>
     <span class='ocr_line' id='line_1_5' title="bbox 135 1842 1065 1947; baseline 0.003 -21"><span class='ocrx_word' id='word_1_26' title='bbox 135 1842 221 1924; x_wconf 70' lang='lat'>¹¹1</span> <span class='ocrx_word' id='word_1_27' title='bbox 235 1867 378 1947; x_wconf 87' lang='lat' dir='ltr'>diesque</span> <span class='ocrx_word' id='word_1_28' title='bbox 394 1877 532 1930; x_wconf 86' lang='lat' dir='ltr'>crescat</span> <span class='ocrx_word' id='word_1_29' title='bbox 547 1868 584 1930; x_wconf 92' lang='lat' dir='ltr'>in</span> <span class='ocrx_word' id='word_1_30' title='bbox 598 1867 763 1930; x_wconf 87' lang='lat' dir='ltr'>cordibus</span> <span class='ocrx_word' id='word_1_31' title='bbox 778 1866 921 1929; x_wconf 90' lang='lat' dir='ltr'>nostris.</span> <span class='ocrx_word' id='word_1_32' title='bbox 938 1865 1065 1929; x_wconf 87' lang='lat' dir='ltr'>Amen.</span> 
     </span>
    </p>

    <p class='ocr_par' dir='ltr' id='par_1_5' title="bbox 112 1972 1409 2799">
     <span class='ocr_line' id='line_1_6' title="bbox 241 1972 1409 2054; baseline -0.003 -18"><span class='ocrx_word' id='word_1_33' title='bbox 241 1973 465 2054; x_wconf 87' lang='lat' dir='ltr'>Quamquam</span> <span class='ocrx_word' id='word_1_34' title='bbox 479 1973 638 2054; x_wconf 90' lang='lat' dir='ltr'>pluribus</span> <span class='ocrx_word' id='word_1_35' title='bbox 652 1990 759 2054; x_wconf 85' lang='lat' dir='ltr'>quam</span> <span class='ocrx_word' id='word_1_36' title='bbox 774 1973 920 2052; x_wconf 85' lang='lat' dir='ltr'>triginta</span> <span class='ocrx_word' id='word_1_37' title='bbox 936 1986 989 2035; x_wconf 91' lang='lat' dir='ltr'>est</span> <span class='ocrx_word' id='word_1_38' title='bbox 1005 1989 1093 2052; x_wconf 90' lang='lat' dir='ltr'>opus</span> <span class='ocrx_word' id='word_1_39' title='bbox 1109 1972 1155 2035; x_wconf 91' lang='lat' dir='ltr'>ad</span> <span class='ocrx_word' id='word_1_40' title='bbox 1169 1989 1211 2034; x_wconf 90' lang='lat' dir='ltr'>ea</span> <span class='ocrx_word' id='word_1_41' title='bbox 1226 1980 1409 2052; x_wconf 90' lang='lat' dir='ltr'>praestan-</span> 
     </span>
     <span class='ocr_line' id='line_1_7' title="bbox 121 2047 1409 2160; baseline -0.002 -17"><span class='ocrx_word' id='word_1_42' title='bbox 121 2047 233 2158; x_wconf 45' lang='grc' dir='ltr'>εἰει,</span> <span class='ocrx_word' id='word_1_43' title='bbox 252 2098 344 2160; x_wconf 85' lang='lat' dir='ltr'>quae</span> <span class='ocrx_word' id='word_1_44' title='bbox 359 2081 395 2143; x_wconf 95' lang='lat' dir='ltr'>in</span> <span class='ocrx_word' id='word_1_45' title='bbox 410 2080 478 2143; x_wconf 89' lang='lat' dir='ltr'>hac</span> <span class='ocrx_word' id='word_1_46' title='bbox 494 2080 580 2143; x_wconf 91' lang='lat' dir='ltr'>urbe</span> <span class='ocrx_word' id='word_1_47' title='bbox 594 2080 630 2143; x_wconf 94' lang='lat' dir='ltr'>in</span> <span class='ocrx_word' id='word_1_48' title='bbox 650 2080 856 2160; x_wconf 86' lang='lat' dir='ltr'>obsequium</span> <span class='ocrx_word' id='word_1_49' title='bbox 876 2077 1019 2142; x_wconf 92' lang='lat' dir='ltr'>Domini</span> <span class='ocrx_word' id='word_1_50' title='bbox 1041 2096 1118 2142; x_wconf 89' lang='lat' dir='ltr'>sese</span> <span class='ocrx_word' id='word_1_51' title='bbox 1135 2077 1303 2156; x_wconf 83' lang='lat' dir='ltr'>offerunt,</span> <span class='ocrx_word' id='word_1_52' title='bbox 1321 2095 1409 2141; x_wconf 93' lang='lat' dir='ltr'>sem·</span> 
     </span>
     <span class='ocr_line' id='line_1_8' title="bbox 118 2162 1407 2266; baseline -0.003 -16"><span class='ocrx_word' id='word_1_53' title='bbox 118 2162 241 2250; x_wconf 61' lang='lat' dir='ltr'>1³er</span> <span class='ocrx_word' id='word_1_54' title='bbox 255 2197 377 2250; x_wconf 89' lang='lat' dir='ltr'>tamen</span> <span class='ocrx_word' id='word_1_55' title='bbox 393 2204 514 2250; x_wconf 90' lang='lat' dir='ltr'>sumus</span> <span class='ocrx_word' id='word_1_56' title='bbox 528 2186 601 2250; x_wconf 85' lang='lat' dir='ltr'>fere</span> <span class='ocrx_word' id='word_1_57' title='bbox 616 2187 693 2264; x_wconf 90' lang='lat' dir='ltr'>soli;</span> <span class='ocrx_word' id='word_1_58' title='bbox 712 2203 832 2250; x_wconf 90' lang='lat' dir='ltr'>sumus</span> <span class='ocrx_word' id='word_1_59' title='bbox 848 2187 941 2249; x_wconf 90' lang='lat' dir='ltr'>enim</span> <span class='ocrx_word' id='word_1_60' title='bbox 957 2187 1017 2266; x_wconf 93' lang='lat' dir='ltr'>qui</span> <span class='ocrx_word' id='word_1_61' title='bbox 1029 2185 1192 2265; x_wconf 84' lang='lat' dir='ltr'>degimus</span> <span class='ocrx_word' id='word_1_62' title='bbox 1203 2186 1260 2247; x_wconf 93' lang='lat' dir='ltr'>hic</span> <span class='ocrx_word' id='word_1_63' title='bbox 1273 2185 1407 2248; x_wconf 91' lang='lat' dir='ltr'>dumta-</span> 
     </span>
     <span class='ocr_line' id='line_1_9' title="bbox 120 2277 1408 2375; baseline -0.001 -21"><span class='ocrx_word' id='word_1_64' title='bbox 120 2277 240 2357; x_wconf 54' lang='lat' dir='ltr'>³{at</span> <span class='ocrx_word' id='word_1_65' title='bbox 258 2304 424 2374; x_wconf 90' lang='lat' dir='ltr'>quatuor;</span> <span class='ocrx_word' id='word_1_66' title='bbox 440 2294 499 2374; x_wconf 92' lang='lat' dir='ltr'>qui</span> <span class='ocrx_word' id='word_1_67' title='bbox 513 2292 653 2375; x_wconf 91' lang='lat' dir='ltr'>quidem</span> <span class='ocrx_word' id='word_1_68' title='bbox 668 2302 743 2356; x_wconf 94' lang='lat' dir='ltr'>toto</span> <span class='ocrx_word' id='word_1_69' title='bbox 758 2310 828 2373; x_wconf 94' lang='lat' dir='ltr'>quo</span> <span class='ocrx_word' id='word_1_70' title='bbox 844 2294 900 2355; x_wconf 93' lang='lat' dir='ltr'>hic</span> <span class='ocrx_word' id='word_1_71' title='bbox 925 2293 1055 2356; x_wconf 90' lang='lat' dir='ltr'>fuimus</span> <span class='ocrx_word' id='word_1_72' title='bbox 1075 2302 1250 2372; x_wconf 81' lang='lat' dir='ltr'>tempore,</span> <span class='ocrx_word' id='word_1_73' title='bbox 1268 2292 1408 2354; x_wconf 88' lang='lat' dir='ltr'>debere·</span> 
     </span>
     <span class='ocr_line' id='line_1_10' title="bbox 112 2386 1408 2480; baseline -0.003 -16"><span class='ocrx_word' id='word_1_74' title='bbox 112 2386 254 2464; x_wconf 53' lang='lat' dir='ltr'>¹hus</span> <span class='ocrx_word' id='word_1_75' title='bbox 269 2400 390 2480; x_wconf 89' lang='lat' dir='ltr'>potius</span> <span class='ocrx_word' id='word_1_76' title='bbox 404 2400 651 2480; x_wconf 86' lang='lat' dir='ltr'>exploratores</span> <span class='ocrx_word' id='word_1_77' title='bbox 665 2410 782 2463; x_wconf 86' lang='lat' dir='ltr'>terrae</span> <span class='ocrx_word' id='word_1_78' title='bbox 804 2417 909 2480; x_wconf 89' lang='lat' dir='ltr'>quam</span> <span class='ocrx_word' id='word_1_79' title='bbox 929 2399 1082 2479; x_wconf 89' lang='lat' dir='ltr'>operarii</span> <span class='ocrx_word' id='word_1_80' title='bbox 1102 2409 1164 2462; x_wconf 90' lang='lat' dir='ltr'>aut</span> <span class='ocrx_word' id='word_1_81' title='bbox 1182 2415 1408 2479; x_wconf 87' lang='lat' dir='ltr'>possessores</span> 
     </span>
     <span class='ocr_line' id='line_1_11' title="bbox 117 2504 1408 2586; baseline -0.004 -14"><span class='ocrx_word' id='word_1_82' title='bbox 117 2507 329 2572; x_wconf 62' lang='lat' dir='ltr'>Qenseri.</span> <span class='ocrx_word' id='word_1_83' title='bbox 351 2506 466 2586; x_wconf 90' lang='lat' dir='ltr'>Quum</span> <span class='ocrx_word' id='word_1_84' title='bbox 487 2517 604 2570; x_wconf 88' lang='lat' dir='ltr'>autem</span> <span class='ocrx_word' id='word_1_85' title='bbox 630 2506 697 2569; x_wconf 92' lang='lat' dir='ltr'>hoc</span> <span class='ocrx_word' id='word_1_86' title='bbox 717 2519 878 2569; x_wconf 91' lang='lat' dir='ltr'>nostrum</span> <span class='ocrx_word' id='word_1_87' title='bbox 898 2523 1026 2569; x_wconf 90' lang='lat' dir='ltr'>munus</span> <span class='ocrx_word' id='word_1_88' title='bbox 1048 2504 1223 2568; x_wconf 86' lang='lat' dir='ltr'>hactenus</span> <span class='ocrx_word' id='word_1_89' title='bbox 1249 2505 1408 2568; x_wconf 86' lang='lat' dir='ltr'>extitisse</span> 
     </span>
     <span class='ocr_line' id='line_1_12' title="bbox 116 2609 1409 2693; baseline -0.003 -15"><span class='ocrx_word' id='word_1_90' title='bbox 116 2609 329 2690; x_wconf 54' lang='lat' dir='ltr'>wdetun</span> <span class='ocrx_word' id='word_1_91' title='bbox 346 2623 533 2693; x_wconf 90' lang='lat' dir='ltr'>propterea</span> <span class='ocrx_word' id='word_1_92' title='bbox 549 2622 583 2676; x_wconf 92' lang='lat' dir='ltr'>te</span> <span class='ocrx_word' id='word_1_93' title='bbox 597 2630 736 2692; x_wconf 88' lang='lat' dir='ltr'>semper</span> <span class='ocrx_word' id='word_1_94' title='bbox 752 2615 940 2676; x_wconf 90' lang='lat' dir='ltr'>certiorem</span> <span class='ocrx_word' id='word_1_95' title='bbox 955 2612 1102 2675; x_wconf 84' lang='lat' dir='ltr'>fecimus</span> <span class='ocrx_word' id='word_1_96' title='bbox 1116 2611 1160 2674; x_wconf 89' lang='lat' dir='ltr'>de</span> <span class='ocrx_word' id='word_1_97' title='bbox 1175 2611 1279 2674; x_wconf 91' lang='lat' dir='ltr'>huius</span> <span class='ocrx_word' id='word_1_98' title='bbox 1292 2622 1409 2675; x_wconf 90' lang='lat' dir='ltr'>terrae</span> 
     </span>
     <span class='ocr_line' id='line_1_13' title="bbox 127 2706 1408 2799; baseline 0.002 -21"><span class='ocrx_word' id='word_1_99' title='bbox 127 2706 349 2795; x_wconf 85' lang='lat' dir='ltr'>bonitate,</span> <span class='ocrx_word' id='word_1_100' title='bbox 367 2720 410 2783; x_wconf 92' lang='lat' dir='ltr'>de</span> <span class='ocrx_word' id='word_1_101' title='bbox 425 2720 500 2782; x_wconf 91' lang='lat' dir='ltr'>eius</span> <span class='ocrx_word' id='word_1_102' title='bbox 514 2719 711 2799; x_wconf 85' lang='lat' dir='ltr'>fertilitate,</span> <span class='ocrx_word' id='word_1_103' title='bbox 729 2720 772 2783; x_wconf 91' lang='lat' dir='ltr'>de</span> <span class='ocrx_word' id='word_1_104' title='bbox 792 2719 969 2782; x_wconf 89' lang='lat' dir='ltr'>fructuum</span> <span class='ocrx_word' id='word_1_105' title='bbox 988 2719 1225 2796; x_wconf 85' lang='lat' dir='ltr'>abundantia,</span> <span class='ocrx_word' id='word_1_106' title='bbox 1249 2717 1292 2780; x_wconf 89' lang='lat' dir='ltr'>de</span> <span class='ocrx_word' id='word_1_107' title='bbox 1314 2719 1408 2781; x_wconf 89' lang='lat' dir='ltr'>colli-</span> 
     </span>
    </p>

    <p class='ocr_par' dir='ltr' id='par_1_6' title="bbox 136 2825 1407 2906">
     <span class='ocr_line' id='line_1_14' title="bbox 136 2825 1407 2906; baseline -0.003 -15"><span class='ocrx_word' id='word_1_108' title='bbox 136 2828 284 2905; x_wconf 78' lang='lat' dir='ltr'>gendi</span> <span class='ocrx_word' id='word_1_109' title='bbox 304 2826 440 2889; x_wconf 92' lang='lat' dir='ltr'>fructus</span> <span class='ocrx_word' id='word_1_110' title='bbox 461 2827 630 2890; x_wconf 79' lang='lat' dir='ltr'>facilitate</span> <span class='ocrx_word' id='word_1_111' title='bbox 650 2837 685 2890; x_wconf 91' lang='lat' dir='ltr'>et</span> <span class='ocrx_word' id='word_1_112' title='bbox 709 2827 960 2906; x_wconf 87' lang='lat' dir='ltr'>praecocitate.</span> <span class='ocrx_word' id='word_1_113' title='bbox 982 2826 1077 2888; x_wconf 88' lang='lat' dir='ltr'>Gens</span> <span class='ocrx_word' id='word_1_114' title='bbox 1100 2826 1194 2888; x_wconf 90' lang='lat' dir='ltr'>enim</span> <span class='ocrx_word' id='word_1_115' title='bbox 1209 2825 1298 2887; x_wconf 86' lang='lat' dir='ltr'>haec</span> <span class='ocrx_word' id='word_1_116' title='bbox 1315 2842 1407 2887; x_wconf 92' lang='lat' dir='ltr'>sese·</span> 
     </span>
    </p>

    <p class='ocr_par' dir='ltr' id='par_1_7' title="bbox 143 2929 1409 4289">
     <span class='ocr_line' id='line_1_15' title="bbox 143 2929 1409 3015; baseline 0.002 -23"><span class='ocrx_word' id='word_1_117' title='bbox 143 2929 293 3015; x_wconf 88' lang='lat' dir='ltr'>ipsam</span> <span class='ocrx_word' id='word_1_118' title='bbox 309 2932 437 2995; x_wconf 90' lang='lat' dir='ltr'>dedere</span> <span class='ocrx_word' id='word_1_119' title='bbox 453 2934 599 2995; x_wconf 91' lang='lat' dir='ltr'>multum</span> <span class='ocrx_word' id='word_1_120' title='bbox 615 2932 803 3010; x_wconf 88' lang='lat' dir='ltr'>desiderat,</span> <span class='ocrx_word' id='word_1_121' title='bbox 821 2950 992 3012; x_wconf 90' lang='lat' dir='ltr'>opemque</span> <span class='ocrx_word' id='word_1_122' title='bbox 1008 2932 1100 2994; x_wconf 91' lang='lat' dir='ltr'>ferre</span> <span class='ocrx_word' id='word_1_123' title='bbox 1115 2932 1222 3012; x_wconf 87' lang='lat' dir='ltr'>cupit,</span> <span class='ocrx_word' id='word_1_124' title='bbox 1240 2950 1308 3011; x_wconf 92' lang='lat' dir='ltr'>quo</span> <span class='ocrx_word' id='word_1_125' title='bbox 1324 2933 1409 2994; x_wconf 93' lang='lat' dir='ltr'>ciui·</span> 
     </span>
     <span class='ocr_line' id='line_1_16' title="bbox 153 3037 1408 3121; baseline 0.001 -21"><span class='ocrx_word' id='word_1_126' title='bbox 153 3045 229 3104; x_wconf 78' lang='lat' dir='ltr'>tas</span> <span class='ocrx_word' id='word_1_127' title='bbox 244 3039 366 3121; x_wconf 87' lang='lat' dir='ltr'>Jerico</span> <span class='ocrx_word' id='word_1_128' title='bbox 391 3037 547 3111; x_wconf 89' lang='lat' dir='ltr'>funditus</span> <span class='ocrx_word' id='word_1_129' title='bbox 566 3050 757 3102; x_wconf 86' lang='lat' dir='ltr'>euertatur.</span> <span class='ocrx_word' id='word_1_130' title='bbox 774 3038 903 3101; x_wconf 87' lang='lat' dir='ltr'>Verbis</span> <span class='ocrx_word' id='word_1_131' title='bbox 923 3039 1121 3119; x_wconf 83' lang='lat' dir='ltr'>exprimere</span> <span class='ocrx_word' id='word_1_132' title='bbox 1141 3055 1277 3119; x_wconf 92' lang='lat' dir='ltr'>nequeo</span> <span class='ocrx_word' id='word_1_133' title='bbox 1300 3056 1408 3119; x_wconf 90' lang='lat' dir='ltr'>quan·</span> 
     </span>
     <span class='ocr_line' id='line_1_17' title="bbox 160 3143 1407 3228; baseline -0.001 -19"><span class='ocrx_word' id='word_1_134' title='bbox 160 3152 302 3228; x_wconf 90' lang='lat' dir='ltr'>topere</span> <span class='ocrx_word' id='word_1_135' title='bbox 322 3146 420 3207; x_wconf 90' lang='lat' dir='ltr'>ciues</span> <span class='ocrx_word' id='word_1_136' title='bbox 440 3146 631 3208; x_wconf 87' lang='lat' dir='ltr'>multorum</span> <span class='ocrx_word' id='word_1_137' title='bbox 652 3144 795 3208; x_wconf 87' lang='lat' dir='ltr'>Patrum</span> <span class='ocrx_word' id='word_1_138' title='bbox 811 3144 1003 3208; x_wconf 90' lang='lat' dir='ltr'>aduentum</span> <span class='ocrx_word' id='word_1_139' title='bbox 1018 3143 1229 3207; x_wconf 89' lang='lat' dir='ltr'>desiderent.</span> <span class='ocrx_word' id='word_1_140' title='bbox 1258 3143 1407 3223; x_wconf 86' lang='lat' dir='ltr'>Quoquo</span> 
     </span>
     <span class='ocr_line' id='line_1_18' title="bbox 168 3249 1407 3331; baseline -0.002 -15"><span class='ocrx_word' id='word_1_141' title='bbox 168 3270 229 3316; x_wconf 91' lang='lat' dir='ltr'>me</span> <span class='ocrx_word' id='word_1_142' title='bbox 245 3249 404 3329; x_wconf 86' lang='lat' dir='ltr'>confero,</span> <span class='ocrx_word' id='word_1_143' title='bbox 422 3251 465 3314; x_wconf 89' lang='lat' dir='ltr'>de</span> <span class='ocrx_word' id='word_1_144' title='bbox 480 3251 548 3313; x_wconf 90' lang='lat' dir='ltr'>diei</span> <span class='ocrx_word' id='word_1_145' title='bbox 564 3249 717 3314; x_wconf 89' lang='lat' dir='ltr'>aduentu</span> <span class='ocrx_word' id='word_1_146' title='bbox 732 3251 852 3313; x_wconf 87' lang='lat' dir='ltr'>statim</span> <span class='ocrx_word' id='word_1_147' title='bbox 868 3259 1131 3331; x_wconf 91' lang='lat' dir='ltr'>percontantur,</span> <span class='ocrx_word' id='word_1_148' title='bbox 1149 3251 1242 3330; x_wconf 94' lang='lat' dir='ltr'>quod</span> <span class='ocrx_word' id='word_1_149' title='bbox 1257 3267 1344 3314; x_wconf 91' lang='lat' dir='ltr'>saue</span> <span class='ocrx_word' id='word_1_150' title='bbox 1357 3251 1407 3314; x_wconf 90' lang='lat' dir='ltr'>in·</span> 
     </span>
     <span class='ocr_line' id='line_1_19' title="bbox 171 3356 1406 3437; baseline -0.001 -16"><span class='ocrx_word' id='word_1_151' title='bbox 171 3359 270 3423; x_wconf 91' lang='lat' dir='ltr'>dicio</span> <span class='ocrx_word' id='word_1_152' title='bbox 286 3357 374 3420; x_wconf 90' lang='lat' dir='ltr'>satis</span> <span class='ocrx_word' id='word_1_153' title='bbox 389 3365 453 3435; x_wconf 88' lang='lat' dir='ltr'>est,</span> <span class='ocrx_word' id='word_1_154' title='bbox 470 3358 680 3437; x_wconf 89' lang='lat' dir='ltr'>quambene</span> <span class='ocrx_word' id='word_1_155' title='bbox 695 3357 765 3420; x_wconf 91' lang='lat' dir='ltr'>sint</span> <span class='ocrx_word' id='word_1_156' title='bbox 777 3375 864 3437; x_wconf 86' lang='lat' dir='ltr'>erga</span> <span class='ocrx_word' id='word_1_157' title='bbox 875 3356 1089 3421; x_wconf 88' lang='lat' dir='ltr'>Societatem</span> <span class='ocrx_word' id='word_1_158' title='bbox 1101 3356 1229 3420; x_wconf 83' lang='lat' dir='ltr'>affecti.</span> <span class='ocrx_word' id='word_1_159' title='bbox 1242 3357 1406 3420; x_wconf 88' lang='lat' dir='ltr'>Praeser-</span> 
     </span>
     <span class='ocr_line' id='line_1_20' title="bbox 177 3464 1403 3543; baseline -0.002 -15"><span class='ocrx_word' id='word_1_160' title='bbox 177 3467 241 3529; x_wconf 90' lang='lat' dir='ltr'>tim</span> <span class='ocrx_word' id='word_1_161' title='bbox 256 3482 340 3527; x_wconf 91' lang='lat' dir='ltr'>cum</span> <span class='ocrx_word' id='word_1_162' title='bbox 354 3464 441 3527; x_wconf 91' lang='lat' dir='ltr'>nihil</span> <span class='ocrx_word' id='word_1_163' title='bbox 457 3464 572 3527; x_wconf 87' lang='lat' dir='ltr'>adhuc</span> <span class='ocrx_word' id='word_1_164' title='bbox 587 3464 645 3526; x_wconf 92' lang='lat' dir='ltr'>hic</span> <span class='ocrx_word' id='word_1_165' title='bbox 657 3473 775 3527; x_wconf 90' lang='lat' dir='ltr'>actum</span> <span class='ocrx_word' id='word_1_166' title='bbox 787 3466 832 3527; x_wconf 91' lang='lat' dir='ltr'>sit</span> <span class='ocrx_word' id='word_1_167' title='bbox 844 3481 979 3541; x_wconf 87' lang='lat' dir='ltr'>eorum,</span> <span class='ocrx_word' id='word_1_168' title='bbox 992 3480 1084 3543; x_wconf 88' lang='lat' dir='ltr'>quae</span> <span class='ocrx_word' id='word_1_169' title='bbox 1097 3465 1176 3526; x_wconf 88' lang='lat' dir='ltr'>aliis</span> <span class='ocrx_word' id='word_1_170' title='bbox 1189 3464 1403 3543; x_wconf 91' lang='lat' dir='ltr'>ciuitatibus,</span> 
     </span>
     <span class='ocr_line' id='line_1_21' title="bbox 177 3569 1407 3651; baseline 0 -17"><span class='ocrx_word' id='word_1_171' title='bbox 177 3571 212 3634; x_wconf 93' lang='lat' dir='ltr'>in</span> <span class='ocrx_word' id='word_1_172' title='bbox 229 3570 358 3651; x_wconf 92' lang='lat' dir='ltr'>quibus</span> <span class='ocrx_word' id='word_1_173' title='bbox 372 3569 497 3633; x_wconf 88' lang='lat' dir='ltr'>Patres</span> <span class='ocrx_word' id='word_1_174' title='bbox 512 3581 711 3648; x_wconf 88' lang='lat' dir='ltr'>versantur,</span> <span class='ocrx_word' id='word_1_175' title='bbox 728 3569 833 3633; x_wconf 90' lang='lat' dir='ltr'>fidem</span> <span class='ocrx_word' id='word_1_176' title='bbox 851 3580 885 3632; x_wconf 90' lang='lat' dir='ltr'>et</span> <span class='ocrx_word' id='word_1_177' title='bbox 900 3570 1101 3649; x_wconf 91' lang='lat' dir='ltr'>opinionem</span> <span class='ocrx_word' id='word_1_178' title='bbox 1117 3570 1160 3633; x_wconf 93' lang='lat' dir='ltr'>de</span> <span class='ocrx_word' id='word_1_179' title='bbox 1179 3571 1265 3650; x_wconf 90' lang='lat' dir='ltr'>ipsis</span> <span class='ocrx_word' id='word_1_180' title='bbox 1281 3588 1407 3634; x_wconf 87' lang='lat' dir='ltr'>conce·</span> 
     </span>
     <span class='ocr_line' id='line_1_22' title="bbox 175 3674 1405 3758; baseline -0.001 -18"><span class='ocrx_word' id='word_1_181' title='bbox 175 3687 275 3758; x_wconf 88' lang='lat' dir='ltr'>ptam</span> <span class='ocrx_word' id='word_1_182' title='bbox 290 3693 471 3756; x_wconf 88' lang='lat' dir='ltr'>peperere.</span> <span class='ocrx_word' id='word_1_183' title='bbox 488 3674 617 3740; x_wconf 90' lang='lat' dir='ltr'>Sumus</span> <span class='ocrx_word' id='word_1_184' title='bbox 632 3677 761 3757; x_wconf 91' lang='lat' dir='ltr'>quippe</span> <span class='ocrx_word' id='word_1_185' title='bbox 781 3677 838 3740; x_wconf 92' lang='lat' dir='ltr'>hic</span> <span class='ocrx_word' id='word_1_186' title='bbox 854 3687 1006 3756; x_wconf 90' lang='lat' dir='ltr'>quatuor</span> <span class='ocrx_word' id='word_1_187' title='bbox 1021 3677 1306 3757; x_wconf 86' lang='lat' dir='ltr'>pauimentorum</span> <span class='ocrx_word' id='word_1_188' title='bbox 1327 3695 1405 3740; x_wconf 89' lang='lat' dir='ltr'>ver·</span> 
     </span>
     <span class='ocr_line' id='line_1_23' title="bbox 174 3782 1405 3863; baseline 0.001 -17"><span class='ocrx_word' id='word_1_189' title='bbox 174 3800 289 3847; x_wconf 89' lang='lat' dir='ltr'>sores:</span> <span class='ocrx_word' id='word_1_190' title='bbox 306 3799 457 3862; x_wconf 91' lang='lat' dir='ltr'>quorum</span> <span class='ocrx_word' id='word_1_191' title='bbox 472 3783 613 3862; x_wconf 90' lang='lat' dir='ltr'>quidem</span> <span class='ocrx_word' id='word_1_192' title='bbox 629 3783 947 3847; x_wconf 90' lang='lat' dir='ltr'>communicatione</span> <span class='ocrx_word' id='word_1_193' title='bbox 960 3783 1101 3863; x_wconf 86' lang='lat' dir='ltr'>quando</span> <span class='ocrx_word' id='word_1_194' title='bbox 1112 3782 1356 3862; x_wconf 87' lang='lat' dir='ltr'>aedificantur,</span> <span class='ocrx_word' id='word_1_195' title='bbox 1371 3794 1405 3847; x_wconf 89' lang='lat' dir='ltr'>et</span> 
     </span>
     <span class='ocr_line' id='line_1_24' title="bbox 174 3888 1407 3970; baseline 0.001 -18"><span class='ocrx_word' id='word_1_196' title='bbox 174 3907 248 3953; x_wconf 92' lang='lat' dir='ltr'>non</span> <span class='ocrx_word' id='word_1_197' title='bbox 262 3889 369 3969; x_wconf 87' lang='lat' dir='ltr'>pauci</span> <span class='ocrx_word' id='word_1_198' title='bbox 383 3888 581 3969; x_wconf 87' lang='lat' dir='ltr'>proficiunt,</span> <span class='ocrx_word' id='word_1_199' title='bbox 598 3890 744 3953; x_wconf 89' lang='lat' dir='ltr'>credere</span> <span class='ocrx_word' id='word_1_200' title='bbox 759 3890 918 3970; x_wconf 90' lang='lat' dir='ltr'>profecto</span> <span class='ocrx_word' id='word_1_201' title='bbox 933 3891 1026 3967; x_wconf 91' lang='lat' dir='ltr'>licet,</span> <span class='ocrx_word' id='word_1_202' title='bbox 1041 3888 1124 3953; x_wconf 92' lang='lat' dir='ltr'>dum</span> <span class='ocrx_word' id='word_1_203' title='bbox 1140 3890 1328 3970; x_wconf 90' lang='lat' dir='ltr'>adfuerint,</span> <span class='ocrx_word' id='word_1_204' title='bbox 1345 3891 1407 3969; x_wconf 91' lang='lat' dir='ltr'>qui</span> 
     </span>
     <span class='ocr_line' id='line_1_25' title="bbox 172 3996 1406 4076; baseline -0.002 -17"><span class='ocrx_word' id='word_1_205' title='bbox 172 4012 299 4060; x_wconf 92' lang='lat' dir='ltr'>eorum</span> <span class='ocrx_word' id='word_1_206' title='bbox 314 3996 453 4058; x_wconf 91' lang='lat' dir='ltr'>animos</span> <span class='ocrx_word' id='word_1_207' title='bbox 468 3998 633 4074; x_wconf 88' lang='lat' dir='ltr'>excitent,</span> <span class='ocrx_word' id='word_1_208' title='bbox 648 3996 707 4076; x_wconf 91' lang='lat' dir='ltr'>qui</span> <span class='ocrx_word' id='word_1_209' title='bbox 720 4014 845 4060; x_wconf 89' lang='lat' dir='ltr'>manus</span> <span class='ocrx_word' id='word_1_210' title='bbox 857 3996 902 4059; x_wconf 92' lang='lat' dir='ltr'>ad</span> <span class='ocrx_word' id='word_1_211' title='bbox 914 3997 1132 4075; x_wconf 85' lang='lat' dir='ltr'>surgendum</span> <span class='ocrx_word' id='word_1_212' title='bbox 1143 3997 1340 4076; x_wconf 83' lang='lat' dir='ltr'>porrigant,</span> <span class='ocrx_word' id='word_1_213' title='bbox 1354 3997 1406 4059; x_wconf 91' lang='lat' dir='ltr'>fu·</span> 
     </span>
     <span class='ocr_line' id='line_1_26' title="bbox 170 4092 1404 4182; baseline 0.001 -17"><span class='ocrx_word' id='word_1_214' title='bbox 170 4092 293 4165; x_wconf 86' lang='lat' dir='ltr'>turam</span> <span class='ocrx_word' id='word_1_215' title='bbox 308 4118 386 4165; x_wconf 92' lang='lat' dir='ltr'>esse</span> <span class='ocrx_word' id='word_1_216' title='bbox 404 4103 512 4165; x_wconf 93' lang='lat' dir='ltr'>multo</span> <span class='ocrx_word' id='word_1_217' title='bbox 530 4103 728 4166; x_wconf 91' lang='lat' dir='ltr'>uberiorem</span> <span class='ocrx_word' id='word_1_218' title='bbox 745 4103 1027 4166; x_wconf 89' lang='lat' dir='ltr'>aedificationem</span> <span class='ocrx_word' id='word_1_219' title='bbox 1040 4103 1144 4166; x_wconf 92' lang='lat' dir='ltr'>simul</span> <span class='ocrx_word' id='word_1_220' title='bbox 1160 4112 1194 4166; x_wconf 89' lang='lat' dir='ltr'>et</span> <span class='ocrx_word' id='word_1_221' title='bbox 1206 4104 1404 4182; x_wconf 84' lang='lat' dir='ltr'>profectum</span> 
     </span>
     <span class='ocr_line' id='line_1_27' title="bbox 170 4206 567 4289; baseline 0 -17"><span class='ocrx_word' id='word_1_222' title='bbox 170 4208 209 4272; x_wconf 94' lang='lat' dir='ltr'>in</span> <span class='ocrx_word' id='word_1_223' title='bbox 225 4208 397 4289; x_wconf 89' lang='lat' dir='ltr'>obsequio</span> <span class='ocrx_word' id='word_1_224' title='bbox 413 4206 567 4272; x_wconf 91' lang='lat' dir='ltr'>Domini.</span> 
     </span>
    </p>
   </div>
   <div class='ocr_carea' id='block_1_4' title="bbox 167 4517 1406 4716">
    <p class='ocr_par' dir='ltr' id='par_1_8' title="bbox 167 4517 1406 4716">
     <span class='ocr_line' id='line_1_28' title="bbox 215 4517 1406 4576; baseline 0.005 -14"><span class='ocrx_word' id='word_1_225' title='bbox 215 4519 223 4551; x_wconf 77' lang='grc' dir='ltr'>Ι</span> <span class='ocrx_word' id='word_1_226' title='bbox 252 4517 355 4573; x_wconf 84' lang='lat' dir='ltr'>Duplex</span> <span class='ocrx_word' id='word_1_227' title='bbox 365 4527 405 4563; x_wconf 81' lang='lat' dir='ltr'>est</span> <span class='ocrx_word' id='word_1_228' title='bbox 416 4519 492 4575; x_wconf 79' lang='lat' dir='ltr'>hujus</span> <span class='ocrx_word' id='word_1_229' title='bbox 507 4521 635 4564; x_wconf 79' lang='lat' dir='ltr'>versionis</span> <span class='ocrx_word' id='word_1_230' title='bbox 647 4523 802 4576; x_wconf 83' lang='lat' dir='ltr'>exemplum.</span> <span class='ocrx_word' id='word_1_231' title='bbox 811 4529 947 4575; x_wconf 86' lang='lat' dir='ltr'>utrumque</span> <span class='ocrx_word' id='word_1_232' title='bbox 959 4522 1159 4576; x_wconf 75' lang='lat' dir='ltr'>autographum,</span> <span class='ocrx_word' id='word_1_233' title='bbox 1176 4530 1313 4576; x_wconf 84' lang='lat' dir='ltr'>utrumque</span> <span class='ocrx_word' id='word_1_234' title='bbox 1325 4524 1350 4567; x_wconf 88' lang='lat' dir='ltr'>in</span> <span class='ocrx_word' id='word_1_235' title='bbox 1361 4524 1406 4568; x_wconf 84' lang='lat' dir='ltr'>du·</span> 
     </span>
     <span class='ocr_line' id='line_1_29' title="bbox 168 4589 1403 4650; baseline 0.005 -17"><span class='ocrx_word' id='word_1_236' title='bbox 168 4589 236 4646; x_wconf 90' lang='lat' dir='ltr'>plici</span> <span class='ocrx_word' id='word_1_237' title='bbox 246 4589 315 4633; x_wconf 88' lang='lat' dir='ltr'>folio.</span> <span class='ocrx_word' id='word_1_238' title='bbox 328 4590 413 4634; x_wconf 85' lang='lat' dir='ltr'>Primo</span> <span class='ocrx_word' id='word_1_239' title='bbox 421 4594 539 4646; x_wconf 85' lang='lat' dir='ltr'>exemplo</span> <span class='ocrx_word' id='word_1_240' title='bbox 550 4600 589 4635; x_wconf 76' lang='lat' dir='ltr'>est</span> <span class='ocrx_word' id='word_1_241' title='bbox 600 4604 720 4635; x_wconf 80' lang='lat' dir='ltr'>numerus</span> <span class='ocrx_word' id='word_1_242' title='bbox 731 4593 779 4645; x_wconf 65' lang='lat'>261,</span> <span class='ocrx_word' id='word_1_243' title='bbox 790 4595 866 4637; x_wconf 75' lang='lat' dir='ltr'>alteri</span> <span class='ocrx_word' id='word_1_244' title='bbox 883 4593 931 4637; x_wconf 78' lang='lat'><strong>205.</strong></span> <span class='ocrx_word' id='word_1_245' title='bbox 947 4592 1090 4637; x_wconf 87' lang='lat' dir='ltr'>Secundum</span> <span class='ocrx_word' id='word_1_246' title='bbox 1105 4593 1302 4650; x_wconf 85' lang='lat' dir='ltr'>uniuscujusque</span> <span class='ocrx_word' id='word_1_247' title='bbox 1319 4607 1403 4639; x_wconf 86' lang='lat' dir='ltr'>exem·</span> 
     </span>
     <span class='ocr_line' id='line_1_30' title="bbox 167 4661 727 4716; baseline 0.004 -12"><span class='ocrx_word' id='word_1_248' title='bbox 167 4662 207 4716; x_wconf 82' lang='lat' dir='ltr'>pli</span> <span class='ocrx_word' id='word_1_249' title='bbox 219 4661 308 4704; x_wconf 84' lang='lat' dir='ltr'>folium</span> <span class='ocrx_word' id='word_1_250' title='bbox 323 4662 392 4705; x_wconf 87' lang='lat' dir='ltr'>nullo</span> <span class='ocrx_word' id='word_1_251' title='bbox 401 4661 551 4706; x_wconf 82' lang='lat' dir='ltr'>distlnctum</span> <span class='ocrx_word' id='word_1_252' title='bbox 563 4672 603 4708; x_wconf 81' lang='lat' dir='ltr'>est</span> <span class='ocrx_word' id='word_1_253' title='bbox 613 4674 727 4707; x_wconf 84' lang='lat' dir='ltr'>numero.</span> 
     </span>
    </p>
   </div>
   <div class='ocr_carea' id='block_1_5' title="bbox 0 0 1624 5386">
    <p class='ocr_par' dir='ltr' id='par_1_9' title="bbox 0 0 1624 5386">
     <span class='ocr_line' id='line_1_31' title="bbox 0 0 1624 5386; baseline 0 8"><span class='ocrx_word' id='word_1_254' title='bbox 0 0 1624 5386; x_wconf 95' lang='lat' dir='ltr'> </span> 
     </span>
    </p>
   </div>
  </div>
 </body>
</html>
