3210 5392
694 438 758 498 ΑΝ.
781 440 851 499 1554
1333 440 1385 499 157

178 582 244 645 pne
257 581 439 646 Cardinale
450 584 628 664 interrege
639 582 645 614 ¹
656 582 845 664 designati,
856 601 1025 664 magnam
1033 601 1207 648 summam
1219 585 1384 665 pecunia-

181 689 251 752 riam
263 691 542 770 elemosynarum
557 707 622 770 pro
644 692 841 754 extruenda
862 691 1003 771 collegii
1025 691 1130 754 domo
1150 692 1382 770 collegerunt.

126 814 128 821 ¹
183 794 263 874 Huic,
283 813 350 876 quo
367 797 589 860 commodius
611 797 848 877 aedificemus,
870 807 1022 879 quatuor
1044 798 1138 861 mille
1163 815 1272 878 supra
1286 799 1385 877 quin·

183 912 283 980 gentos
296 901 516 982 ducatorum,
533 904 744 967 liberalitate
763 904 991 985 Imperatoris
1006 904 1039 983 (a
1054 922 1123 986 quo
1143 913 1178 967 et
1204 905 1292 968 alios
1307 923 1384 967 sex·

184 1018 280 1072 centos
293 1011 398 1073 annui
414 1010 573 1074 redditus
588 1011 826 1090 obtinuimus),
840 1022 1079 1075 accesserunt.
1098 1010 1249 1091 Collegii
1263 1012 1383 1074 lunda·

187 1125 275 1178 menta
297 1117 367 1180 iam
391 1117 544 1196 demum,
570 1129 760 1199 utcumque
787 1118 897 1197 iacta,
928 1119 973 1182 ad
992 1118 1174 1198 fastigium
1203 1119 1383 1197 anhelant,

185 1222 436 1304 quandoquidem
444 1242 582 1288 summo
592 1224 669 1288 Rani
690 1225 889 1289 Cardinalis
898 1226 933 1288 in
942 1242 1008 1289 nos
1019 1224 1134 1288 studio
1144 1225 1273 1289 ciuitas
1281 1227 1382 1303 haec,

186 1345 220 1390 cx
231 1331 353 1393 aerario
367 1332 509 1411 publico
525 1333 579 1395 bis
594 1333 688 1396 mille
704 1343 956 1396 coronatorum
970 1333 1133 1412 elargita,
1147 1333 1216 1395 alia
1231 1342 1384 1414 quatuor

187 1433 289 1499 donare
303 1438 431 1501 obnixe
443 1440 642 1503 contendit:
660 1457 800 1520 quoque
814 1439 954 1503 facilius
975 1440 1009 1503 id
1025 1439 1102 1518 fiat,
1127 1440 1275 1503 consilio
1290 1457 1382 1503 com·

188 1543 331 1607 municato
356 1545 586 1625 Imperatori,
614 1547 735 1610 literas
760 1547 867 1624 misit,
895 1547 1021 1628 quibus
1045 1549 1149 1627 pleno
1174 1564 1236 1610 ore
1261 1546 1384 1610 laudes

189 1658 297 1713 nostras
308 1651 575 1731 depraedicans,
589 1655 746 1732 postulat
758 1672 848 1732 eam,
862 1655 905 1717 de
917 1672 987 1734 qua
1002 1654 1212 1732 dictumest,
1226 1654 1384 1733 largitio·

187 1770 246 1819 nem
256 1756 365 1821 lacere
380 1760 447 1822 sibi
461 1760 581 1822 licere.
597 1759 690 1823 Sena
705 1761 795 1824 haec
810 1762 920 1824 millia
941 1760 1101 1824 aedificio
1122 1760 1262 1841 collegii
1279 1761 1382 1824 desti·

189 1872 297 1943 uantur,
309 1866 409 1929 cuius
420 1864 661 1945 fundamenta,
675 1868 747 1931 iam
759 1868 900 1931 demum
912 1877 1102 1948 utcumque
1113 1868 1219 1946 iacta,
1231 1867 1275 1930 ad
1288 1867 1384 1931 sasti-

188 1966 259 2043 glum
270 1972 443 2036 anhelant.
460 1972 529 2036 Sed
544 1974 638 2055 quia,
656 1974 801 2037 aedibus
817 1975 1043 2054 comparatis
1061 1975 1248 2037 sicaetera
1265 1992 1382 2038 neces·

186 2076 257 2139 saria
268 2076 393 2158 desint,
418 2079 516 2158 nihil,
534 2091 594 2143 aut
611 2091 707 2144 certe
730 2081 908 2144 modicum
928 2080 1012 2160 quid
1032 2098 1170 2158 eorum,
1187 2097 1278 2160 quae
1294 2079 1383 2143 haec

187 2180 236 2244 sibi
244 2184 278 2247 de
288 2187 389 2249 nobis
401 2186 586 2266 pollicetur
598 2205 641 2251 ac
657 2188 789 2268 passim
800 2188 993 2267 experitur,
1007 2187 1131 2250 confici
1143 2203 1248 2267 posse
1260 2186 1383 2250 aduer-

186 2287 227 2365 tit,
239 2307 291 2370 per
306 2293 448 2355 easdem
465 2295 580 2372 poscit
595 2304 783 2357 sexcentos
795 2311 923 2357 aureos
938 2295 1045 2356 annui
1058 2310 1185 2356 census
1197 2294 1383 2372 assignare

187 2408 272 2470 posse.
288 2398 354 2462 Hic
371 2400 552 2479 popularis
567 2399 602 2463 in
618 2418 683 2463 nos
699 2400 813 2464 fauor,
828 2400 929 2481 Quod
941 2401 971 2463 si
983 2400 1204 2480 priuatorum
1214 2400 1381 2478 studium,

185 2503 436 2584 pollicitationes
451 2523 637 2570 recensere
652 2525 829 2587 paremus,
843 2509 992 2587 epistola
1009 2508 1044 2570 in
1061 2508 1189 2570 librum
1201 2524 1382 2570 excresce-

184 2609 314 2674 retDici
328 2612 489 2693 prolecto
504 2631 575 2677 non
590 2624 706 2694 potest
723 2632 827 2694 quam
844 2626 994 2694 paterno
1010 2613 1139 2677 affectu
1154 2614 1321 2677 uniuersa
1337 2616 1383 2677 ci·

184 2714 261 2796 uitas,
275 2729 308 2782 et
318 2719 510 2799 praecipue
522 2720 631 2783 uicini
642 2721 766 2800 nostri,
784 2737 870 2800 erga
883 2738 948 2783 nos
964 2719 1081 2783 affecti
1092 2722 1174 2783 sint.
1188 2721 1383 2785 Conciona·

182 2827 235 2885 tum
244 2834 291 2888 est
305 2843 375 2888 non
387 2827 463 2889 sine
475 2825 591 2889 fructu
603 2828 648 2890 ad
660 2827 828 2891 calendas
838 2845 950 2907 usque
963 2827 1132 2907 Augusti;
1142 2827 1227 2908 quin
1239 2839 1273 2891 et
1286 2829 1383 2891 circa

183 2923 251 2994 idem
263 2942 399 3013 tempus
415 2951 436 2996 a
452 2934 603 2997 caeteris
618 2935 780 2997 omnibus
794 2935 977 2997 literarum
992 2935 1290 3013 exercitamentis
1308 2945 1382 2998 tum

180 3032 212 3096 ob
223 3048 331 3102 aestus
345 3057 436 3119 pene
451 3039 703 3119 intolerandos,
719 3052 794 3105 tum
809 3042 853 3104 ob
870 3041 1094 3120 ingruentem
1116 3041 1257 3104 aedium
1272 3050 1383 3104 muta·

181 3140 300 3225 tionem,
320 3163 567 3226 supersessum
581 3148 657 3212 fuit.

223 3248 281 3314 Sed
299 3254 468 3334 quoniam
489 3254 547 3318 hic
567 3267 763 3336 opportune
784 3256 821 3318 in
843 3264 1059 3318 mutaturum
1080 3256 1216 3319 sedium
1240 3257 1384 3319 mentio-

180 3369 239 3420 nem
259 3360 461 3439 incidimus,
488 3380 558 3425 non
584 3364 729 3426 omnino
749 3364 814 3426 abs
835 3382 872 3426 re
892 3363 997 3426 luerit
1022 3373 1056 3426 et
1082 3363 1125 3426 de
1151 3364 1206 3425 his
1231 3365 1385 3442 paucula

181 3462 337 3531 subiicere.
361 3467 480 3533 Pridie
498 3470 608 3549 igitur
630 3470 895 3550 Assumptionis
918 3470 1081 3549 Virginis
1103 3469 1240 3548 MatriS,
1257 3471 1292 3533 in
1308 3488 1384 3534 nos·

181 3574 251 3635 trum
268 3573 421 3654 domum,
445 3577 662 3640 conductitia
683 3579 825 3656 relicta,
850 3577 1175 3656 commigrauimus.
1191 3575 1246 3641 De
1262 3595 1332 3659 qua
1352 3579 1387 3641 id

182 3686 265 3742 unum
278 3681 366 3761 dico,
384 3683 675 3762 opportuniorem
695 3685 855 3747 instituto
876 3693 997 3747 nostro
1016 3682 1105 3774 dari,
1124 3684 1194 3746 imo
1209 3701 1253 3746 ne
1269 3686 1385 3762 optari

184 3782 305 3866 quidem,
321 3790 498 3869 potuisse:
516 3791 552 3854 in
567 3791 644 3872 ipso
659 3793 754 3854 enim
769 3791 926 3854 ciuitatis
937 3791 1104 3854 umbilico
1119 3790 1188 3854 sita
1205 3800 1269 3854 est,
1286 3790 1385 3854 Tem·

186 3886 370 3959 llunhabet
390 3913 462 3959 non
477 3898 622 3960 omnino
638 3898 860 3976 immensum,
884 3897 1017 3960 nostris
1038 3908 1157 3960 tamen
1178 3898 1300 3960 usibus
1315 3916 1385 3960 non

186 3987 405 4073 importunum.
422 4002 612 4069 Praeterea
632 4006 785 4085 spatium
805 4005 983 4085 quoddam
1005 4014 1158 4083 uastum,
1176 4021 1276 4067 muro
1293 4022 1386 4067 cras-

185 4095 295 4171 sissimo
319 4110 513 4192 eodemque
538 4129 740 4176 marmoreo
769 4112 943 4189 cinctum,
975 4111 1096 4190 templi
1126 4110 1287 4174 aedificio
1317 4129 1387 4174 non

188 4210 270 4273 multo
284 4226 372 4297 post,
388 4219 614 4298 permittente
629 4219 718 4298 Deo,
735 4219 995 4283 destinandum.
1013 4217 1160 4280 Fratres
1175 4235 1298 4281 omnes
1313 4227 1386 4281 tum

187 4322 304 4394 corpore
318 4335 391 4387 tum
407 4326 526 4389 animo
542 4328 737 4389 incolumes
752 4335 849 4402 sunt,
867 4336 901 4387 et
916 4343 981 4405 pro
997 4340 1034 4386 se
1051 4325 1200 4405 quisque
1215 4334 1386 4405 spartam,

187 4427 270 4490 ‘luam
281 4441 402 4496 nactus
417 4442 483 4510 est,
499 4434 622 4498 sedulo
638 4433 800 4498 adornat.
816 4432 947 4511 Magna
964 4441 999 4494 et
1014 4431 1222 4512 quotidiana
1242 4431 1389 4511 spiritus

191 4569 369 4604 *N-

226 4655 231 4685 ¹
252 4663 317 4716 Petro
326 4672 449 4730 hebeno.
458 4676 632 4732 Neap⁰l¹¹³¹¹⁰
643 4679 768 4732 Pm‘sse'
806 4739 815 4758 c
