<?xml version="1.0" encoding="UTF-8"?>
<!DOCTYPE html PUBLIC "-//W3C//DTD XHTML 1.0 Transitional//EN"
    "http://www.w3.org/TR/xhtml1/DTD/xhtml1-transitional.dtd">
<html xmlns="http://www.w3.org/1999/xhtml" xml:lang="en" lang="en">
 <head>
  <title>
</title>
<meta http-equiv="Content-Type" content="text/html;charset=utf-8" />
  <meta name='ocr-system' content='tesseract 3.04.00' />
  <meta name='ocr-capabilities' content='ocr_page ocr_carea ocr_par ocr_line ocrx_word'/>
</head>
<body>
  <div class='ocr_page' id='page_1' title='image "./litteraequadrim02jesugoog_0761.png"; bbox 0 0 3210 5392; ppageno 0'>
   <div class='ocr_carea' id='block_1_1' title="bbox 185 445 1023 513">
    <p class='ocr_par' dir='ltr' id='par_1_1' title="bbox 185 445 1023 513">
     <span class='ocr_line' id='line_1_1' title="bbox 185 445 1023 513; baseline -0.004 -8"><span class='ocrx_word' id='word_1_1' title='bbox 185 445 240 505; x_wconf 77' lang='lat'><strong>750</strong></span> <span class='ocrx_word' id='word_1_2' title='bbox 559 445 732 505; x_wconf 76' lang='lat' dir='ltr'><strong>ernaaaa</strong></span> <span class='ocrx_word' id='word_1_3' title='bbox 749 458 1023 513; x_wconf 77' lang='lat' dir='ltr'><strong>ouaoanrasraas</strong></span> 
     </span>
    </p>
   </div>
   <div class='ocr_carea' id='block_1_2' title="bbox 169 588 1418 4710">
    <p class='ocr_par' dir='ltr' id='par_1_2' title="bbox 182 588 1413 2805">
     <span class='ocr_line' id='line_1_2' title="bbox 185 588 1408 671; baseline -0.001 -18"><span class='ocrx_word' id='word_1_4' title='bbox 185 599 250 653; x_wconf 90' lang='lat' dir='ltr'><strong>ret.</strong></span> <span class='ocrx_word' id='word_1_5' title='bbox 265 588 393 654; x_wconf 89' lang='lat' dir='ltr'><strong>Euenit</strong></span> <span class='ocrx_word' id='word_1_6' title='bbox 405 600 590 670; x_wconf 88' lang='lat' dir='ltr'><strong>praeterea</strong></span> <span class='ocrx_word' id='word_1_7' title='bbox 605 599 690 653; x_wconf 90' lang='lat' dir='ltr'><strong>tunc</strong></span> <span class='ocrx_word' id='word_1_8' title='bbox 712 598 749 652; x_wconf 90' lang='lat' dir='ltr'><strong>vt</strong></span> <span class='ocrx_word' id='word_1_9' title='bbox 768 590 876 652; x_wconf 90' lang='lat' dir='ltr'><strong>homo</strong></span> <span class='ocrx_word' id='word_1_10' title='bbox 896 589 1041 670; x_wconf 89' lang='lat' dir='ltr'><strong>quidam</strong></span> <span class='ocrx_word' id='word_1_11' title='bbox 1053 589 1115 671; x_wconf 93' lang='lat' dir='ltr'><strong>qui</strong></span> <span class='ocrx_word' id='word_1_12' title='bbox 1136 588 1227 652; x_wconf 93' lang='lat' dir='ltr'><strong>duos</strong></span> <span class='ocrx_word' id='word_1_13' title='bbox 1241 605 1354 653; x_wconf 90' lang='lat' dir='ltr'><strong>annos</strong></span> <span class='ocrx_word' id='word_1_14' title='bbox 1374 590 1408 652; x_wconf 92' lang='lat' dir='ltr'><strong>in</strong></span> 
     </span>
     <span class='ocr_line' id='line_1_3' title="bbox 184 695 1410 778; baseline 0 -18"><span class='ocrx_word' id='word_1_15' title='bbox 184 706 332 778; x_wconf 90' lang='lat' dir='ltr'><strong>peccato</strong></span> <span class='ocrx_word' id='word_1_16' title='bbox 357 697 573 778; x_wconf 85' lang='lat' dir='ltr'>perstiterat,</span> <span class='ocrx_word' id='word_1_17' title='bbox 598 699 727 778; x_wconf 94' lang='lat' dir='ltr'><strong>quique</strong></span> <span class='ocrx_word' id='word_1_18' title='bbox 752 695 894 759; x_wconf 90' lang='lat' dir='ltr'><strong>Patrem</strong></span> <span class='ocrx_word' id='word_1_19' title='bbox 916 695 1117 761; x_wconf 89' lang='lat' dir='ltr'><strong>huiusmodi</strong></span> <span class='ocrx_word' id='word_1_20' title='bbox 1141 695 1410 760; x_wconf 84' lang='lat' dir='ltr'><strong>concionantem</strong></span> 
     </span>
     <span class='ocr_line' id='line_1_4' title="bbox 185 801 1410 885; baseline 0 -19"><span class='ocrx_word' id='word_1_21' title='bbox 185 803 357 882; x_wconf 88' lang='lat' dir='ltr'>illuserat,</span> <span class='ocrx_word' id='word_1_22' title='bbox 384 813 575 883; x_wconf 88' lang='lat' dir='ltr'><strong>antequam</strong></span> <span class='ocrx_word' id='word_1_23' title='bbox 598 806 767 885; x_wconf 90' lang='lat' dir='ltr'><strong>templum</strong></span> <span class='ocrx_word' id='word_1_24' title='bbox 792 803 1022 884; x_wconf 82' lang='lat' dir='ltr'>egrederetur</span> <span class='ocrx_word' id='word_1_25' title='bbox 1046 801 1093 867; x_wconf 88' lang='lat' dir='ltr'><strong>ad</strong></span> <span class='ocrx_word' id='word_1_26' title='bbox 1117 801 1314 866; x_wconf 91' lang='lat' dir='ltr'><strong>Dominum</strong></span> <span class='ocrx_word' id='word_1_27' title='bbox 1334 818 1410 866; x_wconf 89' lang='lat' dir='ltr'><strong>con·</strong></span> 
     </span>
     <span class='ocr_line' id='line_1_5' title="bbox 187 908 1412 992; baseline 0 -19"><span class='ocrx_word' id='word_1_28' title='bbox 187 926 312 974; x_wconf 91' lang='lat' dir='ltr'><strong>uersus</strong></span> <span class='ocrx_word' id='word_1_29' title='bbox 333 909 438 973; x_wconf 86' lang='lat' dir='ltr'><strong>fuerit</strong></span> <span class='ocrx_word' id='word_1_30' title='bbox 459 920 661 992; x_wconf 88' lang='lat' dir='ltr'><strong>statumque</strong></span> <span class='ocrx_word' id='word_1_31' title='bbox 682 910 821 991; x_wconf 91' lang='lat' dir='ltr'><strong>peccati</strong></span> <span class='ocrx_word' id='word_1_32' title='bbox 841 910 1032 992; x_wconf 87' lang='lat' dir='ltr'>reliquerit.</span> <span class='ocrx_word' id='word_1_33' title='bbox 1054 908 1108 973; x_wconf 83' lang='lat' dir='ltr'><strong>Re.</strong></span> <span class='ocrx_word' id='word_1_34' title='bbox 1128 919 1249 974; x_wconf 84' lang='lat' dir='ltr'><strong>autem</strong></span> <span class='ocrx_word' id='word_1_35' title='bbox 1276 910 1344 973; x_wconf 90' lang='lat' dir='ltr'><strong>hac</strong></span> <span class='ocrx_word' id='word_1_36' title='bbox 1362 909 1412 973; x_wconf 90' lang='lat' dir='ltr'><strong>sic</strong></span> 
     </span>
     <span class='ocr_line' id='line_1_6' title="bbox 185 1015 1413 1098; baseline 0 -18"><span class='ocrx_word' id='word_1_37' title='bbox 185 1015 358 1096; x_wconf 86' lang='lat' dir='ltr'><strong>confecta,</strong></span> <span class='ocrx_word' id='word_1_38' title='bbox 383 1015 489 1080; x_wconf 88' lang='lat' dir='ltr'><strong>Pater</strong></span> <span class='ocrx_word' id='word_1_39' title='bbox 510 1015 557 1080; x_wconf 93' lang='lat' dir='ltr'><strong>ad</strong></span> <span class='ocrx_word' id='word_1_40' title='bbox 578 1017 727 1098; x_wconf 87' lang='lat' dir='ltr'><strong>lupanar</strong></span> <span class='ocrx_word' id='word_1_41' title='bbox 749 1034 915 1081; x_wconf 89' lang='lat' dir='ltr'><strong>reuersus</strong></span> <span class='ocrx_word' id='word_1_42' title='bbox 936 1016 1084 1081; x_wconf 88' lang='lat' dir='ltr'><strong>adduxit</strong></span> <span class='ocrx_word' id='word_1_43' title='bbox 1106 1033 1230 1080; x_wconf 92' lang='lat' dir='ltr'><strong>secum</strong></span> <span class='ocrx_word' id='word_1_44' title='bbox 1252 1017 1413 1080; x_wconf 88' lang='lat' dir='ltr'><strong>homines</strong></span> 
     </span>
     <span class='ocr_line' id='line_1_7' title="bbox 183 1122 1413 1206; baseline 0.001 -19"><span class='ocrx_word' id='word_1_45' title='bbox 183 1122 258 1188; x_wconf 81' lang='lat' dir='ltr'><strong>iere</strong></span> <span class='ocrx_word' id='word_1_46' title='bbox 273 1123 551 1204; x_wconf 85' lang='lat' dir='ltr'><strong>quadringentos</strong></span> <span class='ocrx_word' id='word_1_47' title='bbox 567 1125 612 1188; x_wconf 91' lang='lat' dir='ltr'><strong>ab</strong></span> <span class='ocrx_word' id='word_1_48' title='bbox 627 1141 669 1188; x_wconf 88' lang='lat' dir='ltr'><strong>eo</strong></span> <span class='ocrx_word' id='word_1_49' title='bbox 684 1126 763 1188; x_wconf 92' lang='lat' dir='ltr'><strong>loco</strong></span> <span class='ocrx_word' id='word_1_50' title='bbox 778 1141 890 1206; x_wconf 92' lang='lat' dir='ltr'><strong>vsque</strong></span> <span class='ocrx_word' id='word_1_51' title='bbox 904 1124 941 1189; x_wconf 93' lang='lat' dir='ltr'><strong>in</strong></span> <span class='ocrx_word' id='word_1_52' title='bbox 952 1126 1121 1205; x_wconf 90' lang='lat' dir='ltr'><strong>templum</strong></span> <span class='ocrx_word' id='word_1_53' title='bbox 1131 1123 1341 1200; x_wconf 89' lang='lat' dir='ltr'><strong>maximum,</strong></span> <span class='ocrx_word' id='word_1_54' title='bbox 1355 1123 1413 1188; x_wconf 93' lang='lat' dir='ltr'><strong>do·</strong></span> 
     </span>
     <span class='ocr_line' id='line_1_8' title="bbox 185 1228 1411 1312; baseline 0 -18"><span class='ocrx_word' id='word_1_55' title='bbox 185 1231 337 1295; x_wconf 89' lang='lat' dir='ltr'><strong>ctrinam</strong></span> <span class='ocrx_word' id='word_1_56' title='bbox 351 1229 581 1294; x_wconf 84' lang='lat' dir='ltr'><strong>christianam</strong></span> <span class='ocrx_word' id='word_1_57' title='bbox 597 1231 838 1295; x_wconf 88' lang='lat' dir='ltr'><strong>decantantes.</strong></span> <span class='ocrx_word' id='word_1_58' title='bbox 855 1231 913 1295; x_wconf 88' lang='lat' dir='ltr'><strong>Ad</strong></span> <span class='ocrx_word' id='word_1_59' title='bbox 927 1231 1018 1295; x_wconf 89' lang='lat' dir='ltr'><strong>haec</strong></span> <span class='ocrx_word' id='word_1_60' title='bbox 1032 1247 1158 1294; x_wconf 88' lang='lat' dir='ltr'><strong>seruus</strong></span> <span class='ocrx_word' id='word_1_61' title='bbox 1172 1230 1321 1312; x_wconf 90' lang='lat' dir='ltr'><strong>qnidam</strong></span> <span class='ocrx_word' id='word_1_62' title='bbox 1333 1228 1411 1308; x_wconf 84' lang='lat' dir='ltr'><strong>Dei,</strong></span> 
     </span>
     <span class='ocr_line' id='line_1_9' title="bbox 184 1336 1412 1418; baseline 0 -18"><span class='ocrx_word' id='word_1_63' title='bbox 184 1336 231 1400; x_wconf 92' lang='lat' dir='ltr'><strong>ad</strong></span> <span class='ocrx_word' id='word_1_64' title='bbox 245 1354 307 1401; x_wconf 91' lang='lat' dir='ltr'><strong>eas</strong></span> <span class='ocrx_word' id='word_1_65' title='bbox 321 1352 413 1418; x_wconf 91' lang='lat' dir='ltr'><strong>quae</strong></span> <span class='ocrx_word' id='word_1_66' title='bbox 426 1345 671 1402; x_wconf 84' lang='lat' dir='ltr'><strong>remanserant</strong></span> <span class='ocrx_word' id='word_1_67' title='bbox 683 1354 858 1416; x_wconf 74' lang='lat' dir='ltr'><strong>reuersuS,</strong></span> <span class='ocrx_word' id='word_1_68' title='bbox 872 1338 1022 1418; x_wconf 85' lang='lat' dir='ltr'><strong>singulis</strong></span> <span class='ocrx_word' id='word_1_69' title='bbox 1033 1350 1156 1401; x_wconf 89' lang='lat' dir='ltr'><strong>earum</strong></span> <span class='ocrx_word' id='word_1_70' title='bbox 1167 1337 1273 1401; x_wconf 90' lang='lat' dir='ltr'><strong>binos</strong></span> <span class='ocrx_word' id='word_1_71' title='bbox 1287 1351 1412 1417; x_wconf 83' lang='lat' dir='ltr'><strong>argen-</strong></span> 
     </span>
     <span class='ocr_line' id='line_1_10' title="bbox 183 1443 1412 1526; baseline -0.001 -19"><span class='ocrx_word' id='word_1_72' title='bbox 183 1454 261 1507; x_wconf 90' lang='lat' dir='ltr'><strong>teos</strong></span> <span class='ocrx_word' id='word_1_73' title='bbox 275 1443 421 1508; x_wconf 87' lang='lat' dir='ltr'><strong>donauit</strong></span> <span class='ocrx_word' id='word_1_74' title='bbox 434 1462 478 1508; x_wconf 92' lang='lat' dir='ltr'><strong>ne</strong></span> <span class='ocrx_word' id='word_1_75' title='bbox 491 1445 653 1508; x_wconf 89' lang='lat' dir='ltr'><strong>homines</strong></span> <span class='ocrx_word' id='word_1_76' title='bbox 667 1446 758 1508; x_wconf 92' lang='lat' dir='ltr'><strong>ullos</strong></span> <span class='ocrx_word' id='word_1_77' title='bbox 771 1456 876 1509; x_wconf 87' lang='lat' dir='ltr'><strong>nocte</strong></span> <span class='ocrx_word' id='word_1_78' title='bbox 887 1446 947 1508; x_wconf 93' lang='lat' dir='ltr'><strong>illa</strong></span> <span class='ocrx_word' id='word_1_79' title='bbox 959 1444 1005 1509; x_wconf 90' lang='lat' dir='ltr'><strong>ad</strong></span> <span class='ocrx_word' id='word_1_80' title='bbox 1016 1462 1055 1509; x_wconf 89' lang='lat' dir='ltr'><strong>se</strong></span> <span class='ocrx_word' id='word_1_81' title='bbox 1065 1444 1306 1523; x_wconf 81' lang='lat' dir='ltr'><strong>admitterent3</strong></span> <span class='ocrx_word' id='word_1_82' title='bbox 1318 1443 1412 1526; x_wconf 93' lang='lat' dir='ltr'><strong>quod</strong></span> 
     </span>
     <span class='ocr_line' id='line_1_11' title="bbox 184 1550 1412 1632; baseline 0.001 -19"><span class='ocrx_word' id='word_1_83' title='bbox 184 1551 235 1614; x_wconf 89' lang='lat' dir='ltr'><strong>ita</strong></span> <span class='ocrx_word' id='word_1_84' title='bbox 248 1550 382 1615; x_wconf 83' lang='lat' dir='ltr'><strong>factum</strong></span> <span class='ocrx_word' id='word_1_85' title='bbox 396 1568 474 1615; x_wconf 91' lang='lat' dir='ltr'><strong>esse</strong></span> <span class='ocrx_word' id='word_1_86' title='bbox 488 1552 723 1632; x_wconf 88' lang='lat' dir='ltr'><strong>percepimus.</strong></span> <span class='ocrx_word' id='word_1_87' title='bbox 738 1550 804 1614; x_wconf 90' lang='lat' dir='ltr'><strong>His</strong></span> <span class='ocrx_word' id='word_1_88' title='bbox 818 1562 936 1616; x_wconf 90' lang='lat' dir='ltr'><strong>autem</strong></span> <span class='ocrx_word' id='word_1_89' title='bbox 950 1552 1076 1616; x_wconf 91' lang='lat' dir='ltr'><strong>diebus</strong></span> <span class='ocrx_word' id='word_1_90' title='bbox 1089 1551 1254 1616; x_wconf 90' lang='lat' dir='ltr'><strong>omnibus</strong></span> <span class='ocrx_word' id='word_1_91' title='bbox 1266 1551 1412 1615; x_wconf 89' lang='lat' dir='ltr'><strong>eleemo-</strong></span> 
     </span>
     <span class='ocr_line' id='line_1_12' title="bbox 183 1658 1410 1741; baseline 0 -20"><span class='ocrx_word' id='word_1_92' title='bbox 183 1674 293 1738; x_wconf 88' lang='lat' dir='ltr'><strong>synas</strong></span> <span class='ocrx_word' id='word_1_93' title='bbox 314 1659 444 1722; x_wconf 91' lang='lat' dir='ltr'><strong>multas</strong></span> <span class='ocrx_word' id='word_1_94' title='bbox 464 1659 584 1738; x_wconf 84' lang='lat' dir='ltr'><strong>largiti</strong></span> <span class='ocrx_word' id='word_1_95' title='bbox 609 1668 692 1722; x_wconf 88' lang='lat' dir='ltr'><strong>sunt</strong></span> <span class='ocrx_word' id='word_1_96' title='bbox 710 1666 750 1721; x_wconf 82' lang='lat' dir='ltr'><strong>vt</strong></span> <span class='ocrx_word' id='word_1_97' title='bbox 767 1674 831 1721; x_wconf 90' lang='lat' dir='ltr'><strong>aes</strong></span> <span class='ocrx_word' id='word_1_98' title='bbox 850 1659 1022 1733; x_wconf 85' lang='lat' dir='ltr'><strong>alienum,</strong></span> <span class='ocrx_word' id='word_1_99' title='bbox 1044 1659 1138 1741; x_wconf 92' lang='lat' dir='ltr'><strong>quod</strong></span> <span class='ocrx_word' id='word_1_100' title='bbox 1159 1660 1227 1722; x_wconf 91' lang='lat' dir='ltr'><strong>hae</strong></span> <span class='ocrx_word' id='word_1_101' title='bbox 1247 1658 1410 1721; x_wconf 89' lang='lat' dir='ltr'><strong>mulieres</strong></span> 
     </span>
     <span class='ocr_line' id='line_1_13' title="bbox 184 1766 1407 1847; baseline -0.002 -18"><span class='ocrx_word' id='word_1_102' title='bbox 184 1774 454 1844; x_wconf 86' lang='lat' dir='ltr'><strong>contraxerant,</strong></span> <span class='ocrx_word' id='word_1_103' title='bbox 470 1767 730 1847; x_wconf 90' lang='lat' dir='ltr'><strong>persoluerent‚</strong></span> <span class='ocrx_word' id='word_1_104' title='bbox 752 1774 787 1830; x_wconf 91' lang='lat' dir='ltr'><strong>et</strong></span> <span class='ocrx_word' id='word_1_105' title='bbox 804 1766 1008 1829; x_wconf 87' lang='lat' dir='ltr'><strong>earumdem</strong></span> <span class='ocrx_word' id='word_1_106' title='bbox 1027 1766 1133 1830; x_wconf 89' lang='lat' dir='ltr'><strong>saluti</strong></span> <span class='ocrx_word' id='word_1_107' title='bbox 1152 1767 1407 1830; x_wconf 87' lang='lat' dir='ltr'><strong>consuleretur.</strong></span> 
     </span>
     <span class='ocr_line' id='line_1_14' title="bbox 183 1870 1408 1953; baseline 0 -18"><span class='ocrx_word' id='word_1_108' title='bbox 183 1870 264 1935; x_wconf 89' lang='lat' dir='ltr'><strong>Fuit</strong></span> <span class='ocrx_word' id='word_1_109' title='bbox 277 1871 426 1950; x_wconf 90' lang='lat' dir='ltr'><strong>iuuenis,</strong></span> <span class='ocrx_word' id='word_1_110' title='bbox 443 1871 503 1951; x_wconf 90' lang='lat' dir='ltr'><strong>qui</strong></span> <span class='ocrx_word' id='word_1_111' title='bbox 517 1871 667 1951; x_wconf 83' lang='lat' dir='ltr'><strong>largitus</strong></span> <span class='ocrx_word' id='word_1_112' title='bbox 681 1881 735 1936; x_wconf 92' lang='lat' dir='ltr'><strong>est</strong></span> <span class='ocrx_word' id='word_1_113' title='bbox 746 1873 946 1953; x_wconf 87' lang='lat' dir='ltr'><strong>complures</strong></span> <span class='ocrx_word' id='word_1_114' title='bbox 960 1872 1109 1936; x_wconf 90' lang='lat' dir='ltr'><strong>ducatos</strong></span> <span class='ocrx_word' id='word_1_115' title='bbox 1123 1889 1271 1951; x_wconf 88' lang='lat' dir='ltr'><strong>aureos,</strong></span> <span class='ocrx_word' id='word_1_116' title='bbox 1285 1872 1408 1953; x_wconf 83' lang='lat' dir='ltr'><strong>quique</strong></span> 
     </span>
     <span class='ocr_line' id='line_1_15' title="bbox 182 1977 1406 2060; baseline 0.001 -20"><span class='ocrx_word' id='word_1_117' title='bbox 182 1995 249 2041; x_wconf 84' lang='lat' dir='ltr'><strong>vas</strong></span> <span class='ocrx_word' id='word_1_118' title='bbox 264 1988 473 2058; x_wconf 83' lang='lat' dir='ltr'><strong>argenteum</strong></span> <span class='ocrx_word' id='word_1_119' title='bbox 487 1980 567 2042; x_wconf 90' lang='lat' dir='ltr'><strong>loco</strong></span> <span class='ocrx_word' id='word_1_120' title='bbox 581 1979 752 2059; x_wconf 87' lang='lat' dir='ltr'><strong>pecuniae</strong></span> <span class='ocrx_word' id='word_1_121' title='bbox 766 1979 964 2060; x_wconf 84' lang='lat' dir='ltr'><strong>porrigeret</strong></span> <span class='ocrx_word' id='word_1_122' title='bbox 976 1977 1022 2042; x_wconf 94' lang='lat' dir='ltr'><strong>ad</strong></span> <span class='ocrx_word' id='word_1_123' title='bbox 1033 1995 1094 2042; x_wconf 91' lang='lat' dir='ltr'><strong>eas</strong></span> <span class='ocrx_word' id='word_1_124' title='bbox 1106 1995 1189 2042; x_wconf 91' lang='lat' dir='ltr'><strong>aere</strong></span> <span class='ocrx_word' id='word_1_125' title='bbox 1203 1979 1321 2042; x_wconf 90' lang='lat' dir='ltr'><strong>alieno</strong></span> <span class='ocrx_word' id='word_1_126' title='bbox 1332 1977 1406 2041; x_wconf 90' lang='lat' dir='ltr'><strong>libe·</strong></span> 
     </span>
     <span class='ocr_line' id='line_1_16' title="bbox 183 2083 1407 2166; baseline 0.001 -19"><span class='ocrx_word' id='word_1_127' title='bbox 183 2083 326 2148; x_wconf 90' lang='lat' dir='ltr'><strong>randas.</strong></span> <span class='ocrx_word' id='word_1_128' title='bbox 360 2083 511 2164; x_wconf 87' lang='lat' dir='ltr'><strong>Quidam</strong></span> <span class='ocrx_word' id='word_1_129' title='bbox 543 2093 666 2148; x_wconf 90' lang='lat' dir='ltr'><strong>noster</strong></span> <span class='ocrx_word' id='word_1_130' title='bbox 704 2084 839 2148; x_wconf 90' lang='lat' dir='ltr'><strong>audiuit</strong></span> <span class='ocrx_word' id='word_1_131' title='bbox 875 2083 1115 2148; x_wconf 85' lang='lat' dir='ltr'><strong>confessiones</strong></span> <span class='ocrx_word' id='word_1_132' title='bbox 1144 2084 1407 2166; x_wconf 89' lang='lat' dir='ltr'><strong>quatuordecim</strong></span> 
     </span>
     <span class='ocr_line' id='line_1_17' title="bbox 183 2190 1406 2273; baseline -0.001 -18"><span class='ocrx_word' id='word_1_133' title='bbox 183 2207 326 2271; x_wconf 89' lang='lat' dir='ltr'><strong>earum;</strong></span> <span class='ocrx_word' id='word_1_134' title='bbox 352 2208 503 2273; x_wconf 91' lang='lat' dir='ltr'><strong>quarum</strong></span> <span class='ocrx_word' id='word_1_135' title='bbox 525 2191 700 2273; x_wconf 90' lang='lat' dir='ltr'><strong>quaedam</strong></span> <span class='ocrx_word' id='word_1_136' title='bbox 721 2200 937 2272; x_wconf 90' lang='lat' dir='ltr'><strong>nupserunt,</strong></span> <span class='ocrx_word' id='word_1_137' title='bbox 963 2192 1055 2255; x_wconf 87' lang='lat' dir='ltr'><strong>aliae</strong></span> <span class='ocrx_word' id='word_1_138' title='bbox 1079 2201 1254 2272; x_wconf 91' lang='lat' dir='ltr'><strong>parantur</strong></span> <span class='ocrx_word' id='word_1_139' title='bbox 1279 2190 1326 2255; x_wconf 90' lang='lat' dir='ltr'><strong>ad</strong></span> <span class='ocrx_word' id='word_1_140' title='bbox 1352 2208 1406 2254; x_wconf 91' lang='lat' dir='ltr'><strong>nu·</strong></span> 
     </span>
     <span class='ocr_line' id='line_1_18' title="bbox 183 2297 1407 2379; baseline -0.001 -19"><span class='ocrx_word' id='word_1_141' title='bbox 183 2297 287 2378; x_wconf 90' lang='lat' dir='ltr'><strong>ptias,</strong></span> <span class='ocrx_word' id='word_1_142' title='bbox 313 2298 404 2361; x_wconf 90' lang='lat' dir='ltr'><strong>aliae</strong></span> <span class='ocrx_word' id='word_1_143' title='bbox 428 2314 637 2379; x_wconf 89' lang='lat' dir='ltr'><strong>permanere</strong></span> <span class='ocrx_word' id='word_1_144' title='bbox 661 2299 807 2379; x_wconf 92' lang='lat' dir='ltr'><strong>cupiunt</strong></span> <span class='ocrx_word' id='word_1_145' title='bbox 830 2298 925 2379; x_wconf 91' lang='lat' dir='ltr'><strong>apud</strong></span> <span class='ocrx_word' id='word_1_146' title='bbox 948 2315 1023 2377; x_wconf 91' lang='lat' dir='ltr'><strong>eos,</strong></span> <span class='ocrx_word' id='word_1_147' title='bbox 1049 2315 1071 2360; x_wconf 91' lang='lat' dir='ltr'><strong>a</strong></span> <span class='ocrx_word' id='word_1_148' title='bbox 1096 2298 1223 2379; x_wconf 92' lang='lat' dir='ltr'><strong>quibus</strong></span> <span class='ocrx_word' id='word_1_149' title='bbox 1248 2306 1407 2379; x_wconf 89' lang='lat' dir='ltr'><strong>receptae</strong></span> 
     </span>
     <span class='ocr_line' id='line_1_19' title="bbox 183 2401 1406 2486; baseline 0 -20"><span class='ocrx_word' id='word_1_150' title='bbox 183 2413 275 2468; x_wconf 88' lang='lat' dir='ltr'><strong>sunt:</strong></span> <span class='ocrx_word' id='word_1_151' title='bbox 292 2404 454 2468; x_wconf 90' lang='lat' dir='ltr'><strong>omnibus</strong></span> <span class='ocrx_word' id='word_1_152' title='bbox 468 2403 618 2485; x_wconf 92' lang='lat' dir='ltr'><strong>denique</strong></span> <span class='ocrx_word' id='word_1_153' title='bbox 632 2404 702 2468; x_wconf 92' lang='lat' dir='ltr'><strong>illis</strong></span> <span class='ocrx_word' id='word_1_154' title='bbox 714 2401 789 2469; x_wconf 81' lang='lat' dir='ltr'><strong>fere</strong></span> <span class='ocrx_word' id='word_1_155' title='bbox 806 2405 865 2469; x_wconf 87' lang='lat' dir='ltr'><strong>via</strong></span> <span class='ocrx_word' id='word_1_156' title='bbox 884 2405 1011 2469; x_wconf 88' lang='lat' dir='ltr'><strong>salutis</strong></span> <span class='ocrx_word' id='word_1_157' title='bbox 1029 2405 1154 2486; x_wconf 91' lang='lat' dir='ltr'><strong>peruia</strong></span> <span class='ocrx_word' id='word_1_158' title='bbox 1178 2405 1406 2486; x_wconf 88' lang='lat' dir='ltr'><strong>conspicitur.</strong></span> 
     </span>
     <span class='ocr_line' id='line_1_20' title="bbox 183 2508 1407 2592; baseline -0.002 -17"><span class='ocrx_word' id='word_1_159' title='bbox 183 2508 253 2575; x_wconf 91' lang='lat' dir='ltr'><strong>Sed</strong></span> <span class='ocrx_word' id='word_1_160' title='bbox 267 2527 378 2592; x_wconf 90' lang='lat' dir='ltr'><strong>vsque</strong></span> <span class='ocrx_word' id='word_1_161' title='bbox 393 2510 482 2575; x_wconf 88' lang='lat' dir='ltr'><strong>adeo</strong></span> <span class='ocrx_word' id='word_1_162' title='bbox 496 2509 672 2575; x_wconf 91' lang='lat' dir='ltr'><strong>Dominus</strong></span> <span class='ocrx_word' id='word_1_163' title='bbox 685 2512 866 2575; x_wconf 90' lang='lat' dir='ltr'><strong>hominum</strong></span> <span class='ocrx_word' id='word_1_164' title='bbox 879 2511 1019 2575; x_wconf 90' lang='lat' dir='ltr'><strong>animos</strong></span> <span class='ocrx_word' id='word_1_165' title='bbox 1034 2511 1080 2574; x_wconf 91' lang='lat' dir='ltr'><strong>ad</strong></span> <span class='ocrx_word' id='word_1_166' title='bbox 1098 2511 1166 2574; x_wconf 90' lang='lat' dir='ltr'><strong>hoc</strong></span> <span class='ocrx_word' id='word_1_167' title='bbox 1182 2528 1273 2591; x_wconf 91' lang='lat' dir='ltr'><strong>opus</strong></span> <span class='ocrx_word' id='word_1_168' title='bbox 1296 2526 1407 2591; x_wconf 90' lang='lat' dir='ltr'><strong>prose·</strong></span> 
     </span>
     <span class='ocr_line' id='line_1_21' title="bbox 183 2615 1409 2698; baseline 0 -18"><span class='ocrx_word' id='word_1_169' title='bbox 183 2615 361 2697; x_wconf 91' lang='lat' dir='ltr'><strong>quendum</strong></span> <span class='ocrx_word' id='word_1_170' title='bbox 380 2619 590 2698; x_wconf 88' lang='lat' dir='ltr'><strong>commouit,</strong></span> <span class='ocrx_word' id='word_1_171' title='bbox 613 2628 653 2682; x_wconf 87' lang='lat' dir='ltr'><strong>vt</strong></span> <span class='ocrx_word' id='word_1_172' title='bbox 670 2635 856 2682; x_wconf 90' lang='lat' dir='ltr'><strong>numerum</strong></span> <span class='ocrx_word' id='word_1_173' title='bbox 874 2618 1013 2681; x_wconf 90' lang='lat' dir='ltr'><strong>illarum</strong></span> <span class='ocrx_word' id='word_1_174' title='bbox 1032 2617 1222 2681; x_wconf 89' lang='lat' dir='ltr'><strong>excederet</strong></span> <span class='ocrx_word' id='word_1_175' title='bbox 1244 2633 1409 2682; x_wconf 89' lang='lat' dir='ltr'><strong>numerus</strong></span> 
     </span>
     <span class='ocr_line' id='line_1_22' title="bbox 183 2722 1108 2805; baseline -0.001 -19"><span class='ocrx_word' id='word_1_176' title='bbox 183 2739 306 2787; x_wconf 90' lang='lat' dir='ltr'><strong>eorum</strong></span> <span class='ocrx_word' id='word_1_177' title='bbox 321 2722 381 2805; x_wconf 92' lang='lat' dir='ltr'><strong>qui</strong></span> <span class='ocrx_word' id='word_1_178' title='bbox 395 2740 458 2787; x_wconf 90' lang='lat' dir='ltr'><strong>eas</strong></span> <span class='ocrx_word' id='word_1_179' title='bbox 472 2734 632 2805; x_wconf 91' lang='lat' dir='ltr'><strong>peterent</strong></span> <span class='ocrx_word' id='word_1_180' title='bbox 645 2724 692 2789; x_wconf 91' lang='lat' dir='ltr'><strong>ad</strong></span> <span class='ocrx_word' id='word_1_181' title='bbox 710 2725 938 2789; x_wconf 89' lang='lat' dir='ltr'><strong>collocandas</strong></span> <span class='ocrx_word' id='word_1_182' title='bbox 951 2724 1108 2789; x_wconf 90' lang='lat' dir='ltr'><strong>easdem.</strong></span> 
     </span>
    </p>

    <p class='ocr_par' dir='ltr' id='par_1_3' title="bbox 169 2828 1417 3759">
     <span class='ocr_line' id='line_1_23' title="bbox 243 2828 1411 2911; baseline 0.003 -17"><span class='ocrx_word' id='word_1_183' title='bbox 243 2828 414 2894; x_wconf 90' lang='lat' dir='ltr'><strong>Omnibus</strong></span> <span class='ocrx_word' id='word_1_184' title='bbox 426 2847 534 2911; x_wconf 90' lang='lat' dir='ltr'><strong>supra</strong></span> <span class='ocrx_word' id='word_1_185' title='bbox 548 2832 753 2896; x_wconf 89' lang='lat' dir='ltr'><strong>memoratis</strong></span> <span class='ocrx_word' id='word_1_186' title='bbox 767 2829 892 2895; x_wconf 93' lang='lat' dir='ltr'><strong>diebus</strong></span> <span class='ocrx_word' id='word_1_187' title='bbox 906 2831 1038 2911; x_wconf 84' lang='lat' dir='ltr'><strong>singuli</strong></span> <span class='ocrx_word' id='word_1_188' title='bbox 1050 2829 1176 2894; x_wconf 90' lang='lat' dir='ltr'><strong>Patres</strong></span> <span class='ocrx_word' id='word_1_189' title='bbox 1191 2848 1274 2896; x_wconf 89' lang='lat' dir='ltr'><strong>cum</strong></span> <span class='ocrx_word' id='word_1_190' title='bbox 1295 2831 1411 2897; x_wconf 73' lang='lat' dir='ltr'><strong>frani-</strong></span> 
     </span>
     <span class='ocr_line' id='line_1_24' title="bbox 183 2937 1411 3018; baseline 0.003 -20"><span class='ocrx_word' id='word_1_191' title='bbox 183 2937 247 3000; x_wconf 89' lang='lat' dir='ltr'><strong>bus</strong></span> <span class='ocrx_word' id='word_1_192' title='bbox 267 2937 417 3016; x_wconf 85' lang='lat' dir='ltr'><strong>singulis</strong></span> <span class='ocrx_word' id='word_1_193' title='bbox 437 2956 475 3000; x_wconf 90' lang='lat' dir='ltr'><strong>se</strong></span> <span class='ocrx_word' id='word_1_194' title='bbox 495 2938 531 3000; x_wconf 91' lang='lat' dir='ltr'><strong>in</strong></span> <span class='ocrx_word' id='word_1_195' title='bbox 554 2954 663 3017; x_wconf 80' lang='lat' dir='ltr'><strong>agros</strong></span> <span class='ocrx_word' id='word_1_196' title='bbox 684 2937 884 3001; x_wconf 90' lang='lat' dir='ltr'><strong>hominibus</strong></span> <span class='ocrx_word' id='word_1_197' title='bbox 902 2939 1026 3017; x_wconf 90' lang='lat' dir='ltr'><strong>plenos</strong></span> <span class='ocrx_word' id='word_1_198' title='bbox 1048 2937 1182 3001; x_wconf 90' lang='lat' dir='ltr'><strong>chartis</strong></span> <span class='ocrx_word' id='word_1_199' title='bbox 1204 2946 1311 3018; x_wconf 89' lang='lat' dir='ltr'><strong>atque</strong></span> <span class='ocrx_word' id='word_1_200' title='bbox 1331 2939 1411 3002; x_wconf 90' lang='lat' dir='ltr'><strong>aliis</strong></span> 
     </span>
     <span class='ocr_line' id='line_1_25' title="bbox 183 3042 1413 3125; baseline 0.002 -20"><span class='ocrx_word' id='word_1_201' title='bbox 183 3043 296 3106; x_wconf 91' lang='lat' dir='ltr'><strong>modis</strong></span> <span class='ocrx_word' id='word_1_202' title='bbox 311 3045 511 3108; x_wconf 90' lang='lat' dir='ltr'><strong>ludentibus</strong></span> <span class='ocrx_word' id='word_1_203' title='bbox 526 3042 767 3120; x_wconf 82' lang='lat' dir='ltr'><strong>conserebant,</strong></span> <span class='ocrx_word' id='word_1_204' title='bbox 784 3061 914 3125; x_wconf 86' lang='lat' dir='ltr'><strong>eosque</strong></span> <span class='ocrx_word' id='word_1_205' title='bbox 930 3055 1169 3123; x_wconf 84' lang='lat' dir='ltr'><strong>congregatos</strong></span> <span class='ocrx_word' id='word_1_206' title='bbox 1185 3062 1308 3108; x_wconf 88' lang='lat' dir='ltr'><strong>secum</strong></span> <span class='ocrx_word' id='word_1_207' title='bbox 1329 3044 1413 3108; x_wconf 91' lang='lat' dir='ltr'><strong>inde</strong></span> 
     </span>
     <span class='ocr_line' id='line_1_26' title="bbox 183 3148 1414 3230; baseline 0.004 -20"><span class='ocrx_word' id='word_1_208' title='bbox 183 3148 357 3213; x_wconf 87' lang='lat' dir='ltr'><strong>ducebant</strong></span> <span class='ocrx_word' id='word_1_209' title='bbox 379 3150 424 3213; x_wconf 92' lang='lat' dir='ltr'><strong>ad</strong></span> <span class='ocrx_word' id='word_1_210' title='bbox 443 3151 611 3230; x_wconf 90' lang='lat' dir='ltr'><strong>templum</strong></span> <span class='ocrx_word' id='word_1_211' title='bbox 631 3151 773 3230; x_wconf 91' lang='lat' dir='ltr'><strong>aliquod</strong></span> <span class='ocrx_word' id='word_1_212' title='bbox 793 3150 993 3214; x_wconf 88' lang='lat' dir='ltr'><strong>doctrinam</strong></span> <span class='ocrx_word' id='word_1_213' title='bbox 1013 3151 1244 3214; x_wconf 84' lang='lat' dir='ltr'><strong>christianam</strong></span> <span class='ocrx_word' id='word_1_214' title='bbox 1267 3161 1414 3215; x_wconf 90' lang='lat' dir='ltr'><strong>cantan-</strong></span> 
     </span>
     <span class='ocr_line' id='line_1_27' title="bbox 183 3257 1415 3337; baseline 0.002 -18"><span class='ocrx_word' id='word_1_215' title='bbox 183 3267 251 3333; x_wconf 89' lang='lat' dir='ltr'><strong>tes,</strong></span> <span class='ocrx_word' id='word_1_216' title='bbox 278 3273 447 3335; x_wconf 88' lang='lat' dir='ltr'><strong>quocum</strong></span> <span class='ocrx_word' id='word_1_217' title='bbox 469 3257 728 3337; x_wconf 85' lang='lat' dir='ltr'><strong>peruenissent,</strong></span> <span class='ocrx_word' id='word_1_218' title='bbox 750 3259 917 3319; x_wconf 91' lang='lat' dir='ltr'><strong>nonnulla</strong></span> <span class='ocrx_word' id='word_1_219' title='bbox 939 3257 1138 3336; x_wconf 88' lang='lat' dir='ltr'><strong>spiritualia</strong></span> <span class='ocrx_word' id='word_1_220' title='bbox 1158 3275 1219 3321; x_wconf 90' lang='lat' dir='ltr'><strong>eos</strong></span> <span class='ocrx_word' id='word_1_221' title='bbox 1242 3258 1415 3322; x_wconf 90' lang='lat' dir='ltr'><strong>docentes</strong></span> 
     </span>
     <span class='ocr_line' id='line_1_28' title="bbox 182 3361 1416 3448; baseline 0.006 -24"><span class='ocrx_word' id='word_1_222' title='bbox 182 3361 306 3425; x_wconf 91' lang='lat' dir='ltr'><strong>domos</strong></span> <span class='ocrx_word' id='word_1_223' title='bbox 321 3379 405 3425; x_wconf 91' lang='lat' dir='ltr'><strong>suas</strong></span> <span class='ocrx_word' id='word_1_224' title='bbox 418 3362 688 3426; x_wconf 90' lang='lat' dir='ltr'><strong>remittebantur</strong></span> <span class='ocrx_word' id='word_1_225' title='bbox 699 3363 782 3442; x_wconf 80' lang='lat' dir='ltr'><strong>(sic)</strong></span> <span class='ocrx_word' id='word_1_226' title='bbox 794 3363 979 3426; x_wconf 89' lang='lat' dir='ltr'><strong>laudantes</strong></span> <span class='ocrx_word' id='word_1_227' title='bbox 990 3363 1192 3442; x_wconf 89' lang='lat' dir='ltr'><strong>Dominum,</strong></span> <span class='ocrx_word' id='word_1_228' title='bbox 1207 3364 1242 3426; x_wconf 91' lang='lat' dir='ltr'><strong>in</strong></span> <span class='ocrx_word' id='word_1_229' title='bbox 1254 3382 1327 3444; x_wconf 90' lang='lat' dir='ltr'><strong>qua</strong></span> <span class='ocrx_word' id='word_1_230' title='bbox 1339 3369 1416 3448; x_wconf 91' lang='lat' dir='ltr'><strong>qui·</strong></span> 
     </span>
     <span class='ocr_line' id='line_1_29' title="bbox 182 3467 1416 3553; baseline 0.005 -22"><span class='ocrx_word' id='word_1_231' title='bbox 182 3467 261 3531; x_wconf 91' lang='lat' dir='ltr'><strong>dem</strong></span> <span class='ocrx_word' id='word_1_232' title='bbox 276 3470 530 3532; x_wconf 85' lang='lat' dir='ltr'><strong>exercitatione</strong></span> <span class='ocrx_word' id='word_1_233' title='bbox 546 3479 685 3549; x_wconf 90' lang='lat' dir='ltr'><strong>tempus</strong></span> <span class='ocrx_word' id='word_1_234' title='bbox 704 3470 946 3549; x_wconf 83' lang='lat' dir='ltr'><strong>uespertinum</strong></span> <span class='ocrx_word' id='word_1_235' title='bbox 968 3470 1166 3551; x_wconf 90' lang='lat' dir='ltr'><strong>impensum</strong></span> <span class='ocrx_word' id='word_1_236' title='bbox 1182 3482 1247 3534; x_wconf 91' lang='lat' dir='ltr'><strong>est.</strong></span> <span class='ocrx_word' id='word_1_237' title='bbox 1265 3471 1322 3536; x_wconf 82' lang='lat' dir='ltr'><strong>Ex</strong></span> <span class='ocrx_word' id='word_1_238' title='bbox 1343 3490 1416 3553; x_wconf 89' lang='lat' dir='ltr'><strong>qua</strong></span> 
     </span>
     <span class='ocr_line' id='line_1_30' title="bbox 169 3567 1417 3656; baseline 0.006 -19"><span class='ocrx_word' id='word_1_239' title='bbox 169 3567 221 3638; x_wconf 79' lang='lat' dir='ltr'><strong>&#39;re</strong></span> <span class='ocrx_word' id='word_1_240' title='bbox 236 3584 310 3638; x_wconf 89' lang='lat' dir='ltr'><strong>tota</strong></span> <span class='ocrx_word' id='word_1_241' title='bbox 322 3576 449 3639; x_wconf 89' lang='lat' dir='ltr'><strong>ciuitas</strong></span> <span class='ocrx_word' id='word_1_242' title='bbox 460 3586 638 3640; x_wconf 88' lang='lat' dir='ltr'><strong>commota</strong></span> <span class='ocrx_word' id='word_1_243' title='bbox 651 3577 726 3655; x_wconf 80' lang='lat' dir='ltr'><strong>fuit,</strong></span> <span class='ocrx_word' id='word_1_244' title='bbox 740 3586 775 3639; x_wconf 91' lang='lat' dir='ltr'><strong>et</strong></span> <span class='ocrx_word' id='word_1_245' title='bbox 790 3576 937 3656; x_wconf 86' lang='lat' dir='ltr'><strong>proinde</strong></span> <span class='ocrx_word' id='word_1_246' title='bbox 949 3576 1030 3640; x_wconf 85' lang='lat' dir='ltr'><strong>festi</strong></span> <span class='ocrx_word' id='word_1_247' title='bbox 1041 3576 1116 3640; x_wconf 92' lang='lat' dir='ltr'><strong>dies</strong></span> <span class='ocrx_word' id='word_1_248' title='bbox 1127 3578 1216 3641; x_wconf 92' lang='lat' dir='ltr'><strong>bene</strong></span> <span class='ocrx_word' id='word_1_249' title='bbox 1229 3579 1320 3643; x_wconf 90' lang='lat' dir='ltr'><strong>satis</strong></span> <span class='ocrx_word' id='word_1_250' title='bbox 1331 3597 1417 3644; x_wconf 92' lang='lat' dir='ltr'><strong>con·</strong></span> 
     </span>
     <span class='ocr_line' id='line_1_31' title="bbox 183 3682 326 3759; baseline 0 -15"><span class='ocrx_word' id='word_1_251' title='bbox 183 3682 326 3759; x_wconf 91' lang='lat' dir='ltr'><strong>sumpti.</strong></span> 
     </span>
    </p>

    <p class='ocr_par' dir='ltr' id='par_1_4' title="bbox 181 3786 1418 4710">
     <span class='ocr_line' id='line_1_32' title="bbox 243 3786 1418 3872; baseline 0.006 -21"><span class='ocrx_word' id='word_1_252' title='bbox 243 3786 310 3852; x_wconf 91' lang='lat' dir='ltr'><strong>Die</strong></span> <span class='ocrx_word' id='word_1_253' title='bbox 332 3798 518 3867; x_wconf 89' lang='lat' dir='ltr'><strong>praeterea</strong></span> <span class='ocrx_word' id='word_1_254' title='bbox 538 3788 828 3854; x_wconf 82' lang='lat' dir='ltr'><strong>circumcisionis</strong></span> <span class='ocrx_word' id='word_1_255' title='bbox 848 3788 993 3853; x_wconf 91' lang='lat' dir='ltr'><strong>Domini</strong></span> <span class='ocrx_word' id='word_1_256' title='bbox 1017 3788 1086 3853; x_wconf 93' lang='lat' dir='ltr'><strong>duo</strong></span> <span class='ocrx_word' id='word_1_257' title='bbox 1107 3789 1233 3854; x_wconf 90' lang='lat' dir='ltr'><strong>Patres</strong></span> <span class='ocrx_word' id='word_1_258' title='bbox 1253 3793 1418 3872; x_wconf 90' lang='lat' dir='ltr'><strong>plateam</strong></span> 
     </span>
     <span class='ocr_line' id='line_1_33' title="bbox 183 3895 1418 3979; baseline 0.006 -21"><span class='ocrx_word' id='word_1_259' title='bbox 183 3895 385 3976; x_wconf 90' lang='lat' dir='ltr'><strong>quamdam,</strong></span> <span class='ocrx_word' id='word_1_260' title='bbox 402 3895 462 3959; x_wconf 93' lang='lat' dir='ltr'><strong>ubi</strong></span> <span class='ocrx_word' id='word_1_261' title='bbox 475 3898 661 3977; x_wconf 90' lang='lat' dir='ltr'><strong>plusquam</strong></span> <span class='ocrx_word' id='word_1_262' title='bbox 676 3896 770 3960; x_wconf 91' lang='lat' dir='ltr'><strong>mille</strong></span> <span class='ocrx_word' id='word_1_263' title='bbox 786 3896 967 3959; x_wconf 88' lang='lat' dir='ltr'><strong>hominum</strong></span> <span class='ocrx_word' id='word_1_264' title='bbox 983 3905 1100 3974; x_wconf 91' lang='lat' dir='ltr'><strong>erant,</strong></span> <span class='ocrx_word' id='word_1_265' title='bbox 1116 3897 1327 3979; x_wconf 79' lang='lat' dir='ltr'><strong>inuiserunt3</strong></span> <span class='ocrx_word' id='word_1_266' title='bbox 1351 3903 1418 3966; x_wconf 91' lang='lat' dir='ltr'><strong>sed</strong></span> 
     </span>
     <span class='ocr_line' id='line_1_34' title="bbox 183 4001 1414 4088; baseline 0.005 -23"><span class='ocrx_word' id='word_1_267' title='bbox 183 4003 343 4065; x_wconf 90' lang='lat' dir='ltr'><strong>homines</strong></span> <span class='ocrx_word' id='word_1_268' title='bbox 359 4001 408 4064; x_wconf 92' lang='lat' dir='ltr'><strong>illi</strong></span> <span class='ocrx_word' id='word_1_269' title='bbox 428 4019 466 4065; x_wconf 92' lang='lat' dir='ltr'><strong>se</strong></span> <span class='ocrx_word' id='word_1_270' title='bbox 488 4020 529 4065; x_wconf 90' lang='lat' dir='ltr'><strong>eo</strong></span> <span class='ocrx_word' id='word_1_271' title='bbox 550 4005 774 4066; x_wconf 91' lang='lat' dir='ltr'><strong>contulerant</strong></span> <span class='ocrx_word' id='word_1_272' title='bbox 795 4014 834 4066; x_wconf 89' lang='lat' dir='ltr'><strong>vt</strong></span> <span class='ocrx_word' id='word_1_273' title='bbox 852 4004 1174 4082; x_wconf 87' lang='lat' dir='ltr'><strong>contemplarentur</strong></span> <span class='ocrx_word' id='word_1_274' title='bbox 1196 4007 1414 4088; x_wconf 89' lang='lat' dir='ltr'><strong>neophytos,</strong></span> 
     </span>
     <span class='ocr_line' id='line_1_35' title="bbox 183 4109 1417 4190; baseline 0.005 -17"><span class='ocrx_word' id='word_1_275' title='bbox 183 4109 243 4190; x_wconf 93' lang='lat' dir='ltr'><strong>qui</strong></span> <span class='ocrx_word' id='word_1_276' title='bbox 257 4127 299 4172; x_wconf 91' lang='lat' dir='ltr'><strong>eo</strong></span> <span class='ocrx_word' id='word_1_277' title='bbox 316 4109 371 4172; x_wconf 92' lang='lat' dir='ltr'><strong>die</strong></span> <span class='ocrx_word' id='word_1_278' title='bbox 387 4109 569 4188; x_wconf 89' lang='lat' dir='ltr'><strong>coquendo</strong></span> <span class='ocrx_word' id='word_1_279' title='bbox 584 4110 678 4172; x_wconf 89' lang='lat' dir='ltr'><strong>melli</strong></span> <span class='ocrx_word' id='word_1_280' title='bbox 691 4110 810 4173; x_wconf 89' lang='lat' dir='ltr'><strong>coctili</strong></span> <span class='ocrx_word' id='word_1_281' title='bbox 825 4128 969 4189; x_wconf 89' lang='lat' dir='ltr'><strong>operam</strong></span> <span class='ocrx_word' id='word_1_282' title='bbox 985 4111 1127 4174; x_wconf 89' lang='lat' dir='ltr'><strong>dabant:</strong></span> <span class='ocrx_word' id='word_1_283' title='bbox 1142 4114 1232 4175; x_wconf 90' lang='lat' dir='ltr'><strong>alter</strong></span> <span class='ocrx_word' id='word_1_284' title='bbox 1245 4113 1318 4177; x_wconf 90' lang='lat' dir='ltr'><strong>illis</strong></span> <span class='ocrx_word' id='word_1_285' title='bbox 1329 4131 1417 4179; x_wconf 92' lang='lat' dir='ltr'><strong>con·</strong></span> 
     </span>
     <span class='ocr_line' id='line_1_36' title="bbox 183 4215 1417 4300; baseline 0.005 -21"><span class='ocrx_word' id='word_1_286' title='bbox 183 4217 345 4279; x_wconf 89' lang='lat' dir='ltr'><strong>cionatus</strong></span> <span class='ocrx_word' id='word_1_287' title='bbox 361 4226 425 4293; x_wconf 89' lang='lat' dir='ltr'><strong>est,</strong></span> <span class='ocrx_word' id='word_1_288' title='bbox 449 4217 539 4278; x_wconf 88' lang='lat' dir='ltr'><strong>alter</strong></span> <span class='ocrx_word' id='word_1_289' title='bbox 553 4215 750 4279; x_wconf 88' lang='lat' dir='ltr'><strong>doctrinam</strong></span> <span class='ocrx_word' id='word_1_290' title='bbox 772 4233 854 4279; x_wconf 92' lang='lat' dir='ltr'><strong>cum</strong></span> <span class='ocrx_word' id='word_1_291' title='bbox 868 4217 966 4281; x_wconf 88' lang='lat' dir='ltr'><strong>socio</strong></span> <span class='ocrx_word' id='word_1_292' title='bbox 985 4217 1210 4294; x_wconf 91' lang='lat' dir='ltr'><strong>decantabat,</strong></span> <span class='ocrx_word' id='word_1_293' title='bbox 1228 4228 1262 4280; x_wconf 93' lang='lat' dir='ltr'><strong>et</strong></span> <span class='ocrx_word' id='word_1_294' title='bbox 1277 4223 1417 4300; x_wconf 90' lang='lat' dir='ltr'><strong>praeci·</strong></span> 
     </span>
     <span class='ocr_line' id='line_1_37' title="bbox 182 4322 1416 4403; baseline 0.006 -18"><span class='ocrx_word' id='word_1_295' title='bbox 182 4340 250 4402; x_wconf 93' lang='lat' dir='ltr'><strong>pue</strong></span> <span class='ocrx_word' id='word_1_296' title='bbox 262 4322 375 4385; x_wconf 90' lang='lat' dir='ltr'><strong>seruis</strong></span> <span class='ocrx_word' id='word_1_297' title='bbox 388 4322 619 4403; x_wconf 90' lang='lat' dir='ltr'><strong>aethiopibus.</strong></span> <span class='ocrx_word' id='word_1_298' title='bbox 631 4322 697 4386; x_wconf 91' lang='lat' dir='ltr'><strong>His</strong></span> <span class='ocrx_word' id='word_1_299' title='bbox 706 4322 848 4386; x_wconf 91' lang='lat' dir='ltr'><strong>tandem</strong></span> <span class='ocrx_word' id='word_1_300' title='bbox 857 4324 962 4386; x_wconf 91' lang='lat' dir='ltr'><strong>rebus</strong></span> <span class='ocrx_word' id='word_1_301' title='bbox 973 4324 1206 4388; x_wconf 87' lang='lat' dir='ltr'><strong>daemonibus</strong></span> <span class='ocrx_word' id='word_1_302' title='bbox 1218 4325 1311 4391; x_wconf 76' lang='lat' dir='ltr'><strong>festa</strong></span> <span class='ocrx_word' id='word_1_303' title='bbox 1323 4328 1416 4392; x_wconf 86' lang='lat' dir='ltr'><strong>haec</strong></span> 
     </span>
     <span class='ocr_line' id='line_1_38' title="bbox 182 4427 1416 4511; baseline 0.006 -19"><span class='ocrx_word' id='word_1_304' title='bbox 182 4430 274 4492; x_wconf 90' lang='lat' dir='ltr'><strong>male</strong></span> <span class='ocrx_word' id='word_1_305' title='bbox 296 4428 512 4492; x_wconf 86' lang='lat' dir='ltr'><strong>ceciderunt.</strong></span> <span class='ocrx_word' id='word_1_306' title='bbox 536 4427 705 4509; x_wconf 90' lang='lat' dir='ltr'><strong>Populum</strong></span> <span class='ocrx_word' id='word_1_307' title='bbox 727 4433 844 4492; x_wconf 88' lang='lat' dir='ltr'><strong>autem</strong></span> <span class='ocrx_word' id='word_1_308' title='bbox 861 4430 964 4493; x_wconf 89' lang='lat' dir='ltr'><strong>valde</strong></span> <span class='ocrx_word' id='word_1_309' title='bbox 985 4432 1203 4511; x_wconf 91' lang='lat' dir='ltr'><strong>multumque</strong></span> <span class='ocrx_word' id='word_1_310' title='bbox 1226 4437 1416 4499; x_wconf 88' lang='lat' dir='ltr'><strong>consolata</strong></span> 
     </span>
     <span class='ocr_line' id='line_1_39' title="bbox 181 4534 1411 4617; baseline 0.003 -17"><span class='ocrx_word' id='word_1_311' title='bbox 181 4545 263 4600; x_wconf 92' lang='lat' dir='ltr'><strong>sunt</strong></span> <span class='ocrx_word' id='word_1_312' title='bbox 292 4546 397 4617; x_wconf 89' lang='lat' dir='ltr'><strong>atque</strong></span> <span class='ocrx_word' id='word_1_313' title='bbox 431 4534 673 4599; x_wconf 89' lang='lat' dir='ltr'><strong>aedificarunt.</strong></span> <span class='ocrx_word' id='word_1_314' title='bbox 709 4535 831 4600; x_wconf 89' lang='lat' dir='ltr'><strong>Gloria</strong></span> <span class='ocrx_word' id='word_1_315' title='bbox 864 4537 972 4616; x_wconf 86' lang='lat' dir='ltr'><strong>igitur</strong></span> <span class='ocrx_word' id='word_1_316' title='bbox 1000 4537 1045 4600; x_wconf 90' lang='lat' dir='ltr'><strong>sit</strong></span> <span class='ocrx_word' id='word_1_317' title='bbox 1078 4536 1177 4601; x_wconf 90' lang='lat' dir='ltr'><strong>Patri</strong></span> <span class='ocrx_word' id='word_1_318' title='bbox 1211 4540 1411 4604; x_wconf 90' lang='lat' dir='ltr'><strong>misericor·</strong></span> 
     </span>
     <span class='ocr_line' id='line_1_40' title="bbox 181 4643 332 4710; baseline 0.026 -4"><span class='ocrx_word' id='word_1_319' title='bbox 181 4643 332 4710; x_wconf 89' lang='lat' dir='ltr'><strong>diarum.</strong></span> 
     </span>
    </p>
   </div>
   <div class='ocr_carea' id='block_1_3' title="bbox 0 0 1611 5392">
    <p class='ocr_par' dir='ltr' id='par_1_5' title="bbox 0 0 1611 5392">
     <span class='ocr_line' id='line_1_41' title="bbox 0 0 1611 5392; baseline 0 0"><span class='ocrx_word' id='word_1_320' title='bbox 0 0 1611 5392; x_wconf 95' lang='lat' dir='ltr'><strong> </strong></span> 
     </span>
    </p>
   </div>
  </div>
 </body>
</html>
