3210 5392
527 466 531 473 -
617 433 788 495 nurui
1281 426 1321 501 rs'
1391 415 1393 419 ’

82 577 191 640 multo
207 577 368 641 deterius
386 579 638 658 praestiterant
655 581 675 645 ¹.
697 580 785 645 Rem
805 583 951 646 audiunt
969 583 1124 663 quotidie
1143 583 1315 665 diuinam,

86 684 142 763 qui
156 701 201 747 ne
216 684 406 748 dominicis
420 684 563 766 quidem
577 704 620 749 ac
635 687 714 751 aliis
727 689 827 752 festis
842 690 963 752 diebus
984 690 1107 754 audire
1121 700 1311 756 consueue-

84 800 171 855 rant.
188 791 349 855 Extitere
364 793 434 870 alii,
452 794 512 873 qui
525 804 674 874 peccata
690 796 908 860 confessario
923 797 1205 876 manifestarunt,
1221 800 1314 880 quae

86 915 146 977 per
159 897 289 978 viginti
304 917 418 963 annos
432 917 518 980 prae
537 900 672 980 pudore
684 903 840 966 confessi
860 921 930 966 non
945 904 1096 968 fuerant.
1114 905 1236 985 Liber,
1254 907 1313 988 qui

85 1005 317 1086 Contemptus
332 1008 462 1071 mundi
472 1009 688 1088 inscribitur,
705 1008 926 1074 vendebatur
941 1010 1081 1092 quidem
1094 1022 1264 1092 argenteo
1276 1023 1311 1078 et

83 1112 239 1193 dimidio;
254 1116 363 1178 modo
377 1125 497 1179 autem
512 1116 647 1179 duobus
667 1125 702 1179 et
717 1116 861 1180 dimidio
881 1127 1033 1181 constat.
1055 1118 1225 1200 Quidam,
1250 1122 1315 1202 qui

85 1235 217 1283 merces
230 1220 357 1285 diebus
374 1222 561 1286 dominicis
583 1223 863 1303 venumdabant,
886 1242 1045 1306 opusque
1064 1226 1311 1291 mechanicum

83 1327 267 1406 iaciebant,
285 1328 356 1392 iam
375 1330 519 1393 omnino
539 1331 584 1393 ab
606 1330 770 1411 incoepto
788 1331 967 1395 destitere.
991 1331 1188 1396 Conciones
1209 1350 1310 1414 prae·

83 1444 172 1496 terea
187 1435 225 1498 in
239 1437 419 1499 nonnullis
433 1435 562 1499 fiebant
577 1439 732 1518 templiS,
748 1437 848 1501 festis
863 1447 969 1520 atque
983 1438 1151 1519 profestis
1171 1440 1306 1505 diebus

86 1539 243 1605 Priuatae
264 1543 413 1605 adhaec
433 1543 613 1607 orationes
632 1545 775 1608 habitae
790 1553 888 1624 sunt,
905 1555 979 1608 tum
1000 1545 1037 1609 in
1052 1546 1215 1623 uinculis,
1232 1557 1308 1612 tum

81 1646 115 1710 iu
128 1649 338 1728 quibusdam
352 1665 516 1713 sororum
525 1651 720 1727 -coenobiiS,
737 1669 807 1731 qua
827 1650 968 1733 quidem
982 1653 1017 1715 in
1033 1668 1071 1716 re
1085 1668 1156 1717 non
1179 1666 1303 1734 parum

87 1754 234 1833 profecto
249 1756 411 1836 obsequii
428 1757 677 1836 praestabatur
691 1757 778 1821 Deo.
802 1757 954 1837 Quidam
967 1759 1074 1822 etiarn
1094 1768 1254 1823 nostrum
1270 1762 1306 1824 in

88 1863 206 1942 templo
230 1863 358 1926 maiori
382 1863 601 1942 concionem,
628 1880 735 1945 quam
761 1865 919 1929 mandati
944 1867 1123 1946 appellant
1147 1864 1170 1946 ¹,
1198 1868 1306 1932 latine

88 1969 309 2033 concionatus
324 1979 392 2049 est,
408 1987 498 2051 quae
517 1987 643 2034 reuera
664 1973 789 2035 concio
807 1975 941 2035 clerum
960 1973 1087 2037 mirum
1106 1974 1142 2036 in
1161 1975 1305 2039 modum

92 2077 260 2139 consolata
276 2087 341 2140 est.
360 2076 447 2141 Cum
461 2078 556 2140 enim
572 2086 706 2158 septem
721 2087 781 2141 aut
798 2089 879 2142 octo
894 2088 976 2142 ante
988 2079 1112 2143 diebus
1127 2096 1233 2160 quam
1244 2081 1303 2144 ha-

95 2179 190 2245 benda
213 2193 323 2261 esset,
345 2184 424 2246 aliis
448 2185 639 2248 commissa
658 2185 797 2260 fuisset,
820 2203 886 2249 nec
908 2185 1127 2277 inveniretur
1150 2186 1210 2267 qui
1230 2198 1305 2251 tam

97 2285 180 2351 breui
195 2290 365 2369 temporis
384 2293 500 2372 spatio
522 2308 603 2354 eam
622 2291 821 2355 habendam
844 2293 1054 2373 susciperet,
1082 2303 1228 2356 ventum
1250 2306 1304 2358 est

96 2393 135 2455 ad
145 2394 218 2458 Pam
232 2406 406 2476 nostrum,
423 2398 484 2478 qui
499 2398 567 2461 illis
796 2395 1007 2461 ⁸authorem
1025 2399 1145 2461 statim
1166 2400 1302 2464 obtulit.

100 2497 198 2581 Vsque
212 2504 302 2567 adeo
322 2514 375 2567 est
396 2513 501 2583 grata
519 2504 602 2568 huic
621 2506 753 2586 populo
773 2503 945 2583 Societas,
961 2514 1001 2567 vt
1016 2504 1216 2569 diuinarum
1230 2508 1303 2570 lau·

98 2605 164 2672 dun
184 2611 341 2674 carmina
365 2628 504 2692 quoque
529 2611 696 2675 Baeticae
721 2628 970 2693 usquequaque
996 2611 1301 2693 circumferantur,

99 2716 173 2792 quod
182 2736 256 2781 eam
269 2717 444 2782 Dominus
455 2719 525 2782 huc
540 2720 685 2782 allatam
697 2719 860 2796 voluerit,
874 2718 967 2799 quod
978 2719 1120 2799 quidem
1131 2735 1302 2800 magnum

102 2817 153 2884 Dei
164 2824 289 2889 donum
302 2826 524 2904 existimant,
541 2811 751 2906 praesertim
770 2844 852 2890 cum
865 2826 1011 2890 videant
1024 2827 1195 2891 virtutum
1205 2841 1221 2906 ,'
1230 2827 1302 2892 lite·

102 2943 208 3011 rarum,
224 2934 483 2997 recollectionis
503 2943 610 3014 atque
630 2933 828 2996 honestatis
846 2934 1017 3013 fructum,
1038 2942 1144 3013 quent
1162 2924 1224 2998 filii
1247 2937 1303 3000 sui

101 3038 307 3103 ersocietate
321 3040 448 3104 ferunt.
470 3039 628 3104 Extitere
648 3056 787 3117 omnes,
811 3040 870 3121 qui
890 3049 1013 3103 nostra
1034 3040 1303 3121 frequentarunt

101 3147 260 3218 gymnasia
280 3147 531 3228 quadringenti
549 3146 639 3225 fere,
663 3148 816 3211 maxime
836 3148 866 3210 si
881 3164 960 3226 eos,
981 3148 1042 3228 qui
1063 3147 1303 3212 conscientiae

101 3261 182 3314 casus
194 3255 349 3332 audiunt,
365 3255 395 3317 si
409 3271 577 3336 graecos,
594 3255 625 3317 si
639 3254 817 3332 rhetoreS,
839 3255 869 3318 si
884 3254 1028 3318 tandem
1047 3256 1301 3334 grammaticos

99 3366 375 3425 connumeremus.
392 3361 532 3425 Habent
547 3362 652 3424 huius
673 3362 792 3442 oppidi
807 3361 1012 3425 scholastici
1027 3361 1097 3426 duo
1113 3361 1303 3426 admodum

101 3470 196 3530 notatu
206 3467 324 3548 digna,
339 3470 520 3548 ingenium
531 3484 657 3548 nempe
669 3469 904 3548 praeclarum,
918 3486 988 3549 quo
999 3470 1158 3549 plerique
1169 3470 1304 3548 pollere

100 3565 251 3654 ridentur,
268 3593 311 3638 ac
325 3575 474 3656 proinde
488 3593 574 3638 sane
593 3584 675 3638 sunt
689 3577 838 3638 multum
856 3576 1004 3638 solertes
1019 3573 1042 3649 ⁴,
1059 3584 1093 3638 et
1108 3575 1301 3639 maximam

103 3669 211 3745 habitus
227 3683 465 3761 honestatem;
487 3683 645 3763 plerique
660 3684 754 3745 enim
774 3682 879 3763 pallia
900 3683 1054 3762 oblonga
1069 3692 1104 3745 et
1118 3682 1230 3763 pileos
1254 3683 1300 3747 ad

99 3784 310 3854 sacrificorum
326 3787 338 3819 ⁸
352 3789 618 3853 similitudinem
631 3797 784 3868 gestant,
802 3788 850 3851 ita
865 3798 904 3851 vt
924 3804 1005 3851 cum
1021 3789 1300 3852 salmanticensi-

102 3897 280 3922 ‘'x-

134 3948 140 3980 ¹
162 3952 216 4002 Vide
227 3959 354 4014 quomodo
364 3958 438 4011 haec,
450 3968 516 4012 quae
527 3959 636 4002 obscure
647 3957 713 4000 satis
723 3957 795 4001 dicta
805 3963 879 4010 sunt,
890 3957 1020 4001 intellexit
1032 3957 1180 4001 Ponnncus:
1192 3959 1204 3979 ⁸
1212 3964 1238 4000 et
1249 3957 1297 4012 eis,

99 4019 134 4070 φὶ
142 4033 273 4083 tenutam,
285 4041 390 4074 suorum
401 4031 529 4074 malorum
539 4041 653 4078 causam,
664 4031 860 4083 praetexebant,
870 4038 1022 4083 persuasum
1033 4035 1071 4072 est
1083 4027 1149 4083 quod
1160 4029 1224 4072 haec
1240 4040 1297 4083 pro·

98 4097 145 4139 ⁰¹²?
152 4106 243 4147 recem
253 4104 367 4157 ipsorum
377 4103 403 4146 in
412 4101 496 4146 Deum
505 4102 668 4153 accidebant,
679 4108 745 4152 curu,
758 4101 779 4144 si
789 4110 897 4155 regnum
908 4100 956 4143 Del
967 4105 1124 4155 quaererent
1135 4105 1161 4143 et
1167 4101 1298 4155 justitiam

97 4161 292 4228 ‘llatenporalla
302 4186 352 4219 non
362 4176 400 4218 eis
410 4180 498 4218 essent
509 4173 653 4226 defutura„
666 4172 819 4227 chronicon,
831 4180 850 4217 t.
861 4183 897 4220 tr.
906 4183 965 4227 pag.
976 4172 1025 4225 teu,
1036 4184 1051 4215 n
1069 4172 1120 4215 9⁶t.

132 4235 140 4264 ²
160 4239 300 4290 Contionem
311 4247 342 4290 de
353 4245 500 4300 Evangelio
516 4245 585 4289 Ante
600 4245 673 4288 diem
679 4245 784 4300 sescum
796 4243 931 4295 Paschae,
941 4255 1007 4299 quae
1019 4243 1075 4287 fieri
1087 4245 1154 4287 solet
1170 4244 1210 4287 dle
1227 4242 1300 4296 Jovis

95 4311 163 4352 saneti
171 4323 221 4361 aute
230 4320 272 4362 vel
283 4324 341 4372 post
352 4318 445 4372 pedum
455 4317 586 4361 lotionem.
598 4316 664 4360 Vide
676 4317 790 4360 Pocanct
803 4316 957 4367 Chronicon,
968 4321 985 4358 t.
998 4327 1033 4368 ιν,
1046 4326 1106 4369 pag.
1119 4312 1167 4367 tto,
1178 4326 1202 4358 n.
1212 4314 1262 4358 961.

131 4376 140 4406 ⁸
159 4380 261 4438 Spatium
272 4391 315 4434 hie
324 4390 351 4433 ln
360 4389 514 4445 apographo
524 4396 615 4433 nostro
624 4399 736 4432 vacuum
747 4388 868 4432 relictum
877 4394 926 4434 est.
939 4387 1096 4441 implendum
1108 4385 1228 4431 fortassis
1239 4397 1299 4430 con·

97 4444 209 4504 <loreum
217 4466 324 4506 nomine.
332 4462 363 4506 ld
372 4462 492 4516 implevit
502 4461 643 4510 Pouascus,
656 4462 671 4504 l.
683 4472 696 4503 c
707 4492 712 4509 ,
724 4459 774 4503 hoc
785 4460 866 4503 modo:
876 4460 888 4481 “
896 4466 923 4503 et
933 4457 970 4503 lta
980 4464 1088 4502 ventum
1103 4464 1144 4502 est
1162 4458 1195 4502 sd
1207 4456 1234 4501 P.
1247 4457 1300 4500 An·

98 4520 182 4580 (ΝΜ.
189 4529 329 4587 Rectorem,
339 4535 382 4589 qul
392 4534 442 4577 hoc
452 4543 545 4578 munus
554 4532 630 4577 Patri
640 4531 762 4576 Navarra
772 4529 909 4575 commisit.
917 4563 929 4584 „

131 4591 140 4622 ⁸
160 4596 214 4646 Vide
222 4605 245 4649 ln
255 4606 369 4651 Pocancr
380 4605 536 4658 chronicon,
547 4611 566 4650 t.
578 4615 615 4657 rr,
627 4614 690 4659 pag.
703 4603 752 4655 ill,
764 4608 843 4647 annot
865 4603 890 4646 2.

131 4662 141 4693 ⁸
160 4677 323 4727 saceraotem,
331 4688 377 4721 seu
387 4677 478 4721 mellus
489 4677 658 4720 clericorum.
