3210 5392
180 407 235 467 582
298 419 302 425 ·
568 406 740 466 errunae
753 423 1024 475 oununtuasrnes

182 553 370 616 scribenda
386 563 589 631 occurrunt,
606 553 641 616 id
655 555 692 617 in
707 555 830 634 primis
850 554 944 617 scias
964 572 1111 618 necesse
1131 564 1198 634 est,
1211 551 1369 618 omnesPa·

184 669 266 737 tres,
277 658 627 740 fratresquenostros
638 661 675 722 in
686 661 875 724 uirtutibus
887 678 1017 741 magna
1029 679 1110 725 cum
1122 663 1300 724 animorum
1307 673 1373 722 suo

184 782 262 828 rum
276 767 428 830 utilitate
443 776 477 829 et
493 767 691 846 commodo,
713 786 785 830 non
799 768 1025 831 mediocriter
1037 787 1116 832 esse
1128 784 1321 850 progressos,
1333 775 1380 827 ac

185 873 273 950 (Deo
289 874 418 952 gratia)
434 873 588 952 quotidie
603 874 782 954 progredi.

244 981 316 1043 Eae
331 982 532 1058 conciones,
555 998 645 1060 quae
664 981 707 1044 de
728 982 889 1045 doctrina
911 982 1108 1045 christiana
1133 982 1296 1045 dominico
1309 991 1388 1058 quo·

184 1107 251 1169 que
266 1088 322 1150 die
337 1097 495 1167 tempore
510 1088 754 1169 pomeridiano
769 1090 893 1152 haberi
906 1091 1033 1165 solent,
1050 1106 1146 1153 nunc
1161 1108 1183 1151 a
1203 1089 1295 1152 Patre
1310 1081 1392 1150 liel-

184 1196 305 1258 chiore
319 1194 436 1270 Cotta,
453 1212 556 1274 quem
572 1194 610 1258 P.
628 1206 748 1259 noster
762 1196 853 1259 Miro
871 1197 891 1274 ¹,
908 1208 982 1260 tam
993 1196 1039 1260 ad
1050 1197 1087 1260 id
1099 1214 1227 1260 munus
1237 1205 1388 1274 exequen-

184 1302 278 1379 dum,
300 1319 407 1381 quam
432 1303 477 1364 ad
496 1303 793 1381 concionandum,
815 1303 884 1366 huc
904 1303 1133 1384 Conimbrica
1154 1303 1256 1381 misit,
1274 1312 1389 1379 magno

185 1425 264 1470 cum
279 1407 395 1471 fructu
411 1419 444 1471 et
460 1409 634 1488 frequenti
650 1410 850 1473 auditorum
866 1427 1045 1474 concursu
1059 1411 1245 1474 habentur.
1256 1407 1384 1488 Quiitm

185 1516 371 1595 aliquoties
386 1515 422 1577 in
437 1516 613 1578 nonnullis
628 1517 731 1579 huius
746 1517 844 1580 urbis
859 1518 1000 1598 templis
1014 1518 1247 1581 concionatus
1258 1525 1312 1593 est,
1320 1526 1376 1576 non

185 1623 260 1685 sine
285 1639 417 1701 magna
442 1622 660 1685 audientium
686 1624 960 1703 approbatione,
990 1635 1026 1688 et
1054 1625 1253 1688 animorum
1276 1621 1370 1685 fructu.

185 1728 291 1809 quue
307 1746 408 1792 exeo
424 1730 526 1792 facile
542 1730 690 1808 intelligi
705 1730 797 1809 licet,
815 1731 907 1810 quod
923 1733 1101 1811 permulti,
1118 1749 1161 1795 eo
1182 1731 1304 1806 audito,
1320 1723 1373 1789 dili-

184 1845 309 1917 genter
325 1853 471 1915 operam
485 1836 658 1900 dederunt
678 1848 752 1900 tum
776 1848 814 1900 ut
837 1838 868 1900 ei
894 1849 1042 1918 peccata
1064 1855 1131 1902 sua
1154 1837 1304 1901 confiteri
1318 1847 1369 1914 pos·

185 1954 275 2021 sent,
298 1953 373 2007 tum
397 1945 504 2007 etiam
528 1953 565 2007 ut
590 1962 670 2008 cum
690 1962 732 2007 eo
753 1945 796 2007 de
817 1947 1018 2008 animorum
1039 1948 1152 2009 salute
1177 1941 1371 2008 communica·

184 2062 274 2114 rent.
289 2051 514 2130 Quapropter
524 2051 644 2115 diuina
656 2050 820 2114 Bonitate
832 2051 1041 2116 confidimus
1053 2053 1129 2116 eius
1140 2052 1175 2115 in
1187 2053 1274 2115 hauc
1284 2047 1372 2112 urben

188 2158 378 2221 aduentum
394 2158 512 2220 multis
527 2158 617 2237 usui,
634 2166 668 2221 et
682 2159 825 2221 utilitati
840 2159 926 2235 sore,
945 2169 979 2222 et
993 2158 1071 2222 Deo
1084 2158 1164 2239 Opt.
1179 2158 1268 2222 Max.
1281 2150 1372 2220 honori

188 2274 222 2326 et
236 2263 343 2327 laudi.
359 2266 413 2328 Ex
428 2266 482 2343 iis,
499 2266 559 2343 qui
574 2264 760 2328 dominicis
774 2265 898 2328 diebus
913 2265 958 2328 ad
973 2283 1035 2328 eas
1050 2267 1241 2329 conciones
1253 2262 1371 2331 ueniunt,

187 2388 278 2450 quae
298 2371 341 2434 de
361 2371 521 2434 doctrina
542 2372 735 2434 christiana
759 2372 945 2449 habentur,
970 2375 1172 2452 complures
1193 2371 1236 2435 de
1255 2363 1374 2450 peccatis

186 2480 390 2560 frequenter
414 2478 574 2541 confiteri
600 2480 724 2553 solent,
752 2489 785 2540 et
813 2479 954 2541 assidue
978 2479 1124 2559 capiunt
1145 2482 1373 2542 sacrosanctum

187 2585 319 2649 Christi
334 2584 484 2664 Corpus

247 2693 377 2756 Multos
392 2702 522 2769 autem,
545 2693 635 2755 inter
657 2710 746 2771 quos
765 2710 896 2772 graues
920 2693 1126 2756 inimicitiae
1148 2702 1258 2768 erant,
1277 2683 1374 2752 Diuint

189 2800 345 2877 Bonitas
362 2816 470 2880 opera
492 2810 694 2862 nostrorum
716 2799 860 2863 Patrum
882 2818 958 2876 usa,
981 2798 1135 2879 reduxit,
1160 2787 1373 2862 reconciliauit.

190 2915 224 2969 et
238 2906 391 2969 restituit
408 2907 442 2968 in
454 2907 619 2985 gratiam.
633 2906 752 2985 Quare
763 2917 862 2969 tanta
875 2908 1030 2987 quotidie
1042 2910 1184 2985 crescit,
1198 2918 1230 2970 et
1242 2889 1374 2981 estapmd

191 3032 312 3077 omnes
328 3014 370 3076 de
386 3013 548 3075 Patribus
564 3013 695 3075 nostris
711 3014 841 3092 opini0,
860 3025 897 3076 ut
919 3014 1122 3077 existiment
1138 3013 1224 3075 nihil
1246 3025 1311 3074 esse
1324 3013 1376 3066 tam

191 3120 341 3197 difficile,
358 3120 442 3182 nihil
458 3129 530 3181 tam
546 3119 707 3195 arduum,
725 3119 818 3199 quod
834 3138 903 3182 non
919 3119 1124 3199 perficiatur
1139 3120 1289 3199 ipsorum
1298 3120 1376 3192 opem

190 3240 224 3289 et
239 3227 460 3289 auctoritate.
483 3224 723 3304 Quamobrem
744 3228 950 3305 saepissime
973 3237 1206 3289 accersuntur
1228 3225 1270 3287 ad
1288 3225 1378 3284 eorum

189 3335 343 3414 gratiam
358 3334 668 3405 reconciliandam,
687 3335 745 3412 qui
763 3335 854 3396 inter
869 3351 907 3395 se
923 3334 1040 3396 animo
1062 3345 1096 3396 et
1118 3336 1291 3397 uoluntate
1307 3316 1379 3388 dissi·

191 3442 283 3503 dent,
302 3440 415 3502 Huius
431 3441 537 3518 igitur
553 3442 604 3503 rei
619 3458 738 3514 causa,
758 3457 838 3501 cum
853 3438 996 3520 quidam
1012 3458 1057 3502 ex
1072 3442 1205 3503 nostris
1223 3430 1380 3502 accersitus

191 3559 294 3622 esset,
312 3549 428 3626 gratia
445 3549 536 3610 inter
552 3566 613 3610 eos
629 3564 777 3627 quorum
794 3563 902 3608 causa
918 3547 1032 3609 iuerat
1046 3549 1254 3626 composita,
1266 3533 1382 3607 ibiali0⁵

192 3655 363 3735 quosdam
379 3673 457 3717 esse
477 3655 648 3717 intellexit
669 3654 773 3731 graui
792 3654 947 3733 quodam
971 3652 1052 3715 odio
1069 3663 1176 3733 atque
1191 3649 1322 3715 dissidio
1333 3637 1381 3702 dis·

192 3771 336 3824 tractos.
355 3761 432 3840 Quo
448 3762 591 3841 cognito
607 3761 726 3822 statim
747 3777 784 3821 se
806 3777 848 3821 eo
872 3760 1031 3836 contulit,
1050 3770 1087 3821 ut
1103 3776 1167 3821 eos
1182 3760 1218 3822 in
1233 3753 1382 3839 pristinam

194 3869 422 3931 concordiam
450 3868 646 3930 reduceret.
677 3865 745 3930 Sed
774 3883 855 3929 cum
880 3883 994 3945 neque
1020 3867 1209 3945 negocium
1234 3859 1380 3927 conficere,

194 3994 307 4056 neque
322 3977 392 4038 ullo
403 3985 509 4054 pacto
523 3975 612 4036 inter
625 3991 686 4035 eos
698 3973 851 4051 gratiam
864 3989 1075 4052 componere
1088 3983 1218 4051 posset,
1232 3962 1384 4052 quemdam

195 4084 254 4163 qui
268 4100 377 4163 prope
393 4083 428 4143 in
443 4081 566 4143 eadem
583 4080 713 4142 uicinia
733 4080 894 4157 grauiter
915 4079 1142 4158 aegrotabat,
1167 4078 1288 4159 quique
1304 4075 1384 4135 iame

196 4191 269 4252 uita
285 4188 498 4264 discedebat,
516 4187 669 4248 inuisere
685 4185 821 4263 statuit,
839 4185 983 4247 ibicum
1003 4193 1107 4262 esset,
1131 4186 1191 4261 illi,
1213 4180 1384 4265 quibuscum

195 4296 281 4359 nihil
296 4313 403 4374 agere
419 4295 542 4374 potuit,
560 4311 602 4355 eo
618 4302 655 4354 ut
671 4292 832 4354 uenirent
848 4291 999 4354 curauit.
1016 4291 1151 4370 Quibus
1172 4288 1332 4362 adductis
1348 4272 1387 4336 ms

197 4419 344 4481 aegrum
360 4402 430 4463 iam
448 4400 603 4463 animam
620 4408 796 4476 agentem,
821 4407 855 4460 et
877 4398 921 4460 ab
943 4397 1146 4460 hominibus
1167 4392 1386 4476 demigrantem

238 4644 247 4678 t
275 4644 302 4687 P.
314 4642 425 4695 Jacobus
435 4642 524 4686 lliron.
