3210 5392
561 504 564 509 -
669 461 733 521 Art.
756 461 826 521 l'aii
1325 462 1365 521 59

124 603 299 668 Cavallm
318 608 328 641 ¹
347 605 486 669 scilicet
500 614 535 669 et
549 603 689 687 Gaspar
708 606 867 686 DueiiaS,
887 606 1142 671 febricitarunt.
1163 606 1266 672 Prior
1288 609 1359 672 iam

128 720 230 775 recte
243 713 350 790 valet,
368 714 459 776 alter
474 711 623 777 decocta
637 713 697 776 bili
712 715 861 778 laborat.

191 817 290 882 Haec
305 828 403 898 sunt,
421 836 513 900 quae
527 817 572 883 ad
587 829 621 883 te
636 819 824 884 scribenda
844 839 1048 901 occurrere,
1066 821 1275 887 charissime
1297 822 1360 885 Pa·

125 935 198 988 ter:
214 933 376 1006 superest
391 925 578 990 dumtaxat
592 944 613 989 a
629 934 663 991 te
675 927 804 991 obnixe
819 928 1032 992 contendere
1044 938 1083 992 vt
1093 929 1164 992 tuis
1176 929 1361 993 sacrificiis

123 1042 235 1111 atque
249 1031 472 1097 orationibus
486 1032 563 1097 Deo
578 1033 712 1115 optimo
728 1035 885 1100 maximo
898 1052 965 1100 nos
980 1036 1246 1099 commendatos
1257 1036 1357 1099 velis.

124 1136 336 1218 Efflagitant
357 1139 427 1202 hoc
447 1140 564 1221 ipsum
584 1140 629 1203 ab
648 1141 811 1204 omnibus
832 1139 997 1205 Patribus
1018 1159 1061 1205 ac
1083 1142 1254 1206 iratribus
1279 1142 1359 1206 istic

118 1247 429 1311 commorantibus
443 1245 481 1310 P.
498 1256 620 1311 noster
633 1246 868 1312 Prouinciaiis
880 1266 923 1312 ac
934 1246 972 1311 Ρ.
986 1248 1164 1312 Antonius
1178 1247 1358 1326 Corduba,

118 1353 330 1434 caeterique
345 1370 471 1417 omnes
488 1353 614 1417 Patres
633 1372 676 1418 ac
691 1354 836 1434 iratreS,
852 1364 892 1417 vt
911 1373 932 1418 a
947 1354 1101 1419 Domino
1122 1355 1279 1436 gratiam
1298 1357 1359 1419 im·

122 1470 317 1539 petremus,
333 1478 405 1542 qua
424 1478 563 1541 semper
585 1462 660 1525 eius
679 1463 899 1526 voluntatem
921 1462 1115 1526 sentiamus
1129 1462 1359 1543 eamdemque

117 1565 175 1630 ad
189 1584 343 1647 unguem
362 1585 593 1649 exequamur.

190 1674 377 1739 Corduuae
391 1674 531 1739 decimo
547 1685 675 1739 octauo
691 1673 867 1740 Calendas
881 1675 1037 1754 Augusti
1054 1675 1141 1740 1554.

188 1781 283 1846 Tuae
298 1781 530 1846 Paternitatis
543 1781 636 1847 iilius
651 1782 817 1862 indignus
837 1783 873 1845 iu
887 1781 1053 1846 Domino.

188 1887 242 1951 Ex
255 1889 505 1953 commissione
519 1887 636 1952 Patris
654 1887 802 1952 Antonii
817 1888 1014 1963 Cordubae,

991 2101 1198 2166 Numanus

638 2742 838 2830 docvit

172 3081 352 3143 Gerardus
371 3081 531 3157 Lapidius

212 3180 304 3240 Patri
316 3180 446 3257 ignatio
460 3182 501 3242 de
512 3183 652 3257 Loyoia.

248 3279 423 3352 Panormo,
438 3281 474 3339 ut
486 3281 566 3355 Juiii
581 3282 650 3342 root
662 3282 683 3341 ¹.

177 3486 235 3551 Ex
251 3487 330 3551 aliis
344 3486 400 3551 his
414 3485 457 3550 ⁸9
471 3486 547 3552 Cal.
562 3487 719 3568 Augusti
737 3487 825 3551 1554.

175 3593 270 3659 Cum
282 3592 324 3656 30
337 3594 489 3674 orphani
503 3594 598 3675 apud
612 3593 647 3659 S.
663 3594 836 3677 Jacobum
856 3598 892 3662 in
913 3599 1075 3676 angustis
1095 3598 1240 3662 aedibus
1255 3599 1352 3662 habi-

105 3710 247 3779 tarent,
263 3710 427 3765 curatum
441 3711 495 3765 est
508 3710 547 3765 vt
562 3702 687 3767 eodem
702 3702 737 3765 in
749 3705 830 3768 loco
842 3703 966 3767 domus
982 3705 1098 3768 laxior
1114 3714 1351 3783 extrueretur,

105 3826 209 3890 quae
223 3808 295 3871 iam
309 3816 409 3871 tanto
425 3808 574 3888 amplior
589 3809 686 3874 facta
701 3818 756 3874 est
770 3819 809 3873 vt
823 3809 864 3872 50
878 3810 996 3891 capiat
1011 3820 1045 3874 et
1066 3811 1112 3874 ad
1129 3810 1186 3874 100
1208 3811 1352 3876 extendi

107 3914 242 3997 possit.
1032 3986 1033 3990 ,

170 4021 397 4087 Habitationi
412 4022 518 4086 vinea
533 4023 701 4086 adiuncta
720 4032 785 4099 est,
807 4041 898 4104 quae
918 4024 987 4087 illis
1008 4025 1199 4105 quotannis
1219 4023 1260 4087 50
1274 4024 1350 4088 red·

145 4266 159 4295 Ὃ
194 4264 310 4309 Didacus
319 4265 352 4308 de
361 4262 497 4308 cavallar.

149 4340 162 4369 ²
195 4336 384 4392 Apotraphum
395 4335 421 4379 in
431 4335 525 4389 dupiici
537 4334 607 4388 solio,
619 4345 661 4378 nn.
671 4334 712 4377 2t³
725 4341 750 4378 et
763 4334 811 4377 att.
823 4333 872 4380 Est
890 4336 961 4380 aliud
972 4336 1151 4391 apographum
1168 4340 1270 4390 partem
1280 4334 1352 4378 ioiio-

106 4420 169 4453 rum
182 4408 223 4451 17³
232 4412 260 4451 et
271 4408 309 4451 174
319 4409 505 4460 complectens.
516 4413 542 4450 et
553 4406 632 4461 aliud,
643 4405 705 4450 iicet
716 4417 765 4450 non
776 4406 914 4460 intectum,
926 4408 952 4451 in
962 4408 997 4451 foi
1018 4406 1241 4450 168.—Vereeliud
1250 4405 1299 4449 hue
1309 4405 1352 4448 iit·

102 4488 188 4524 uerae
198 4485 317 4523 uousunt
327 4480 388 4531 uisi,
400 4479 424 4522 in
432 4478 522 4532 paucis
531 4478 679 4529 decurtata,
690 4478 773 4521 latina
784 4477 870 4521 versio
881 4479 1030 4523 litterarum
1040 4477 1128 4522 Patris
1139 4477 1290 4530 Hieronymi
1302 4474 1351 4518 Do·

102 4550 231 4603 meueeh,
242 4560 307 4605 quas
318 4550 436 4595 dedimus
446 4560 534 4603 supra,
544 4558 606 4605 pag.
688 4555 714 4592 et
722 4560 776 4603 seq.
784 4548 847 4594 Ilias
858 4549 938 4604 igitur
949 4550 1027 4594 adeat
1038 4550 1119 4593 lector
1131 4554 1243 4603 oportet,
1256 4558 1313 4591 cum
1327 4547 1352 4590 in

101 4623 149 4668 his
159 4621 264 4677 aliquid
274 4622 400 4673 ostendat,
411 4621 478 4675 quod
489 4621 668 4665 declaratione
680 4620 804 4674 indigeat.

145 4694 161 4729 ⁸
191 4692 247 4745 Sic;
258 4694 301 4738 seri
311 4693 418 4738 videtur
427 4703 501 4737 error
510 4703 559 4747 pro
568 4692 638 4743 iris„
646 4692 752 4737 titteris.
