3210 5392
185 430 241 490 ⁴90
573 432 746 492 errsaaa
765 446 1037 500 conparuissrnas

187 577 253 640 che
268 594 336 639 con
349 578 382 638 la
399 578 452 639 lor
466 578 627 656 singular
639 576 818 639 dinotione
834 577 931 639 molti
946 577 1061 640 tirano
1077 594 1098 639 a
1112 576 1168 639 sar
1184 576 1322 655 miglior
1332 565 1382 638 vi‘·

186 693 220 746 et
236 699 406 763 persuase
432 682 557 747 dallor’
582 683 696 747 Padre
716 683 899 763 spirituale
920 684 1064 746 aiutano
1084 684 1202 746 alcuni
1227 684 1352 763 poueri‚

185 791 305 852 hanno
320 791 532 853 contribuito
548 809 568 853 a
584 791 724 854 liberar'
742 791 860 853 alcuni
876 790 1102 868 incarcerati,
1119 798 1153 852 et
1168 790 1318 852 hauemo
1333 806 1382 869 sp·

183 914 293 959 ranza
309 897 374 958 che
389 897 416 958 s'
432 897 655 959 liberaranno
671 896 763 976 degl'
781 897 873 959 altri.
890 896 949 959 Ma
965 906 1086 976 queste
1101 913 1165 959 son
1182 897 1317 976 piccole
1330 912 1382 959 cos

183 1004 241 1065 all'
260 1002 423 1065 incontro
444 1002 477 1065 d'
494 1003 618 1066 alcune
634 1005 734 1066 altre,

244 1107 367 1172 Percio
383 1110 448 1172 che
463 1127 526 1189 per
541 1112 616 1172 sola
632 1109 875 1172 misericordia
891 1109 923 1172 d’
941 1108 1040 1172 lddio
1055 1113 1075 1170 e
1090 1108 1265 1172 accaduto
1287 1110 1341 1171 ch’
1363 1127 1382 1171 a

182 1215 265 1278 cuni
277 1224 311 1278 et
324 1216 422 1278 molti
434 1217 517 1278 anni
529 1216 611 1279 nelli
623 1216 771 1295 peccati,
786 1215 875 1278 com'
887 1215 923 1277 in
935 1217 993 1277 vn’
1008 1213 1158 1293 fangoso
1170 1216 1262 1292 laco,
1276 1216 1351 1278 son'
1363 1213 1382 1294 ji

182 1321 279 1399 ciuti,
296 1339 408 1385 sonno
423 1323 586 1385 ritornati
602 1342 623 1385 a
639 1323 853 1385 discretione
865 1321 1130 1385 consessandosi
1147 1324 1382 1400 generalment

183 1428 216 1489 d’
233 1428 334 1491 isuoi
348 1430 495 1508 peccati.
510 1429 579 1492 Vn’
595 1429 724 1491 huomo
738 1434 757 1491 e
770 1442 901 1491 venuto
913 1448 933 1491 a
946 1430 1017 1506 noi,
1031 1429 1112 1508 qual
1125 1428 1249 1491 diceua
1266 1428 1312 1490 da
1327 1437 1382 1491 set¹

183 1535 267 1596 anni
281 1536 317 1597 in
332 1541 402 1614 qua
417 1553 487 1598 non
502 1537 629 1598 essersi
647 1536 718 1598 mai
732 1535 946 1612 confessat03
963 1536 986 1597 il
1001 1536 1105 1615 quale
1121 1552 1188 1597 con
1204 1545 1306 1597 tanta
1321 1552 1382 1615 pen

183 1640 294 1703 tentia
309 1650 343 1704 et
368 1641 468 1704 dolor
487 1659 575 1704 vero
591 1642 670 1704 delli
691 1642 768 1705 suoi
788 1643 915 1722 grandi
935 1642 1073 1723 peccati
1093 1640 1327 1720 dimostraua‚
1351 1643 1382 1704 cl

183 1756 316 1826 quanto
332 1747 392 1827 piu
411 1748 434 1809 il
449 1749 709 1836 suoconsessor
725 1748 866 1828 (perche
882 1767 952 1811 non
975 1751 1002 1809 s'
1021 1748 1237 1827 dispertisse)
1255 1758 1297 1811 co
1319 1766 1382 1811 esc·

182 1854 312 1916 sationi
327 1864 469 1917 cercato
484 1853 589 1932 fargli
605 1857 721 1935 parer’
739 1855 800 1935 piu
814 1855 942 1934 piccoli
956 1856 981 1917 li
996 1856 1074 1917 suoi
1089 1856 1240 1935 peccati,
1259 1866 1294 1918 et
1310 1867 1382 1918 conl

184 1957 281 2022 darsi
296 1962 388 2023 nella
403 1960 648 2024 misericordia
664 1960 696 2024 d‘
712 1960 810 2024 Iddio
826 1978 931 2024 verso
951 1960 984 2022 d'
1001 1961 1049 2024 lui
1067 1959 1088 2024 ¹.
1106 1960 1149 2024 Li
1169 1962 1325 2042 colloqui
1352 1963 1382 2024 cl

183 2065 230 2128 ha
245 2066 324 2129 fatti
339 2085 405 2130 con
420 2068 445 2130 li
460 2066 578 2145 Padri,
595 2069 624 2130 c’
638 2066 746 2130 fanno
762 2072 896 2147 sperat·
916 2068 980 2130 che
997 2068 1041 2130 da
1057 2068 1118 2148 qui
1133 2068 1278 2131 innanzi
1290 2069 1382 2131 viuet

182 2170 227 2233 da
243 2191 329 2236 vero
345 2174 549 2238 christiano
567 2174 666 2237 Molti
681 2175 761 2236 altri
777 2174 895 2236 hanno
918 2174 1008 2237 fatto
1025 2173 1240 2237 confessioni
1255 2191 1382 2254 genera

182 2290 218 2342 et
233 2279 266 2342 d’
283 2282 382 2345 molti
397 2283 492 2360 anni,
509 2293 564 2345 tra
580 2283 591 2345 i
606 2284 702 2362 quali
717 2281 785 2344 due
802 2299 914 2344 sonno
930 2292 1021 2344 state
1035 2280 1069 2343 d'
1085 2280 1127 2344 20
1140 2291 1175 2344 et
1189 2282 1226 2344 21
1246 2283 1332 2345 anni
1348 2283 1382 2345 cl

183 2403 256 2449 non
277 2389 306 2449 s'
334 2406 441 2451 erano
466 2389 537 2451 mai
568 2389 776 2466 comessati,
803 2399 836 2450 et
864 2389 978 2468 questi
1010 2389 1128 2450 hanno
1154 2387 1238 2450 dato
1265 2390 1379 2452 ancho

184 2494 303 2556 buona
318 2511 492 2575 speranza
508 2495 540 2558 d’
555 2495 800 2557 emendatione
816 2494 837 2553 ¹.
946 2569 949 2572 ⁴

239 2601 282 2664 Li
296 2601 449 2665 scholari
466 2602 500 2665 di
516 2612 638 2682 questa
655 2602 750 2679 citrai
769 2602 833 2663 che
854 2601 1044 2680 venghano
1066 2600 1111 2664 ad
1131 2602 1303 2680 imparar'
1320 2604 1382 2663 nell

180 2717 301 2770 nostre
315 2708 459 2770 schuole
482 2711 510 2770 s’
528 2709 697 2770 dilettano
716 2709 824 2771 molto
844 2709 934 2770 nelle
958 2707 1152 2771 deuotioni:
1178 2720 1213 2770 et
1236 2717 1337 2771 tanto
1352 2708 1382 2769 cl

178 2814 329 2877 essendo
342 2814 464 2877 moniti
479 2815 704 2895 aprossimat'
720 2815 743 2876 11
759 2824 881 2892 tempo
893 2814 949 2877 del
961 2815 1174 2877 consessarsi
1192 2831 1262 2876 vna
1279 2816 1375 2876 volta

178 2938 284 2998 mese,
298 2922 321 2982 l'
335 2924 394 2984 vn'
409 2922 453 2984 al’
466 2923 554 2983 altro
567 2938 671 2984 cerea
683 2921 894 3001 precedersi.
909 2920 1048 2998 Quanto
1061 2919 1206 2983 anchor’
1218 2922 1319 2983 sieno
1332 2921 1382 2982 vbi

179 3026 288 3090 dienti
304 3030 332 3089 s’
350 3030 431 3107 puol
446 3027 566 3090 veder'
580 3028 645 3090 che
662 3028 683 3088 li
705 3028 893 3105 maggiori,
917 3028 1012 3106 quali
1034 3028 1196 3105 sogliono
1216 3045 1337 3089 essere
1351 3027 1382 3104 pi

180 3132 327 3210 difficili,
354 3137 382 3195 s'
404 3134 677 3212 inginocchiano
700 3134 842 3196 dinanzi
862 3152 881 3195 a
898 3134 1003 3213 quelli
1019 3134 1083 3196 che
1101 3151 1167 3196 con
1187 3135 1310 3214 parole
1332 3152 1352 3196 0
1375 3134 1382 3195 i

180 3239 259 3302 fatti
272 3241 390 3303 hanno
405 3240 515 3319 offesi,
533 3253 567 3302 et
581 3242 631 3319 gli
647 3241 860 3303 dimandano
877 3240 1045 3320 perdono:
1063 3252 1097 3303 et
1110 3239 1332 3303 dimostrano
1345 3242 1382 3302 ch

178 3347 306 3425 paiano
319 3348 464 3409 anchor'
481 3348 747 3428 apparecchiati
763 3365 784 3408 a
798 3347 991 3425 basciargli
1010 3348 1059 3425 gli
1075 3347 1158 3426 piei.
1180 3346 1284 3426 Negli
1300 3347 1380 3410 stud

176 3453 294 3516 hanno
311 3453 345 3516 in
361 3473 409 3516 vn
425 3455 538 3533 pocho
554 3465 671 3534 tempo
687 3454 776 3516 fatto
793 3455 888 3516 assai
906 3453 1015 3516 srutto
1031 3464 1064 3516 et
1084 3454 1238 3517 tuttauia
1255 3458 1284 3517 s’
1302 3472 1382 3534 sper

176 3578 221 3623 ne
236 3561 385 3623 saranno
401 3563 470 3640 piir.
489 3562 526 3623 In
542 3562 655 3641 questi
675 3562 782 3640 tempi
803 3559 869 3622 del'
892 3561 996 3622 istate
1011 3561 1173 3639 sogliono
1195 3562 1206 3622 i
1230 3562 1382 3624 venetiar

177 3667 301 3729 andar'
318 3668 353 3729 in
368 3668 452 3729 villa
473 3685 494 3729 a
509 3685 634 3747 spasso
650 3666 729 3730 dou’
746 3669 891 3729 anchor'
914 3667 1075 3745 sogliono
1096 3667 1382 3731 sdimenticarsir

176 3783 309 3853 quanto
325 3774 380 3836 ch’
399 3774 541 3837 innanzi
557 3775 742 3836 haueuano
758 3775 942 3854 imparato.
966 3773 1105 3836 Adesso
1122 3772 1203 3835 delli
1218 3777 1335 3838 nostri
1351 3793 1382 3855 pt

176 3879 335 3943 chissimi
350 3898 468 3943 vanno
483 3899 503 3942 a
519 3882 697 3957 mercensi,
721 3891 755 3943 et
775 3884 802 3942 s’
822 3882 897 3960 pur’
916 3898 1045 3958 vanno,
1069 3897 1142 3942 non
1163 3891 1336 3945 rostanno
1352 3882 1382 3962 pi

176 3987 438 4067 dmfflm

235 4094 363 4157 Hanno
380 4096 529 4158 recitato
545 4096 612 4157 due
628 4095 780 4157 orationi
796 4096 888 4157 nella
903 4105 1026 4156 nostra
1042 4095 1174 4156 chiesia
1191 4095 1215 4156 il
1231 4095 1382 4174 giorno<

175 4198 284 4264 Santo
301 4201 459 4279 March0,
478 4212 576 4265 tanto
591 4202 707 4264 buone
730 4212 763 4263 et
790 4201 1077 4279 modestamente,
1101 4201 1167 4263 che
1188 4203 1337 4280 ogniun’
1356 4203 1382 4265 cl

217 4369 224 4400 ¹
254 4368 305 4421 Sic:
317 4371 447 4414 sententia
459 4376 484 4412 et
495 4371 600 4425 syntaxi
612 4381 661 4411 non
672 4369 803 4423 perfectis:
815 4379 905 4411 verum
920 4368 946 4411 ln
961 4369 1045 4411 latina
1055 4369 1185 4421 versione,
1201 4369 1271 4413 inira
1287 4377 1382 4414 trausct

175 4438 266 4491 benda,
277 4440 315 4481 sic
324 4451 351 4481 se
363 4441 426 4482 haec
438 4440 542 4482 habent:
555 4442 584 4480 ut
595 4450 645 4492 quo
656 4441 743 4491 trragis
753 4451 784 4481 ea
795 4440 839 4491 (ne
851 4440 1019 4492 desperaret)
1031 4438 1115 4481 Pater
1123 4442 1382 4484 excusatiunculisd

169 4509 308 4564 senderet,
319 4522 347 4553 eo
358 4512 509 4553 instantius
524 4521 553 4553 se
565 4512 721 4554 accusabat.

215 4582 226 4612 ²
253 4581 302 4625 Hic
322 4582 445 4635 scriptum
461 4590 499 4626 est
518 4586 542 4625 et
554 4585 629 4624 tanto
644 4582 691 4624 che
707 4582 820 4624 essendo
836 4583 993 4634 ammoniti,¹
1003 4583 1048 4626 sed
1066 4584 1135 4626 linea
1149 4594 1229 4638 super
1243 4585 1329 4630 ducta
1344 4586 1382 4628 del

173 4660 229 4696 tum
241 4660 290 4696 est.
