3210 5392
670 435 735 493 Au.
757 432 827 493 156³
1317 437 1371 496 109

127 597 204 661 que
216 579 323 643 Pater
336 579 570 658 subiungeret
585 579 689 643 nobis
702 577 912 644 concessam
926 599 1005 645 esse
1019 584 1183 663 papalem
1197 584 1367 662 gratiam,

128 704 204 767 qun
218 679 379 750 nondum
391 684 546 767 professi
560 702 583 749 a
596 687 724 766 quouis
736 686 905 752 Antistite
919 686 1130 753 Dioecesico
1142 689 1188 754 ad
1203 690 1355 754 sacerdo

133 795 224 857 tium
235 792 441 874 promoueri
453 789 615 874 possunt,
628 793 826 877 Episcopus
841 795 1024 876 respondit
1038 814 1103 860 nec
1118 797 1278 862 ordinem
1289 814 1369 861 nos·

131 911 232 965 trum
254 918 322 965 nec
341 900 570 982 priuilegium
584 901 787 966 huiusmodi
801 901 838 965 in
860 900 977 966 Gallia
999 902 1194 968 admissum
1209 922 1299 983 esse,
1318 905 1368 968 in·

130 1008 243 1071 terim
255 1003 408 1071 innuens
421 1007 610 1071 facultates
621 1024 684 1071 seu
698 1008 885 1088 priuilegia
897 1026 1023 1090 parum
1037 1009 1229 1090 prudenter
1244 1029 1264 1073 a
1280 1011 1368 1075 Pon·

132 1112 235 1178 tifice
256 1114 359 1179 nobis
384 1113 532 1178 indulta.
559 1114 690 1179 lterum
705 1114 880 1179 Dominus
894 1114 1053 1180 Dumont
1073 1117 1289 1198 Episcopum
1314 1136 1369 1182 ac·

131 1222 249 1285 cessit
268 1237 507 1301 persuasurus
525 1238 570 1284 ne
590 1221 716 1284 saltem
731 1239 797 1284 nos
815 1238 838 1284 a
863 1223 977 1286 sacris
1001 1223 1149 1304 repellat
1174 1224 1368 1288 ordinibus.

134 1328 339 1408 Episcopus
351 1326 537 1409 respondit
559 1344 597 1391 se
619 1345 691 1391 non
713 1326 914 1392 decreuisse
934 1330 1037 1393 nobis
1059 1331 1271 1407 consentire,
1287 1331 1371 1412 quia

134 1436 191 1498 “si
212 1435 260 1498 ad
283 1451 407 1497 sacros
433 1433 577 1498 ordines
601 1451 675 1511 eos,
702 1435 762 1510 ait,
787 1435 1020 1516 admitterem,
1047 1437 1189 1501 viderer
1211 1440 1372 1518 regulam

133 1542 292 1605 instituti
303 1541 460 1622 ipsorum
475 1542 705 1621 approbare,.
723 1541 816 1621 Quin
840 1552 874 1606 et
888 1543 980 1607 hanc
996 1543 1130 1608 addidit
1144 1546 1372 1622 calumniam,

133 1652 371 1731 (quamquam
390 1649 511 1712 nescio
533 1666 553 1711 a
575 1665 646 1729 quo
666 1650 870 1728 persuasus)
892 1650 988 1730 quod
1009 1650 1165 1731 theologi
1187 1653 1375 1733 plusquam

132 1756 381 1837 quadraginta
402 1773 543 1819 errores
565 1756 600 1819 in
621 1757 753 1819 nostris
777 1756 1028 1837 diplomatibus
1042 1757 1262 1839 offenderint,
1280 1776 1374 1822 asse·

134 1882 226 1929 rens
237 1880 376 1946 quoque
388 1862 600 1928 Societatem
613 1873 774 1928 nostram
783 1881 860 1928 rem
870 1882 949 1928 esse
961 1865 1146 1930 nefariam.
1161 1867 1290 1953 Illmus.
1304 1865 1373 1930 Do·

133 1973 260 2037 minus
280 1971 526 2050 Consiliarius,
549 1971 792 2035 huiuscemodi
815 1973 1037 2036 sermonibus
1058 1972 1163 2037 fidem
1183 1960 1254 2037 non
1277 1974 1376 2037 adhi-

134 2081 243 2157 bens,
258 2078 371 2142 voluit
395 2086 518 2142 nostra
540 2077 735 2157 diplomata
755 2080 951 2158 consulere,
973 2081 1152 2160 inquibus
1167 2098 1275 2162 quum
1288 2081 1377 2144 nihil

132 2187 250 2251 naeui
269 2203 337 2250 nec
359 2194 461 2249 atrae
479 2194 585 2249 notae
604 2185 904 2266 deprehendisset,
921 2187 1088 2268 Episcopi
1110 2189 1217 2252 aedes
1237 2189 1375 2269 repetit,

135 2294 319 2358 rationem
344 2293 545 2357 redditurus
571 2292 773 2356 nostrorum
800 2293 1031 2374 diplomatum
1051 2295 1271 2358 orthodoxae
1293 2295 1377 2359 inte

137 2400 299 2482 gritatis.
316 2399 385 2480 Qui
399 2416 509 2480 quum
529 2399 754 2480 Episcopum,
773 2417 854 2463 cum
869 2401 963 2464 vitae
984 2402 1151 2482 periculo,
1177 2402 1291 2465 morbi
1310 2401 1377 2465 dis·

135 2508 293 2572 crimine
317 2506 559 2571 conflictatum
586 2505 800 2585 offendisset,
828 2507 939 2569 noluit
963 2508 1067 2571 huius
1092 2508 1226 2588 negotii
1250 2526 1365 2572 memo

137 2616 237 2679 riam
252 2612 422 2677 refricare
438 2612 571 2692 absque
586 2612 759 2692 probabili
778 2613 1020 2693 persuasionis
1041 2631 1120 2695 spe}
1132 2614 1194 2678 sed
1209 2615 1309 2678 nobis
1325 2632 1377 2678 re-

135 2721 226 2785 tulit
238 2718 466 2800 Episcopum,
490 2719 587 2782 vbia
610 2720 735 2783 morbo
758 2722 861 2800 plane
883 2721 1116 2802 conualuerit,
1138 2719 1288 2786 Romam
1309 2723 1378 2786 iter

138 2829 419 2891 adornaturum.

205 2933 361 2998 Proinde
379 2933 462 3014 quia
480 2934 697 3014 Episcopum
716 2934 912 2999 Facultatis
934 2931 943 2965 ¹
965 2945 1071 3015 atque
1091 2932 1243 2998 Senatus
1257 2935 1381 2998 dilatio

137 3041 370 3106 communire
385 3041 558 3104 hactenus
571 3042 651 3104 visa
664 3052 730 3118 est,
754 3042 887 3125 placuit
902 3042 1040 3105 consuli
1055 3041 1224 3105 Montano
1239 3043 1381 3106 Patrem

143 3160 312 3213 nostrum
326 3147 493 3211 inducere
509 3156 547 3210 vt
560 3147 728 3210 Facultas
743 3164 844 3210 suam
860 3148 1005 3211 tandem
1027 3149 1231 3228 pronuntiet
1246 3158 1384 3212 senten-

141 3259 248 3331 tiam,
265 3254 323 3318 cui
339 3252 491 3318 Senatus
512 3271 614 3317 suam
628 3254 800 3317 submisit.
818 3252 947 3317 Mirum
969 3263 1022 3317 est
1039 3271 1145 3335 quam
1167 3255 1235 3318 hoc
1251 3253 1386 3320 Christi

143 3362 333 3443 negotium
347 3361 429 3425 huic
445 3361 741 3425 christianissimo
761 3361 838 3424 viro
855 3359 954 3424 cordi
969 3361 1015 3424 sit
1030 3371 1272 3442 quantumque
1285 3363 1380 3425 labo·

142 3473 202 3536 ris
216 3470 321 3533 nobis
335 3467 556 3548 impenderit.
573 3467 737 3531 Accessit
752 3466 879 3530 Rdum.
896 3466 1088 3531 Dominum
1109 3468 1304 3532 Facultatis
1319 3469 1387 3531 De-

142 3593 282 3641 canum
295 3574 320 3653 ¹,
337 3574 396 3655 qui
411 3574 514 3638 iidem
530 3573 625 3637 dedit
644 3591 683 3637 se
698 3574 884 3652 theologos
904 3585 1196 3639 conuocaturum.
1221 3575 1318 3639 Adiit
1334 3576 1389 3638 bis

144 3684 330 3749 celebrem
349 3681 448 3744 illum
467 3681 758 3744 concionatorem
777 3680 971 3744 Ductorem
993 3681 1183 3745 Picatdum
1202 3680 1225 3761 ³,
1247 3682 1307 3761 qui
1326 3680 1388 3744 So-

143 3790 277 3855 cietati
298 3788 419 3852 omnia
434 3788 556 3852 tribuit
578 3805 749 3869 suamque
769 3786 948 3868 pollicitus
968 3797 1022 3851 est
1046 3805 1202 3868 operam.
1225 3788 1389 3852 Accessit

136 3899 350 3963 ‘Ductorem
375 3892 637 3958 Democharem
661 3891 945 3957 ‘et'Doctorem
971 3893 1197 3958 Pelletarium
1217 3893 1240 3973 ³,
1256 3895 1389 3974 praeci·

150 4004 215 4086 pui
238 4002 392 4067 nominis
412 4002 611 4080 theologos,
629 4002 779 4064 alterum
795 3997 1040 4079 Sorbonieum,
1058 4002 1210 4064 alterum
1224 4000 1390 4064 Nauarri·

146 4128 238 4176 cum
251 4107 276 4188 ⁸,
292 4110 328 4173 in
343 4117 495 4190 'quorum
510 4107 674 4171 manibus
694 4116 818 4170 nostra
840 4107 1034 4188 diplomata
1049 4117 1250 4187 versantur,
1267 4126 1311 4171 ex
1325 4107 1392 4171 Fa·

199 4315 208 4349 ¹
239 4314 386 4361 Facultatis
395 4313 496 4359 scillcet
506 4312 679 4367 theologicae.

198 4391 210 4422 ¹
238 4388 374 4434 Nicolaum
383 4387 408 4430 le
419 4379 493 4430 Cler'c

200 4461 211 4491 ³
239 4459 408 4505 Frauclrcum
418 4456 522 4501 Picum.

201 4536 213 4567 ⁴
240 4524 1396 4582 AntonlnmdeMouchlreldehfonchl.qulcommuniterDr.Democharesappellubatur.

202 4605 215 4638 ⁸
241 4604 365 4657 Joannem
375 4602 509 4647 Pelletler.

200 4675 215 4702 ⁴
243 4675 346 4721 Scilicet
357 4678 470 4721 alterum
480 4686 494 4717 e
506 4671 622 4727 collegio
631 4669 771 4722 Sorbonae,
781 4669 915 4713 ulterume
928 4667 1075 4712 Nar-arrae.
