3210 5392
657 434 721 493 Aa.
744 433 814 491 tas-t
1316 431 1352 489 39

111 584 236 646 desua
250 583 329 645 vita
346 582 416 644 due
431 580 559 660 leughe
574 579 666 657 (sic).
683 579 722 643 L’
737 579 865 642 abbate
883 577 890 608 ¹
906 588 941 641 et
953 578 1051 641 molti
1063 578 1220 657 religiosi
1232 578 1351 640 hanno

111 691 201 754 fatto
223 690 246 752 li
267 688 444 752 essercitii
462 689 497 751 in
518 686 678 751 Louanio
701 696 735 750 et
754 686 787 748 ci
802 686 973 765 vogliono
986 685 1226 764 grandissimo
1249 685 1348 747 bene:

113 797 262 859 iossimo
278 797 301 858 li
317 796 376 858 doi
391 795 509 874 giorni
523 794 638 871 interi,
657 793 809 857 volendo
824 811 891 856 con
903 793 962 855 noi
973 791 1137 855 conserir’
1152 793 1257 854 molte
1269 809 1351 854 cose

114 922 196 967 esso
212 904 342 966 abbate
359 911 393 964 et
409 902 432 965 li
453 901 622 980 religiosi.

176 1010 216 1074 In
229 1021 356 1091 questo
373 1019 521 1085 mentre,
538 1009 666 1071 vienne
682 1026 729 1070 vn
746 1010 838 1071 altro
853 1008 1027 1071 canonico
1043 1008 1087 1070 de
1102 1006 1253 1070 Auenna
1268 1006 1350 1068 visi·

117 1118 208 1180 tarci
221 1116 373 1180 dicendo
387 1135 407 1178 a
423 1118 445 1177 l’
464 1116 592 1179 abbate
611 1117 677 1178 che
697 1116 733 1178 di
747 1116 863 1195 quella
889 1116 1035 1195 predica
1050 1131 1112 1177 era
1136 1124 1235 1176 tanto
1258 1131 1350 1176 com·

119 1241 238 1288 mosso
252 1225 319 1287 che
332 1242 405 1287 non
427 1236 557 1304 poteua
572 1227 699 1287 restar’
716 1222 751 1285 di
767 1223 879 1285 venir'
897 1221 1093 1285 dimandar’
1118 1221 1265 1283 consilio
1283 1237 1350 1283 con

119 1333 188 1394 noi.
205 1330 260 1394 Ha
272 1348 458 1412 promesso
473 1331 509 1392 di
523 1330 624 1394 venir
640 1347 709 1410 qua
724 1330 779 1392 far
795 1331 819 1393 li
834 1329 1007 1392 essercitii
1019 1338 1053 1391 et
1066 1328 1168 1391 anch’
1187 1328 1210 1390 il
1224 1328 1348 1407 primo.

120 1438 378 1503 Predicassimo
395 1439 430 1500 in
446 1438 571 1518 Liessy
586 1440 621 1500 la
635 1436 838 1516 domenica,
856 1438 890 1500 io
906 1439 997 1499 nella
1010 1437 1130 1498 chiesa
1146 1435 1350 1515 parochiale

121 1557 153 1609 ct
168 1549 190 1609 il
207 1546 243 1610 P.
261 1545 431 1625 Quintino
447 1545 505 1607 alli
521 1545 679 1624 religiosi
700 1545 735 1607 in
761 1545 871 1607 latino
886 1560 954 1606 con
979 1543 1221 1606 satisfactione
1242 1552 1275 1605 et
1291 1542 1349 1604 ad·

124 1653 316 1716 miratione.
334 1651 377 1716 Ci
392 1652 595 1732 partissimo
617 1652 640 1714 il
665 1651 783 1714 lunedi
798 1662 833 1714 ct
851 1652 888 1714 in
908 1669 978 1713 vna
999 1651 1135 1730 grande
1161 1648 1348 1729 parrochia

126 1760 156 1822 io
171 1759 206 1822 lh
220 1768 397 1839 espettato
412 1770 446 1821 et
462 1757 617 1821 sforzato
629 1757 672 1821 de
684 1759 872 1838 predicar',
889 1766 923 1820 et
934 1758 958 1819 il
969 1756 1007 1821 P.
1025 1757 1191 1837 Quintino
1207 1755 1350 1836 predico

125 1870 145 1928 li
160 1866 354 1929 medesimo
368 1866 404 1928 in
419 1882 491 1927 vno
508 1866 724 1928 monasterio
739 1865 782 1928 de
797 1865 913 1928 donne
928 1882 998 1927 vna
1015 1864 1142 1943 leughe
1154 1863 1196 1926 de
1212 1863 1348 1942 Liessy,

125 1973 208 2036 done
232 1975 266 2035 la
293 1972 417 2036 madre
443 1973 476 2034 ci
500 1989 561 2035 era
589 1983 719 2035 venuto
744 1972 863 2035 veder’
893 1982 927 2034 et
949 1969 1090 2051 pregar¹
1119 1971 1154 2034 di
1180 1972 1235 2033 cio
1261 1969 1347 2032 iare.

128 2079 334 2142 Andassimo
360 2079 463 2158 depoi
489 2078 556 2142 due
583 2097 603 2141 o
629 2087 682 2141 tre
706 2078 833 2158 leughe
860 2079 895 2141 in
920 2097 992 2141 vna
1019 2080 1110 2141 altra
1136 2079 1279 2140 abbatia
1306 2078 1349 2140 de

127 2186 233 2248 donne
258 2186 351 2249 doue
371 2202 540 2249 erauamn
565 2187 673 2248 molto
698 2186 861 2265 espettati
883 2197 917 2248 et
934 2185 966 2248 ci
981 2191 1084 2248 meno
1099 2185 1214 2247 subito
1230 2186 1250 2247 l'
1268 2185 1347 2246 aba·

127 2293 220 2356 dessa
235 2293 362 2356 dentro
376 2310 446 2355 vna
463 2294 544 2355 aula
559 2302 594 2354 et
615 2291 683 2354 ieci
703 2294 725 2354 h
742 2293 954 2371 congregar’
969 2300 1058 2355 tutte
1076 2294 1109 2354 le
1124 2292 1299 2356 monache
1314 2303 1348 2353 et

128 2399 155 2461 ci
173 2416 352 2480 pregorno
373 2399 439 2462 che
464 2400 487 2462 li
512 2398 700 2462 lacessimo
726 2402 854 2462 alcuno
878 2401 995 2463 buono
1015 2400 1300 2479 ragionamento‚
1324 2399 1347 2461 il

127 2506 185 2569 che
198 2506 390 2569 habbiamo
404 2505 494 2569 fatto
509 2507 590 2569 tutti
606 2514 658 2569 tre
675 2506 833 2569 vicissim
848 2525 914 2569 con
934 2515 1032 2569 tanta
1054 2506 1298 2570 satisfactione
1313 2516 1347 2568 et

125 2613 400 2693 ringratiamenti
415 2612 451 2676 di
465 2624 553 2677 tutte
568 2613 634 2676 che
646 2614 852 2677 restassimo
868 2615 1004 2693 stupiti;
1021 2624 1055 2677 et
1067 2616 1134 2677 ben
1147 2615 1212 2676 che
1224 2614 1257 2676 ci
1272 2631 1347 2693 pro-

125 2721 260 2799 gassino
274 2720 383 2784 molto
400 2720 674 2783 instantemcnte
685 2721 750 2784 che
767 2722 972 2785 restassimo
983 2724 1007 2785 li
1020 2723 1136 2802 quella
1149 2730 1257 2798 notte‚
1272 2722 1347 2800 pur’

128 2843 182 2907 per
196 2838 377 2891 monstrat
392 2827 459 2890 che
480 2845 551 2891 non
570 2844 781 2891 cercauamo
797 2838 919 2891 nostro
945 2829 1130 2892 commodo
1146 2847 1204 2892 ma
1220 2829 1243 2891 il
1259 2830 1344 2904 loro,

128 2950 191 2996 non
205 2933 397 2997 volessimo
412 2936 554 3012 restar';
572 2945 738 3013 etquesto
751 2937 917 2998 massime
927 2953 990 3015 per
1002 2936 1066 2997 che
1082 2952 1192 2997 erano
1208 2935 1256 2997 iul
1268 2935 1348 2997 altri

128 3041 275 3119 religiosi
287 3040 354 3102 che
367 3057 437 3103 non
448 3051 703 3103 monstrauano
719 3045 827 3104 esser'
842 3051 944 3121 tropo
957 3042 1113 3104 contenti
1124 3043 1166 3105 de
1179 3050 1276 3104 tanto
1290 3042 1347 3104 ho·

128 3163 204 3209 nore
226 3158 261 3208 et
282 3146 453 3210 cherezza
478 3146 563 3225 (sic)
589 3147 654 3210 che
679 3148 711 3210 ci
738 3147 927 3211 laceuan0:
944 3159 978 3211 et
1004 3152 1095 3224 cosi,
1114 3147 1263 3211 essendo
1288 3148 1348 3227 gia

130 3254 216 3316 assai
230 3252 350 3326 tardo,
367 3252 571 3316 andassimo
587 3271 608 3316 a
623 3254 771 3316 Binchio
787 3255 842 3317 ch'
856 3260 876 3317 e
891 3257 925 3317 la
938 3256 1054 3334 patria
1066 3254 1100 3318 di
1113 3254 1268 3317 Maestro
1280 3253 1349 3316 An·

128 3358 241 3422 thonio
256 3359 347 3423 doue
362 3361 384 3421 l’
402 3361 493 3422 altro
508 3359 544 3421 dt
559 3359 702 3439 predico
719 3358 873 3423 Maestro
889 3360 1056 3440 Quintino
1082 3361 1117 3423 in
1137 3378 1185 3424 vn
1212 3377 1348 3423 monas·

128 3466 208 3527 terio
223 3465 258 3527 di
271 3465 388 3528 donne
404 3475 439 3528 et
454 3467 486 3529 ci
501 3483 633 3529 venero
649 3468 739 3529 tanti
754 3467 819 3530 che
834 3467 867 3529 la
883 3467 1017 3530 chiesia
1037 3485 1109 3530 non
1125 3468 1149 3530 li
1170 3467 1298 3546 capiua
1313 3476 1348 3528 ct

130 3570 158 3633 lu
170 3582 365 3635 constretto
380 3572 506 3636 mutar'
520 3576 556 3636 la
567 3575 716 3637 materia
727 3574 770 3636 de
783 3592 847 3637 sua
860 3574 1029 3654 predicha
1042 3574 1106 3636 che
1118 3575 1258 3636 haueua
1273 3590 1348 3652 pre·

131 3688 247 3756 parato
262 3696 327 3760 per
341 3680 373 3742 le
389 3680 564 3759 religiose.

181 3785 283 3849 Mtro.
303 3785 482 3849 Anthonio
497 3788 579 3850 etio
595 3788 630 3850 in
645 3799 769 3867 questo
782 3797 917 3850 mentre
936 3788 1139 3850 andassimo
1156 3805 1176 3850 a
1198 3787 1349 3850 Tudinio

130 3889 236 3955 donde
251 3897 271 3954 e
286 3894 460 3956 canonico
474 3892 630 3956 Maestro
647 3893 818 3957 Uismaro
834 3897 845 3928 ¹
860 3911 922 3974 per
937 3895 1074 3957 visitar'
1096 3895 1120 3957 il
1135 3893 1350 3957 monasterio

130 3995 167 4060 de
181 3997 312 4076 donne,
329 3999 385 4062 del
400 4001 505 4079 quale
523 3999 680 4063 Maestro
706 4001 877 4064 Ursmaro
894 4001 1032 4064 haueua
1047 4003 1080 4063 la
1096 4018 1197 4075 cura,
1215 4001 1305 4064 doue
1317 4001 1350 4061 al

130 4104 294 4184 principio
309 4123 380 4169 non
400 4106 431 4169 ci
457 4107 632 4169 voleuano
657 4107 781 4169 lassar'
807 4107 951 4186 parlar’‚
978 4106 1126 4170 dicendo
1149 4126 1170 4169 a
1195 4106 1351 4169 Maestro

130 4209 300 4274 anthonio
315 4229 380 4292 per
394 4213 460 4276 che
476 4230 546 4276 non
561 4212 700 4276 haueua
714 4214 855 4277 redutto
870 4213 1026 4277 Maesho
1048 4214 1228 4292 Ursmaro,
1251 4230 1352 4277 come

131 4317 148 4375 l’
163 4317 299 4381 haueua
320 4329 462 4381 menato
487 4320 565 4397 via;
584 4323 660 4399 pur'
678 4338 698 4382 a
714 4322 747 4382 la
762 4320 830 4383 line
849 4320 978 4383 lurono
997 4320 1063 4383 ben
1079 4331 1242 4384 contente
1257 4332 1291 4383 et
1307 4321 1351 4383 da

166 4521 174 4552 ¹
199 4521 348 4568 Ludovicus
360 4523 467 4568 Blosins.
480 4524 546 4568 Vide
557 4525 670 4569 Ponancr
682 4524 835 4577 chronicon,
846 4532 864 4570 t.
875 4537 913 4579 111,
920 4539 984 4583 pag.
996 4528 1044 4581 277,
1055 4534 1144 4572 annot.
1157 4528 1180 4572 2.

135 4660 147 4701 d
166 4595 176 4623 ³
201 4593 344 4639 Ursmarus
353 4594 474 4641 Golsson.
486 4596 551 4639 Vide
561 4596 674 4640 Pocaxcr
684 4597 786 4649 Clrron„
795 4605 812 4640 t.
822 4609 859 4651 111,
868 4610 928 4653 pag.
939 4599 985 4652 2¹⁸3,
994 4611 1017 4642 n.
1028 4599 1076 4652 616,
1087 4607 1112 4643 et
1122 4600 1182 4642 3.·11
1193 4606 1280 4643 annot.
1288 4599 1353 4652 ejus-

150 4672 185 4705 em
196 4666 315 4718 paginae.
