3240 5386
765 115 825 171 Aa.
848 114 917 171 1555
1395 112 1448 169 t77

169 254 292 335 des,
315 269 420 340 prout
441 260 492 322 eis
513 261 548 322 in
568 259 721 323 Domino
737 260 853 322 uisum
875 259 923 320 ita
944 270 1188 334 occurrerunt,
1206 268 1243 320 ut
1259 261 1360 337 plura
1376 276 1448 320 non

169 367 450 446 obloquentes
464 367 536 428 iam
550 383 643 428 nunc
659 367 707 442 (ut
723 366 860 444 opinor)
874 366 1138 443 conquiescant.

275 472 403 534 Patres
429 473 572 552 insuper
592 473 627 534 in
652 474 782 550 templo
804 489 1073 546 conuersarum,
1105 473 1194 533 alter
1219 471 1447 533 concionibus

185 577 344 641 diebus
369 581 496 655 sacriS,
523 589 670 659 uterque
698 580 806 641 etiam
831 589 1134 640 sacramentorum
1161 577 1355 640 ministerio
1381 587 1449 640 stu-

196 685 316 748 dium
332 702 546 766 operamque
562 687 718 748 sedulam
736 685 952 765 impendunt:
979 702 1089 763 eoque
1102 685 1234 746 factum
1255 694 1307 746 est
1324 694 1360 746 ut
1376 685 1448 762 plu-

203 792 310 870 nimi,
333 791 531 872 frequentia
552 810 684 866 eorum,
709 810 730 854 a
750 792 912 854 lethifero
937 791 1084 852 crimine
1103 791 1263 853 reuocati
1283 791 1444 853 fuissent.

211 895 292 961 Nec
318 899 523 977 ambiguum
545 909 597 962 est
623 900 741 976 nobiS,
765 900 848 978 quin
871 898 994 960 Patres
1020 899 1102 960 huie
1131 898 1265 960 ciuitati
1290 897 1444 960 fructum

216 1006 420 1068 uberiorem
443 1005 587 1081 ferrent,
615 1007 645 1067 si
671 1007 790 1086 templi
817 1004 1050 1068 commoditas
1070 1005 1171 1066 uobis
1196 1013 1288 1066 esset
1314 1005 1446 1066 oblata.

219 1111 326 1190 Quod
338 1112 477 1191 quidem
492 1112 571 1192 pari
586 1114 734 1187 ratione,
751 1123 825 1174 turn
840 1113 1042 1189 coniugata,
1057 1122 1131 1173 tum
1144 1111 1253 1172 libera
1268 1110 1449 1173 homiuum

218 1219 416 1298 frequentia
432 1220 652 1282 continenter
668 1220 804 1295 asserit,
822 1219 922 1281 cuius
934 1218 1174 1280 confessiones
1191 1217 1350 1297 proxime
1365 1233 1447 1278 exa·

220 1337 278 1388 eto
300 1327 434 1405 pascha
455 1327 595 1388 auditas
616 1327 738 1388 Patres
758 1327 870 1389 nostri
895 1326 1104 1388 habuerunt:
1127 1325 1149 1387 ii
1173 1327 1358 1387 honestam
1382 1324 1448 1401 (in-

222 1432 367 1511 quiunt)
388 1432 624 1494 familiaritem
645 1433 689 1494 ad
709 1433 853 1511 spiritus
875 1443 1102 1510 augmentum
1117 1440 1152 1493 et
1172 1430 1373 1493 firmitatem
1389 1431 1448 1492 ha·

220 1539 381 1601 buissent
402 1539 585 1601 nobiseum
607 1549 838 1615 contractam,
862 1539 891 1601 si
914 1556 976 1618 per
999 1539 1119 1617 templi
1135 1538 1365 1617 aptitudinem
1381 1536 1448 1598 sibi

219 1645 355 1707 liceret.
373 1644 633 1707 Conuersarum
652 1661 804 1724 namque
824 1661 948 1706 sacras
964 1644 1081 1721 aedes,
1098 1655 1132 1706 et
1152 1643 1400 1723 appellationis
1415 1653 1449 1705 et

218 1751 311 1813 situs
323 1768 442 1825 causa,
461 1751 616 1831 plerique
632 1751 822 1813 abhorrent
845 1768 886 1811 ac
907 1751 1138 1813 detestantur.
1163 1749 1450 1828 Quidamtamen

218 1858 378 1920 existunt
405 1857 658 1931 adolescentes,
683 1858 741 1937 qui
762 1868 882 1920 nostra
900 1858 1096 1936 spiritualia
1112 1857 1228 1920 studia
1244 1865 1450 1919 constanter

221 1977 382 2027 seruant.

285 2071 357 2133 Nos
378 2071 511 2149 (Pater)
533 2074 648 2134 locum
674 2072 940 2151 inuestiganteS,
963 2087 1138 2133 summam
1160 2070 1378 2149 diligentiam
1394 2071 1455 2133 hu-

219 2195 356 2257 eusque
372 2179 595 2241 contulimus.
610 2177 678 2242 Sed
692 2179 905 2258 prohdolor!
919 2178 1011 2257 Quid
1024 2179 1118 2240 inde?
1131 2179 1354 2256 inuigilatum
1369 2195 1455 2240 sane

221 2284 323 2359 satis;
349 2286 603 2363 inuestigatum
622 2303 706 2347 uero
732 2286 977 2365 nequicquam.
1006 2285 1229 2364 Quapropter
1255 2284 1362 2364 aliqui
1388 2301 1456 2345 nos

220 2392 444 2454 reuocandos
457 2393 738 2468 extimescentes
749 2392 783 2453 id
797 2392 1101 2471 pergratissimum
1114 2392 1276 2453 daemoni
1289 2391 1454 2453 lorecon·

223 2508 412 2576 testantur,
430 2499 490 2578 qui
505 2509 664 2560 nostrum
680 2499 735 2559 hic
752 2498 1057 2577 pernecessarium
1071 2514 1297 2577 pernoscens
1315 2498 1359 2559 ab
1376 2498 1453 2576 ipso

224 2614 370 2666 nostrae
386 2605 649 2667 aduentationis
665 2605 776 2678 initio,
799 2606 987 2683 collegium
1007 2605 1099 2667 istud
1120 2604 1320 2666 disturbare
1340 2623 1383 2666 ac
1403 2604 1451 2666 di-

225 2729 331 2774 ruere
344 2721 418 2774 toto
433 2712 518 2773 nixu
545 2713 696 2773 luctatus
721 2723 783 2773 est.
809 2711 951 2791 Aliquid
971 2723 1089 2773 tamen
1112 2711 1282 2789 obtinere,
1309 2720 1343 2773 et
1362 2728 1456 2774 nune

224 2819 416 2898 praecipue
431 2818 619 2893 (mitissimi
633 2818 715 2899 Jesu
733 2818 917 2897 auspicio),
935 2817 1149 2896 sperandum
1166 2829 1230 2880 est.

286 2924 487 2987 Conuersae
512 2924 652 2987 interim
671 2926 842 2987 moniales
870 2942 908 2986 se
933 2925 969 2986 in
996 2923 1182 2987 Societatis
1211 2934 1354 2987 nostrae
1382 2941 1455 2987 mo-

225 3031 325 3093 ribus
339 3030 707 3111 meditationibusque,
724 3032 868 3094 admota
884 3029 1028 3093 Parrum
1044 3048 1163 3109 opera,
1182 3040 1360 3109 exercent,
1379 3048 1450 3094 ma·

226 3154 406 3217 gnumque
421 3154 651 3217 progressum
670 3138 814 3200 iaciunt.
837 3137 947 3200 Cuius
963 3138 1013 3199 rei
1034 3137 1269 3200 indubitatum
1283 3138 1454 3201 habemus

228 3254 488 3323 argumentum,
516 3244 609 3324 quod
634 3244 724 3306 inter
744 3244 814 3306 alia
835 3245 997 3324 plurima,
1022 3244 1114 3306 unde
1131 3244 1350 3306 salutiferum
1370 3245 1452 3307 licet

228 3367 390 3430 promere
406 3353 616 3430 exemplum,
633 3351 717 3413 illud
732 3351 767 3413 in
782 3351 906 3430 primis
927 3351 1135 3413 adnotatum
1152 3352 1338 3427 uoluimuS,
1363 3352 1457 3431 quod

228 3472 397 3536 magnam
423 3467 581 3536 segetem
603 3467 637 3519 et
657 3458 843 3519 materiam
863 3467 1006 3519 nostrae
1032 3458 1224 3537 spiritualis
1246 3456 1457 3519 aedificatio·

234 3564 291 3626 nis
305 3562 435 3626 habere
450 3563 601 3626 uidetur.
615 3562 701 3626 Cum
718 3564 825 3642 igitur
839 3564 1048 3642 quibusdam
1065 3564 1176 3627 exeis
1191 3564 1458 3643 aegrotantibus

232 3670 362 3733 medici
372 3671 504 3733 nullam
519 3670 733 3750 sponderent
748 3672 908 3743 salutem,
931 3671 999 3733 nisi
1021 3672 1240 3733 habitatione
1261 3670 1320 3732 illa
1341 3685 1458 3747 egres·

236 3778 299 3853 sis,
316 3777 536 3839 exhilarandi
558 3777 666 3839 animi
685 3779 801 3855 gratia
822 3796 901 3840 cum
924 3778 1200 3856 consanguineis
1218 3778 1351 3857 aliquot
1366 3795 1460 3840 men·

236 3901 295 3946 ses
309 3884 547 3946 conuiuerent:
564 3901 714 3964 cumque
729 3895 802 3947 tum
829 3886 997 3964 temporis
1018 3885 1124 3948 Pater
1137 3884 1281 3961 Rectus,
1299 3884 1358 3963 qui
1373 3882 1460 3946 nihil

231 3991 278 4052 ob
293 3990 328 4052 id
343 3991 465 4070 pericli
481 3991 663 4054 imminere
684 3992 1004 4067 animaduertisset,
1027 3991 1071 4054 ab
1087 3992 1211 4055 iisdem
1231 3991 1379 4053 libenter
1400 4008 1458 4052 ex·

236 4098 329 4160 irent
343 4113 453 4160 necne
470 4098 679 4177 quaesisset,
696 4098 793 4177 ipsae
809 4116 880 4160 vno
898 4116 958 4160 ore
975 4098 1070 4160 Patri
1083 4110 1204 4160 nostro
1217 4098 1457 4178 obloquentes

232 4203 435 4266 mortalium
455 4204 566 4266 uitam
586 4203 701 4267 Deum
725 4223 833 4284 penes
852 4223 941 4282 esse,
964 4222 1110 4284 eamque
1131 4204 1331 4282 (dummodo
1355 4223 1459 4285 expe·

231 4309 321 4384 diat)
342 4310 407 4372 sibi
428 4311 659 4389 elargiturum
680 4312 731 4373 eis
750 4321 934 4374 aestuante
963 4312 1088 4390 spiritu
1116 4322 1336 4375 contestatae
1362 4324 1457 4376 sunt.
