3210 5392
203 422 255 482 196
588 424 1045 495 errennrounorruasrars

201 572 313 649 tione,
343 572 557 651 vigesimum
583 573 745 653 quintum
777 590 954 654 superans
979 591 1133 653 annum,
1163 575 1436 639 humanioribus

200 679 313 742 literis
327 679 417 742 dans
431 695 593 759 operam,
609 680 724 742 bonae
739 679 868 743 indolis
880 698 1046 745 aeratae
1061 680 1268 745 modestiae.

260 786 409 866 Reliqui,
426 802 573 849 numero
588 786 721 865 decem,
747 787 842 850 bona
867 788 1050 867 potiuunrr
1074 786 1297 866 valetudine,
1324 797 1433 869 atque

200 896 397 959 studiorum
411 911 448 974 pr
456 908 608 973 ogressu
620 904 845 974 promouent.
859 895 986 975 quihus
1000 895 1035 959 id
1050 895 1247 959 iniunctum
1260 904 1335 974 est;
1348 912 1433 976 quo·

201 1013 280 1064 rum
299 1010 372 1064 tres
391 1000 504 1063 literis
528 1000 797 1063 humanioribus
809 1000 897 1064 dant
919 1016 1082 1082 operam,
1104 1011 1256 1082 quatuor
1276 1002 1432 1082 philoso-

200 1108 342 1188 phicam
366 1107 551 1187 periodum
571 1106 774 1170 decurrunt.
790 1108 868 1187 Ego
888 1108 986 1171 solus
1010 1107 1212 1190 theologiae
1235 1107 1356 1172 sttudio
1380 1109 1430 1172 in·

200 1215 338 1278 cumbe.
360 1214 519 1293 Quatuor
539 1224 620 1277 sunt
642 1213 861 1292 sacerdotes,
883 1216 1002 1295 plures
1022 1214 1131 1279 futuri
1150 1215 1181 1279 si
1200 1232 1265 1296 per
1284 1215 1434 1296 Episco-

199 1336 283 1402 pum
299 1322 468 1385 licuisset.
781 1388 782 1391 ,

259 1427 361 1491 R.¹²¹us
381 1427 555 1491 Dominus
576 1426 851 1491 clarmontanus
875 1445 914 1490 se
938 1427 1173 1493 Reuerentiae
1197 1427 1297 1493 Tuae
1319 1446 1436 1510 quam

198 1535 454 1601 officiosissime
477 1535 713 1598 commendat.
740 1534 837 1599 Idem
861 1535 1034 1616 efflagitat
1058 1536 1437 1600 illustris-libellorum

199 1645 380 1724 regiorum
404 1641 495 1721 Mgr.
522 1640 696 1705 Dominus
721 1641 912 1707 Montanus
935 1641 955 1721 ¹,
982 1652 1066 1707 ante
1090 1646 1263 1724 pauculos
1285 1662 1438 1709 memes

195 1751 330 1832 Regius
348 1749 584 1814 Consiliarlus
599 1759 710 1829 atque
733 1751 1024 1830 supputationum
1042 1749 1173 1814 Duriae
1191 1749 1431 1829 &nectarius

195 1859 257 1940 qui
276 1859 380 1921 nobis
393 1856 499 1920 fidem
513 1855 609 1919 dedit
631 1873 670 1920 se
684 1854 819 1935 Regem
843 1872 949 1937 super
963 1866 1086 1921 nostro
1107 1859 1251 1938 negotio
1274 1864 1433 1924 conum*-

195 1976 330 2045 turum,
346 1965 376 2027 si
398 1963 556 2042 theologi
577 1980 704 2044 parum
727 1964 870 2044 propitii
888 1963 993 2027 nobis
1009 1964 1152 2039 fuerint.
1173 1963 1335 2028 Medicus
1355 1966 1432 2047 qui-

195 2075 277 2137 dam
304 2071 502 2149 Parisinus,
519 2069 671 2133 Alcman
696 2070 925 2148 cognomine,
953 2069 1087 2134 Christi
1110 2071 1252 2136 nomine
1277 2083 1434 2137 nostrae

193 2179 409 2244 valetudinis
432 2194 557 2240 curam
580 2178 690 2256 gerit,
712 2194 852 2241 omnem
873 2176 1024 2240 offerens
1045 2178 1147 2241 nobis
1170 2195 1317 2258 operam
1343 2197 1428 2243 cum

194 2289 305 2352 altero
321 2287 475 2368 quoda-m
488 2284 626 2349 medico
640 2302 713 2348 non
726 2284 868 2365 obscuri
882 2285 1048 2348 nominis.
1064 2284 1216 2349 Proinde
1230 2297 1430 2369 utrumque

192 2393 264 2459 Pst
273 2393 372 2458 Tuae
386 2391 670 2456 commendatum
686 2390 819 2455 habere
831 2391 1005 2471 digneris.

251 2500 420 2565 Vniuersi
440 2498 566 2562 Patres
587 2515 634 2562 -ac
658 2498 789 2561 fratres
812 2515 851 2561 se
876 2508 971 2562 totos
994 2509 1055 2562 tuo
1078 2498 1233 2563 offerunt
1256 2500 1428 2581 imperio

190 2608 309 2673 omnia
330 2606 538 2687 aggressuri
557 2614 763 2669 constanter
781 2615 923 2668 tuarum
942 2606 1144 2670 orationum
1164 2606 1313 2685 fiducia,
1328 2608 1429 2673 inter

189 2732 279 2796 quos
296 2730 354 2776 me
375 2713 548 2790 inutilem,
566 2728 628 2792 spe
642 2712 732 2775 tanti
751 2712 920 2791 praesidii
940 2713 1169 2792 gestientem,
1181 2715 1244 2794 pio
1264 2718 1426 2794 patrocl-

188 2823 248 2886 nio
263 2819 489 2901 promouebis
508 2834 573 2898 pro
589 2829 738 2898 patema
754 2828 814 2882 tua
829 2819 974 2898 pietate.

246 2927 353 3005 Vale,
370 2925 408 2989 P.
423 2925 747 2989 obseruandissime
768 2926 805 2988 in
823 2924 964 2990 Christo
978 2926 1080 3008 Jesu,
1096 2927 1157 3006 qui
1175 2936 1213 2990 -te
1233 2928 1341 2992 nobis
1362 2930 1425 2993 diu

188 3044 306 3099 seruet
319 3034 544 3096 incolumem.

246 3140 404 3218 Parisiis,
421 3154 470 3202 ex
489 3138 637 3202 aedibus
658 3137 936 3217 Clarmomanis,
949 3139 1091 3203 calend.
1108 3139 1303 3204 Decnnhr.
1329 3141 1422 3206 1554.

186 3240 337 3320 Imperio
352 3237 423 3301 R.‘¹¹
438 3237 477 3300 P.
494 3236 639 3300 Domini
652 3235 838 3300 Paschasii
853 3236 972 3300 Broelt.

246 3343 343 3408 Vim
362 3343 593 3407 Peternitatis
608 3352 690 3407 tune
700 3361 831 3407 seruus
842 3344 882 3407 -in
898 3344 1042 3408 Christo
1062 3346 1239 3425 minimae,

792 3557 978 3622 Rofflnrus
997 3558 1251 3625 Ctnrssomus.

240 3880 565 3962 Superscnptroan
579 3886 714 3960 quarta
731 3879 887 3960 pagena.
903 3877 983 3942 R.⁶0
995 3880 1035 3942 in
1054 3878 1195 3959 Christo
1221 3879 1322 3944 Patri
1345 3883 1422 3948 Do-

178 3988 278 4052 mino
302 3987 501 4066 ignat-lodo
522 3986 660 4067 Loyola
677 3984 888 4065 Praeposito
909 3984 1026 4049 Gnali.
1043 3984 1237 4050 Societatis
1256 3991 1423 4055 nominis

181 4096 277 4177 Jesu.
301 4095 445 4157 Romae.

241 4201 325 4264 Alio
339 4219 462 4263 runnu.
482 4200 569 4262 1534.
587 4199 718 4279 Parigi.
734 4199 781 4262 Di
798 4200 842 4262 M.
862 4199 1018 4263 Roberto
1029 4201 1083 4281 p.⁰
1098 4201 1132 4264 di
1149 4200 1365 4268 Decembre.

252 4307 450 4385 Vestigium
465 4305 596 4384 sigilli.

222 4549 230 4582 ¹
260 4547 382 4602 Dumont,
393 4560 437 4591 seu
446 4548 478 4591 du
489 4547 569 4591 llont.
