3210 5392
708 112 771 168 AN.
798 112 868 167 ltro
1350 114 1405 171 ooli

130 238 235 317 hoc
259 256 488 318 sanctissimo
501 254 655 334 jubilaeo
678 272 747 317 non
769 255 885 317 minus
905 272 1044 334 quoque
1066 256 1196 318 laboris
1218 257 1262 318 ab
1278 258 1401 321 eodem

129 366 377 442 susceptum
392 379 469 425 esse
482 363 575 425 scias
592 363 634 440 (si
649 373 767 425 tamen
782 363 882 424 labor
899 362 928 423 is
944 372 995 424 est
1011 362 1190 440 dicendus,
1215 364 1259 426 in·
1270 383 1339 444 quo
1355 367 1401 429 di·

131 460 274 531 hinae
297 462 495 532 Maiestatis
510 486 638 532 nomen
661 468 849 544 extollitur,
875 479 910 530 et
930 486 1001 530 non
1015 470 1132 547 potius
1153 487 1289 533 summa
1306 474 1402 536 volu-

130 577 272 653 ptas),
297 575 328 637 si
344 575 496 655 quidem,
513 575 708 638 accersitus
725 595 745 637 a
768 574 905 638 filiabus
924 573 1045 650 Ducis,
1069 594 1190 639 earum
1212 578 1401 643 confessio·

130 696 246 744 nem
264 681 405 745 audiuit
420 692 525 762 atque
541 681 685 756 eisdem,
703 692 736 744 et
751 681 853 744 fratri
870 681 1022 744 Domino
1040 681 1199 761 Aloysi0,
1217 685 1400 765 sororique

128 782 266 852 Ilimi.
287 786 412 866 Ducis,
435 806 478 852 ac
497 789 708 868 quibusdam
730 788 932 851 domesticis
948 789 1163 851 mulierculis
1183 802 1324 869 postero
1345 793 1402 856 die

130 895 433 960 sanctissimum
454 906 716 959 sacramentum
737 894 963 973 ministrauit;
980 912 1128 974 cumque
1148 899 1317 976 temporis
1340 918 1399 962 an-

127 1002 311 1081 gustiae
331 1003 537 1065 concionem
556 1019 627 1064 non
649 1011 866 1082 paterentur,
890 1018 979 1078 eam,
997 1019 1104 1081 quam
1126 1002 1323 1067 habendam
1341 1023 1402 1083 pas

126 1117 315 1173 rauerat
334 1106 450 1186 Pater,
472 1109 507 1170 in
530 1107 566 1170 19
586 1109 712 1170 horam
732 1107 877 1171 distulit:
902 1125 972 1170 non
993 1119 1111 1171 tamen
1134 1119 1253 1173 tacere
1274 1113 1400 1190 potuit,

127 1215 217 1280 sed
238 1231 363 1295 pauca
374 1214 417 1278 dc
430 1213 661 1277 Sanctissimo
674 1211 905 1277 Sacramento
917 1214 1110 1294 praemisit;
1124 1215 1210 1278 bora
1223 1229 1342 1281 autem
1355 1220 1400 1282 de

127 1339 230 1405 qua
258 1330 506 1384 conuenerant
525 1321 687 1401 proxima
710 1320 755 1383 ad
775 1319 1012 1383 nobilissimas
1033 1322 1199 1385 mulieres
1220 1324 1325 1387 uenit.
1352 1327 1399 1390 At

128 1430 263 1494 dices
290 1429 374 1509 quo?
396 1427 503 1508 Apud
528 1428 784 1491 monasterium
802 1426 1050 1506 religiosarum
1072 1430 1316 1509 quarumdam,
1340 1433 1399 1496 ubi

129 1546 313 1602 centum
328 1545 362 1597 et
377 1535 496 1597 nescio
512 1535 621 1598 etiam
635 1537 666 1597 si
681 1536 799 1613 plures
815 1533 1048 1597 communiter
1060 1534 1194 1615 uiuunt,
1207 1536 1298 1600 inter
1310 1556 1400 1618 quas
1467 1586 1470 1590 «

127 1659 269 1708 soror
291 1640 402 1704 Ducis
424 1659 466 1704 eo
487 1641 669 1720 religionis
685 1641 826 1704 uinculo
843 1641 989 1720 alligata
1004 1641 1112 1721 degit;
1129 1641 1245 1723 ibique
1261 1645 1399 1709 concio-

127 1758 271 1816 natus
288 1756 352 1811 est.
370 1747 424 1811 De
440 1748 610 1811 concione
625 1764 711 1810 uero
724 1747 809 1810 nihil
824 1746 949 1810 attinet
964 1747 1093 1827 dicere,
1108 1747 1143 1810 in
1160 1765 1230 1828 qua
1245 1749 1289 1812 de
1303 1749 1400 1814 Nati-

127 1859 278 1924 uitate
291 1854 452 1933 Virginis
460 1853 604 1930 Mariae,
616 1853 840 1917 sanctissimo
850 1852 1096 1919 Eucharistiae
1106 1852 1351 1934 Sacramento,
1364 1870 1399 1920 et

130 1962 296 2046 gratiis
311 1979 331 2024 a
347 1959 491 2025 Summo
507 1959 674 2023 Pontifice
691 1961 870 2024 concessis
883 1960 1073 2041 praecipue
1085 1963 1268 2041 agebatur,
1288 1980 1395 2044 quan·

130 2073 199 2135 do
222 2068 446 2147 cogitatione
458 2068 583 2131 melius
599 2066 861 2148 comprehendi,
878 2065 987 2147 quam
1002 2068 1115 2132 literis
1127 2069 1264 2133 abunde
1276 2073 1396 2151 scribi,

131 2177 290 2261 possit.
311 2174 390 2238 Hoc
410 2175 515 2238 modo
535 2175 705 2254 scriptum
725 2174 832 2237 uelim
853 2174 1050 2238 doctrinam
1066 2193 1145 2239 eam
1166 2175 1397 2254 declaratam,

135 2302 255 2368 quae
272 2282 435 2344 utilitatis
450 2281 528 2361 plus
543 2290 620 2344 erat
636 2282 800 2358 allatura,
818 2298 925 2361 quam
946 2281 1148 2345 continebat
1170 2283 1397 2363 difficultatis,

133 2388 341 2473 siquidem
356 2389 407 2451 sic
422 2391 541 2451 omnia
556 2389 836 2469 exponebantur.
854 2397 891 2451 ut
911 2388 1021 2451 etiam
1036 2388 1191 2453 difficilia
1212 2389 1330 2455 facilia
1348 2394 1398 2455 ui·

135 2499 344 2564 derentur.
368 2493 589 2576 Speraudum
609 2495 749 2575 quidem
763 2503 817 2557 est
839 2493 1020 2558 Christum
1039 2496 1160 2578 Jesum
1182 2498 1317 2560 semina
1343 2501 1396 2562 sui

137 2605 289 2670 Sancti
304 2601 455 2682 Spiritus
470 2602 505 2664 in
521 2618 643 2664 eorum
659 2602 786 2665 animis
801 2603 988 2681 sparsisse,
1005 2604 1147 2683 quando
1159 2615 1301 2682 praeter
1312 2623 1395 2668 uen·

137 2722 236 2777 tum
252 2709 443 2790 quicquam
458 2709 535 2773 dari
551 2710 595 2771 ab
611 2709 754 2771 homine
768 2725 838 2771 non
854 2718 983 2789 potest.

220 2817 280 2882 De
294 2815 426 2879 nostris
442 2827 562 2879 autem
578 2815 743 2878 Patribus
757 2824 791 2878 et
807 2814 977 2879 iratribus
993 2816 1077 2896 quid
1092 2815 1133 2879 R.
1149 2815 1188 2879 P.
1202 2817 1241 2881 T.
1257 2819 1400 2898 pollice-

139 2927 184 2990 ri
202 2940 362 3006 possem,
379 2922 447 2985 hoc
461 2922 587 2985 habeo:
604 2939 665 2984 eos
680 2920 814 2985 scilicet
829 2940 871 2985 eo
887 2922 1073 2985 charitatis
1094 2923 1221 2987 ardore
1241 2923 1394 3005 flagras·

136 3051 193 3098 se
211 3040 253 3095 ut
269 3029 469 3093 ualetudine
485 3030 637 3092 aduersa
653 3037 790 3100 utentes
806 3030 914 3093 semel
928 3029 1027 3092 bisue
1044 3032 1264 3095 consolatum
1277 3049 1394 3097 acces·

140 3141 262 3215 sisse,
283 3153 355 3199 non
374 3135 453 3199 dico
476 3135 520 3198 ad
542 3133 775 3213 xenodochia,
797 3135 869 3214 sed,
894 3135 976 3198 dum
998 3136 1142 3215 licebat,
1165 3138 1209 3201 ad
1231 3140 1396 3220 proprias

144 3247 299 3321 domos
316 3242 381 3305 sibi
397 3260 468 3306 non
480 3241 729 3320 satisfecerint,
744 3259 937 3323 eorumque
949 3243 1189 3308 confessiones
1201 3246 1393 3323 audiuisse,

147 3349 222 3416 sed
239 3349 371 3432 pluries
386 3349 454 3412 hoc
470 3350 601 3412 amoris
617 3347 776 3412 officium
796 3360 979 3429 praestare
997 3351 1182 3430 uoluerint;
1206 3352 1254 3414 ita
1270 3362 1394 3415 utnon

148 3457 373 3534 recusarint,
390 3455 462 3519 imo
479 3473 564 3518 uero
580 3456 828 3536 expetiuerint,
852 3465 974 3519 noctes
995 3473 1075 3519 cum
1091 3458 1134 3521 iis
1149 3459 1309 3538 uigilare,
1333 3461 1395 3540 qui

147 3565 323 3630 ultimum
348 3562 440 3626 diem
466 3563 620 3625 clausuri
643 3563 851 3625 dicebantur
877 3566 1105 3643 (quamquam
1133 3582 1204 3627 non
1230 3566 1394 3628 accersiti

149 3687 343 3751 nunquam
356 3669 561 3732 eorumdem
577 3669 705 3733 domus
720 3669 922 3749 adiuerint),
940 3679 1046 3749 atque
1062 3671 1105 3733 iis
1120 3688 1226 3749 quam
1240 3672 1394 3735 libentis·

152 3779 247 3843 sime
263 3776 451 3840 astiterint.

217 3884 410 3948 Praeterea
435 3881 528 3962 quod
554 3899 677 3945 eorum
702 3881 810 3962 aliqui
835 3885 871 3946 in
890 3884 1021 3963 templo
1041 3892 1163 3945 nostro
1190 3884 1394 3948 concionati

153 3993 289 4059 fuerint
299 3992 370 4055 iam
386 3990 426 4054 T.
441 3989 483 4054 R.
500 3989 539 4053 P.
553 4001 772 4071 compertum
792 4008 871 4054 esse
886 4008 1001 4071 spero:
1019 3990 1192 4070 siquidem
1210 3991 1233 4055 ii
1248 4001 1394 4057 sanctae

154 4099 379 4167 obedientiae
394 4097 523 4161 uirtute
538 4096 630 4176 freti,
649 4097 748 4161 cuius
765 4098 936 4161 mandato
958 4097 993 4161 id
1009 4095 1312 4179 ingrediebantur,
1329 4118 1395 4165 suo

154 4224 304 4272 munere
319 4204 546 4269 mediocriter
560 4204 672 4268 iuncti
684 4203 792 4268 suere.

220 4312 363 4378 Accidit
380 4329 519 4393 quoque
535 4321 573 4375 ut
588 4311 643 4375 his
658 4312 782 4375 diebus
797 4329 877 4376 cum
887 4309 1016 4391 jndaeo
1032 4314 1185 4392 quodam
1197 4324 1319 4378 nostro
1333 4313 1396 4378 Pa·
