3210 5392
675 432 740 490 ΑΝ.
763 433 832 491 1555
1314 431 1369 491 253

123 587 260 640 nostra
279 577 498 657 negligentia
519 579 652 657 corrigi
672 588 706 640 ct
728 579 908 642 emendari
928 581 1087 658 valeant,
1111 579 1235 641 lubens
1257 579 1367 640 mani·

110 675 288 748 festabo.
1075 688 1077 692 ’

188 789 239 854 In
252 792 377 872 primis
390 791 497 854 Pater
510 800 632 855 noster
642 791 688 854 M.
706 791 895 871 Quintinus
912 792 920 823 ¹
937 793 1163 874 prosequitur
1188 809 1273 856 suas
1288 809 1371 856 con-

92 893 260 961 ciones
274 908 308 961 et
321 899 494 962 lectiones
508 899 691 962 doctrinae
711 900 926 963 christianae
941 901 976 962 in
992 899 1234 979 Beghinagi0¹
1249 900 1370 979 singu·

85 997 163 1061 lis
185 1005 323 1069 diebus
348 1006 535 1068 dominicis
561 1017 595 1069 et
619 1006 737 1070 festis:
764 1006 965 1070 auditorum
986 1024 1154 1073 numerus
1170 1016 1321 1087 augetur
1337 1007 1372 1068 in

71 1102 230 1190 dies,
246 1122 280 1175 et
295 1112 347 1176 eis
367 1112 494 1176 satisfit
518 1114 719 1193 plurimum,
745 1132 811 1177 nec
827 1115 969 1177 omnino
987 1115 1120 1195 absque
1135 1114 1264 1177 fructu.
1282 1113 1372 1176 Nam

68 1228 225 1289 post
238 1219 448 1283 concionem
463 1219 580 1300 (quam
602 1221 687 1283 facit
705 1219 717 1250 ³
732 1222 887 1283 statima
913 1221 1074 1301 prandio)
1099 1238 1210 1301 usque
1230 1221 1266 1283 in
1286 1224 1357 1283 mul

70 1326 213 1388 tam
231 1335 386 1401 noctem,
403 1326 473 1389 duo
485 1345 530 1390 ex
544 1328 691 1401 nostriS,
709 1341 743 1391 et
764 1329 906 1407 quando
926 1345 1124 1407 possumuS,
1142 1346 1265 1392 omnes
1288 1338 1374 1406 tres,

61 1433 353 1498 satisfacere
367 1451 439 1496 non
454 1435 616 1497 valemus
631 1434 872 1498 confitentium
888 1436 1118 1512 multitudini;
1134 1452 1208 1498 nec·
1221 1445 1305 1498 tunc
1319 1452 1375 1498 so·

64 1532 226 1618 lum,
243 1557 371 1604 verum
384 1541 490 1603 etiam
512 1551 546 1602 et
558 1542 640 1604 totis
664 1540 866 1621 frequenter
890 1542 1063 1622 operariis
1077 1539 1089 1573 ⁴
1104 1542 1227 1605 diebus
1242 1543 1277 1605 id
1295 1560 1376 1607 con·

81 1641 266 1727 tingit,
283 1648 477 1728 praecipue
491 1647 555 1709 sub
570 1648 812 1711 solemnitates
828 1648 1051 1711 celebriores

194 1753 361 1818 Fructus
384 1764 502 1817 autem
517 1772 562 1816 ex
584 1754 638 1817 his
664 1754 947 1818 confessionibus
972 1756 1124 1819 refertur
1148 1774 1218 1819 non
1236 1757 1378 1819 omnino

73 1859 313 1942 exiguus
329 1878 411 1924 cum
425 1860 499 1924 fere
515 1860 561 1923 ad
574 1879 640 1924 nos
656 1862 839 1940 accedant,
856 1863 967 1943 quiin
983 1864 1101 1926 animo
1118 1864 1247 1925 habent
1269 1864 1379 1926 vitam

78 1976 354 2031 anteactam
370 1968 405 2031 in
422 1967 602 2030 meliorem
618 1977 847 2031 commutare.
865 1968 1015 2033 Factum
1030 1970 1148 2050 itaque
1168 1980 1220 2033 est
1243 1978 1280 2031 ut
1296 1987 1381 2032 nou·

80 2075 235 2136 nulli
250 2092 296 2137 ex
307 2074 360 2137 eis
372 2074 417 2137 ab
429 2073 569 2136 haeresi
583 2065 794 2154 resipuerint
809 2073 831 2138 ⁸.
847 2076 944 2140 Inter
958 2087 1119 2140 caeteros
1139 2075 1294 2157 quidam,
1322 2077 1383 2155 qui

80 2193 138 2238 -a
162 2183 348 2258 pluribus
364 2181 467 2244 annis
490 2198 671 2261 nunquam
689 2183 900 2247 interfuerat
924 2185 1055 2248 missae
1077 2183 1265 2262 sacrificiu,
1289 2183 1384 2264 quod

93 2289 299 2351 omnino
314 2288 497 2367 irridebat,
514 2291 773 2370 contemnebat,
793 2301 827 2354 et
842 2293 949 2355 etiam
965 2290 977 2322 ⁶
992 2292 1177 2372 vituperiis
1197 2291 1383 2368 afficiebat,

95 2396 215 2472 qui
231 2379 351 2460 tamen
366 2395 550 2458 confessus
565 2397 713 2476 resipuit
728 2398 750 2461 ².

213 2501 399 2581 Quaedam
413 2503 520 2566 etiam
538 2504 652 2582 virgo,
670 2521 769 2567 asex
794 2505 897 2567 annis
918 2507 1209 2584 sacramentaria,
1237 2506 1385 2582 scilicet,

120 2623 293 2687 negans
308 2610 374 2672 sub
389 2610 576 2689 speciebus
590 2611 693 2689 panis
707 2620 741 2673 et
756 2612 832 2674 vini
848 2613 1021 2674 contineri
1037 2629 1168 2692 corpus
1190 2621 1224 2674 et
1244 2613 1388 2691 sangui·

124 2729 242 2777 nem
254 2717 397 2780 Domini
418 2717 531 2779 nostri
544 2717 629 2798 Jesu
644 2714 786 2795 Christi,
815 2729 960 2797 peracta
981 2720 1203 2782 confessione
1229 2719 1389 2797 generali

130 2822 222 2884 vni
239 2842 279 2887 ex
292 2824 465 2904 patribus
482 2823 532 2886 sic
549 2823 705 2902 resipuit,
722 2835 760 2886 vt
775 2841 845 2887 non
861 2826 975 2888 solum
990 2826 1160 2902 crederet,
1178 2825 1290 2888 sedet
1307 2825 1391 2886 ado·

137 2939 260 2991 taret
277 2941 312 2994 et
326 2932 455 2996 devote
471 2940 625 2993 sumeret
639 2941 802 2993 sanctum
824 2949 953 3011 corpus
974 2932 1219 3010 Dominicum,
1242 2941 1276 2992 et
1295 2930 1390 2992 dein-

141 3049 249 3113 ceps
261 3055 296 3101 se
310 3038 392 3102 fidei
407 3037 605 3101 catholicae
621 3036 855 3100 adhaesuram
871 3041 1103 3118 promitteret.

228 3140 321 3208 Multi
332 3162 485 3225 quoque,
499 3144 624 3224 quibus
635 3144 706 3206 iam
724 3162 813 3224 pene
829 3157 1079 3224 persuaserant
1105 3144 1274 3207 haeretici
1297 3142 1392 3224 quod

147 3247 286 3314 audire
297 3252 445 3316 missam
459 3259 553 3314 esset
572 3261 758 3331 peccatum
777 3255 927 3315 mortale
948 3256 1090 3332 (nempe
1111 3251 1332 3314 idololatriae
1348 3250 1393 3312 ob

152 3349 407 3423 adorationem
421 3369 674 3421 sacrosanctae
689 3358 965 3436 Eucharistiae),
992 3358 1242 3422 monitionibus
1262 3358 1395 3420 nostris

156 3456 217 3517 ad
235 3476 378 3530 mentem
393 3465 585 3528 redierunt.
601 3465 748 3529 Plurimi
769 3483 920 3546 quoque,
936 3475 1102 3528 nutantes
1116 3465 1153 3527 in
1168 3464 1247 3543 fide,
1267 3463 1392 3526 confir·

159 3566 255 3629 mati
267 3581 356 3636 sunt.
372 3572 497 3635 Plures
512 3589 659 3652 quoque,
677 3573 774 3652 quia
801 3574 919 3636 multis
933 3573 1036 3635 annis
1052 3582 1112 3635 aut
1136 3571 1395 3635 confessionem

161 3677 242 3731 non
254 3675 421 3758 fecerant,
436 3688 496 3742 aut
508 3696 579 3742 non
591 3680 780 3758 integram,
794 3680 898 3759 serio,
911 3681 1048 3759 integre
1061 3689 1096 3742 et
1106 3679 1322 3759 generaliter
1337 3696 1396 3739 ηο-

165 3763 223 3831 bis
234 3793 312 3850 sunt
327 3785 494 3850 confessi.
510 3784 605 3849 Inter
621 3787 686 3850 hos
702 3788 877 3867 quaedam
900 3805 921 3849 a
936 3788 1065 3866 viginti
1091 3787 1196 3849 annis
1211 3786 1247 3848 in
1264 3786 1397 3847 confes-

163 3869 266 3951 S10¹1e
280 3893 423 3957 annuali
438 3892 572 3955 crimen
586 3892 789 3970 nefandum,
811 3894 984 3955 incestum
1003 3894 1168 3956 videlicet
1191 3909 1272 3954 cum
1287 3891 1398 3954 fratre

171 4045 382 4083 k-

208 4151 217 4184 ¹
245 4168 526 4224 QuintlnusCharlart.

210 4234 221 4266 ¹
248 4242 316 4292 Vide
326 4256 388 4293 tom.
398 4256 417 4300 1,
427 4256 491 4300 pag.
502 4244 550 4297 55⁰,
559 4250 647 4287 annot.
660 4245 678 4285 l.

211 4302 222 4335 ⁸
249 4314 336 4365 Verba
345 4329 428 4374 quam
434 4317 507 4372 sacri
518 4316 674 4359 cancellavit
686 4315 821 4358 Polancus.

213 4378 223 4408 ⁴
250 4393 387 4449 Profestis.
398 4391 534 4434 Polancus.

215 4447 225 4480 ⁸
253 4458 348 4510 Deletls
359 4464 448 4507 verbis
458 4461 571 4506 Factum
582 4463 673 4514 itaque
686 4462 774 4510 estut,
785 4460 821 4501 lta
832 4459 898 4500 haec
909 4455 1058 4499 emendavit
1073 4453 1209 4498 Polancus:
1226 4452 1359 4497 Nonnulli
1370 4462 1402 4494 ar

184 4515 220 4561 ‘¹⁸
228 4528 262 4571 “b
273 4533 374 4580 haeresi
385 4536 569 4589 resipuerunt.

221 4589 232 4623 ⁸
255 4599 361 4652 Verbum
369 4607 553 4652 contemnebat
565 4610 591 4648 et
602 4605 759 4658 particulam
770 4605 853 4646 etiam
864 4599 1009 4655 suppressit
1022 4597 1157 4642 Polancus.

224 4661 233 4692 ¹
260 4671 323 4722 Loco
333 4680 406 4725 verbi
417 4680 541 4733 resipuit,
555 4677 591 4721 ad
602 4688 646 4721 cor
657 4678 739 4720 rediit
749 4675 854 4730 scripsit
868 4676 1003 4719 Polancus.
