3210 5392
628 453 693 512 Au.
715 453 786 512 1551
1293 452 1328 514 37

85 598 195 676 logus
211 597 457 678 superioribus
477 598 574 661 hisce
600 596 724 661 diebus
743 599 780 661 in
803 599 935 677 templo
957 608 1080 662 nostro
1100 615 1120 659 a
1146 598 1329 677 discipulis

89 705 275 784 recitatuS,
291 721 367 769 non
382 705 459 768 sine
479 706 586 768 totius
612 705 709 769 urbis
735 705 981 783 admiratione,
1003 714 1077 768 tum
1097 705 1142 767 ob
1153 704 1329 784 insignem

89 829 136 874 ac
162 812 292 875 miram
320 811 463 875 illorum
491 812 716 888 memoriam,
756 821 829 875 tum
859 812 966 874 etiam
1001 811 1045 874 ob
1075 812 1251 875 actionem
1279 812 1327 874 in-

92 918 226 982 fantula
255 928 374 983 aetate
404 920 559 983 maxime
594 919 867 999 suspiciendam.
890 917 979 982 Sunt
1002 930 1035 982 et
1056 919 1186 982 ciuium
1206 918 1325 995 animi,

92 1025 252 1102 fratrum,
269 1026 330 1104 qui
344 1042 458 1106 nuper
472 1025 540 1088 hac
555 1026 622 1089 iter
635 1026 801 1100 habuere,
815 1024 1049 1103 multitudine,
1062 1025 1230 1101 moribus,
1248 1042 1327 1105 pru-

94 1131 221 1210 dentia,
238 1133 420 1210 commoti,
438 1132 619 1212 multique,
642 1133 702 1212 qui
723 1133 823 1212 prius
843 1150 864 1194 a
884 1132 987 1195 nobis
1009 1132 1216 1195 alienissimi
1231 1132 1326 1194 vide·

93 1238 232 1317 bantur,
253 1257 299 1302 ex
314 1256 446 1318 magna
461 1250 562 1320 parte
578 1240 769 1303 conciliati.
786 1237 939 1303 Senatus
954 1250 1072 1303 autern
1087 1240 1140 1302 sie
1154 1250 1208 1301 est
1224 1239 1327 1302 nobis

97 1344 250 1424 affectus
266 1354 307 1409 vt
322 1347 351 1409 si
367 1364 437 1427 qua
452 1346 522 1409 dici
537 1346 659 1410 forsan
677 1349 712 1410 in
727 1364 792 1410 nos
807 1347 941 1424 audiat,
958 1364 1001 1409 ea
1016 1348 1073 1410 vel
1088 1347 1324 1425 ignorantiae,

99 1452 151 1514 vel
176 1453 317 1516 illorum
342 1454 499 1516 inuidiae
524 1454 692 1518 ascribat:
721 1454 814 1517 idem
836 1453 993 1517 ciuitatis
1017 1454 1159 1517 nomine
1181 1470 1327 1516 eausam

101 1568 250 1623 nostram
275 1560 371 1640 apud
385 1560 501 1624 Ram
517 1571 550 1624 et
565 1561 845 1625 illustrissimum
870 1560 1097 1624 Cardinalem
1118 1559 1327 1623 Perusinum

104 1665 181 1744 agit,
200 1683 243 1729 ae
264 1666 309 1729 de
327 1667 509 1730 fundando
524 1667 683 1747 collegio
707 1667 884 1730 sollicitat.
902 1665 990 1731 Sunt
1012 1675 1046 1730 et
1066 1683 1179 1745 nuper
1194 1667 1327 1730 reditus

107 1773 202 1835 annui
214 1771 384 1836 Societati
400 1774 612 1853 consignati.
630 1773 796 1837 Nonnulli
811 1790 897 1836 suos
911 1773 1013 1836 nobis
1028 1773 1118 1836 lilios
1134 1772 1326 1836 informan-

113 1877 168 1940 dos
177 1880 436 1944 commiserunt.

160 1984 207 2048 Ex
229 1985 285 2049 his
310 1995 345 2048 et
369 1989 476 2065 longe
501 1987 660 2066 pluribus
685 1988 773 2050 satis
795 2004 970 2067 superque
991 1987 1227 2066 cognouimus
1254 2004 1324 2050 non

116 2105 199 2167 posse
222 2093 429 2156 submodio
454 2094 637 2157 lucernam
660 2092 878 2171 delitescere,
906 2110 1012 2173 quam
1037 2109 1144 2173 super
1163 2093 1326 2156 candela-

117 2194 207 2275 brum,
226 2207 264 2261 vt
284 2199 448 2262 omnibus
472 2201 599 2277 luceat,
621 2200 784 2264 Christus
806 2216 885 2263 esse
905 2200 1029 2275 voluit,
1056 2199 1326 2279 oppugnarique

120 2301 165 2365 diu
180 2322 275 2384 posse
290 2308 492 2382 veritatem,
519 2307 596 2370 fore
623 2316 742 2371 tamen
768 2308 911 2371 tandem
936 2306 1127 2386 aliquando
1153 2323 1233 2368 cum
1258 2307 1327 2369 elu-

121 2420 225 2474 eeseat.

165 2515 202 2579 Hi
214 2529 292 2582 sunt
308 2520 429 2599 igitur,
445 2519 526 2583 R.de
539 2521 574 2584 in
590 2521 696 2585 Chro.
715 2521 786 2600 Pl,
804 2538 893 2600 quos
912 2538 957 2583 ex
974 2521 1040 2582 hac
1060 2520 1165 2583 vinea
1188 2519 1326 2584 fructus

120 2635 250 2689 summus
262 2626 320 2690 ille
335 2645 378 2690 ac
389 2627 532 2706 sapiens
547 2629 706 2707 agricola
722 2628 840 2706 refert,
862 2629 981 2707 plures
996 2626 1121 2706 opinor
1136 2628 1323 2707 relaturus,

122 2725 252 2806 siplures
266 2733 326 2795 hic
341 2750 499 2797 essemus
514 2736 680 2814 operarii.

166 2833 223 2901 Sed
235 2838 324 2903 haec
339 2841 438 2903 satis.
455 2839 540 2903 Tuis
555 2858 620 2904 nos
635 2841 775 2905 interim
791 2841 956 2920 precibus
967 2840 1012 2903 ad
1024 2838 1229 2917 Dominum,
1247 2857 1324 2903 cae-

122 2946 317 3026 terorumque
333 2945 479 3010 Petrum
502 2965 545 3010 ac
565 2948 716 3011 fratrum
731 2948 858 3011 obnixe
881 2947 1180 3011 commendamus.
1198 2944 1324 3024 Spera-

121 3053 272 3116 musenim
283 3054 360 3117 fore
372 3065 411 3118 vt
423 3056 492 3117 illis
504 3055 699 3118 alacriores
710 3065 744 3118 et
756 3054 801 3117 ad
813 3054 1086 3134 diuinapietatis
1099 3051 1213 3116 officia
1226 3071 1323 3117 exer·

117 3156 206 3220 cerua
217 3159 382 3223 fortiores
397 3161 523 3233 effecti.
540 3171 682 3240 gratum
697 3161 852 3224 Domino
867 3170 1089 3241 praestemus
1105 3159 1322 3238 obsequium.

119 3254 267 3346 Perusiae,
282 3267 303 3330 8
317 3267 494 3341 Calendas
509 3268 626 3351 Junii¹
647 3269 734 3331 1554.

163 3369 247 3438 Tuus
261 3376 296 3438 in
312 3375 419 3439 Chro.
437 3395 562 3442 seruus
578 3396 621 3442 ac
636 3378 727 3441 filius
742 3378 919 3457 indignus,

773 3591 943 3654 Euuupus
964 3589 1159 3654 Auonarus.

115 3764 213 3784 N·—

227 3780 275 3786 ....-..
288 3779 302 3786 .-

145 3894 152 3926 ¹
173 3897 208 3945 Slc
219 3903 316 3957 legitur
327 3905 352 3947 iu
363 3904 529 3958 apographis
543 3911 570 3947 at
582 3905 674 3948 melius
690 3904 801 3947 fortasse
817 3905 833 3947 8
850 3904 977 3948 calendas
988 3903 1068 3958 lulli,
1078 3912 1105 3947 ut
1117 3911 1189 3958 patet
1205 3915 1236 3946 ex
1247 3910 1321 3946 auto·

111 3969 192 4022 {tupho
200 3974 375 4028 praecedenti,
387 3976 428 4019 ubl
440 3976 551 4030 eplstola
562 3975 660 4030 scripta
669 3976 764 4019 dicitur
774 3975 813 4019 die
821 3975 848 4018 :u
856 3974 944 4029 luenti.
954 3976 1024 4028 Quod
1036 3977 1134 4020 sirecte
1144 3977 1184 4018 hle
1195 3975 1320 4028 scriptum

110 4040 142 4078 ttt
150 4041 170 4092 8,
178 4045 235 4088 tunc
248 4046 376 4089 versionis
387 4047 440 4090 dies
450 4048 500 4090 erit
512 4047 554 4090 94.
