<?xml version="1.0" encoding="UTF-8"?>
<!DOCTYPE html PUBLIC "-//W3C//DTD XHTML 1.0 Transitional//EN"
    "http://www.w3.org/TR/xhtml1/DTD/xhtml1-transitional.dtd">
<html xmlns="http://www.w3.org/1999/xhtml" xml:lang="en" lang="en">
 <head>
  <title>
</title>
<meta http-equiv="Content-Type" content="text/html;charset=utf-8" />
  <meta name='ocr-system' content='tesseract 3.04.00' />
  <meta name='ocr-capabilities' content='ocr_page ocr_carea ocr_par ocr_line ocrx_word'/>
</head>
<body>
  <div class='ocr_page' id='page_1' title='image "./litteraequadrim02jesugoog_0495.png"; bbox 0 0 3210 5392; ppageno 0'>
   <div class='ocr_carea' id='block_1_1' title="bbox 101 113 942 182">
    <p class='ocr_par' dir='ltr' id='par_1_1' title="bbox 101 113 942 182">
     <span class='ocr_line' id='line_1_1' title="bbox 101 113 942 182; baseline 0.005 -12"><span class='ocrx_word' id='word_1_1' title='bbox 101 113 156 170; x_wconf 72' lang='grc'><strong>484</strong></span> <span class='ocrx_word' id='word_1_2' title='bbox 490 113 942 182; x_wconf 75' lang='lat' dir='ltr'><strong>Lirrnnnnounonnrnsrans</strong></span> 
     </span>
    </p>
   </div>
   <div class='ocr_carea' id='block_1_2' title="bbox 80 257 1341 4393">
    <p class='ocr_par' dir='ltr' id='par_1_2' title="bbox 98 257 1340 1411">
     <span class='ocr_line' id='line_1_2' title="bbox 103 257 1339 341; baseline 0.004 -22"><span class='ocrx_word' id='word_1_3' title='bbox 103 259 209 335; x_wconf 88' lang='lat' dir='ltr'><strong>cant),</strong></span> <span class='ocrx_word' id='word_1_4' title='bbox 227 275 307 320; x_wconf 88' lang='lat' dir='ltr'><strong>cum</strong></span> <span class='ocrx_word' id='word_1_5' title='bbox 323 257 367 320; x_wconf 91' lang='lat' dir='ltr'><strong>ad</strong></span> <span class='ocrx_word' id='word_1_6' title='bbox 383 258 479 320; x_wconf 91' lang='lat' dir='ltr'><strong>illum</strong></span> <span class='ocrx_word' id='word_1_7' title='bbox 502 258 718 337; x_wconf 84' lang='lat' dir='ltr'><strong>deferuntur,</strong></span> <span class='ocrx_word' id='word_1_8' title='bbox 741 261 797 321; x_wconf 91' lang='lat' dir='ltr'><strong>uel</strong></span> <span class='ocrx_word' id='word_1_9' title='bbox 809 259 1029 339; x_wconf 84' lang='lat' dir='ltr'>theologicae</span> <span class='ocrx_word' id='word_1_10' title='bbox 1043 262 1100 323; x_wconf 93' lang='lat' dir='ltr'><strong>uel</strong></span> <span class='ocrx_word' id='word_1_11' title='bbox 1113 260 1339 341; x_wconf 88' lang='lat' dir='ltr'><strong>philosophi·</strong></span> 
     </span>
     <span class='ocr_line' id='line_1_3' title="bbox 102 365 1337 448; baseline 0.002 -20"><span class='ocrx_word' id='word_1_12' title='bbox 102 383 178 443; x_wconf 91' lang='lat' dir='ltr'><strong>cae,</strong></span> <span class='ocrx_word' id='word_1_13' title='bbox 196 365 242 428; x_wconf 93' lang='lat' dir='ltr'><strong>ad</strong></span> <span class='ocrx_word' id='word_1_14' title='bbox 256 384 322 429; x_wconf 91' lang='lat' dir='ltr'><strong>nos</strong></span> <span class='ocrx_word' id='word_1_15' title='bbox 336 366 509 444; x_wconf 82' lang='lat' dir='ltr'><strong>imprimis</strong></span> <span class='ocrx_word' id='word_1_16' title='bbox 524 366 712 429; x_wconf 87' lang='lat' dir='ltr'><strong>mittendas</strong></span> <span class='ocrx_word' id='word_1_17' title='bbox 728 377 840 443; x_wconf 89' lang='lat' dir='ltr'><strong>curat,</strong></span> <span class='ocrx_word' id='word_1_18' title='bbox 858 377 892 429; x_wconf 88' lang='lat' dir='ltr'><strong>et</strong></span> <span class='ocrx_word' id='word_1_19' title='bbox 913 368 1001 431; x_wconf 90' lang='lat' dir='ltr'><strong>satis</strong></span> <span class='ocrx_word' id='word_1_20' title='bbox 1016 386 1094 431; x_wconf 89' lang='lat' dir='ltr'><strong>esse</strong></span> <span class='ocrx_word' id='word_1_21' title='bbox 1108 378 1214 448; x_wconf 86' lang='lat' dir='ltr'><strong>putat</strong></span> <span class='ocrx_word' id='word_1_22' title='bbox 1230 368 1263 432; x_wconf 90' lang='lat' dir='ltr'><strong>si</strong></span> <span class='ocrx_word' id='word_1_23' title='bbox 1276 386 1337 433; x_wconf 82' lang='lat' dir='ltr'><strong>no</strong></span> 
     </span>
     <span class='ocr_line' id='line_1_4' title="bbox 102 473 1340 556; baseline 0.004 -21"><span class='ocrx_word' id='word_1_24' title='bbox 102 484 256 535; x_wconf 89' lang='lat' dir='ltr'><strong>strorum</strong></span> <span class='ocrx_word' id='word_1_25' title='bbox 274 474 440 536; x_wconf 90' lang='lat' dir='ltr'><strong>iudicium</strong></span> <span class='ocrx_word' id='word_1_26' title='bbox 461 474 494 535; x_wconf 92' lang='lat' dir='ltr'><strong>in</strong></span> <span class='ocrx_word' id='word_1_27' title='bbox 511 473 649 536; x_wconf 89' lang='lat' dir='ltr'><strong>illarum</strong></span> <span class='ocrx_word' id='word_1_28' title='bbox 665 475 879 554; x_wconf 85' lang='lat' dir='ltr'><strong>expensione</strong></span> <span class='ocrx_word' id='word_1_29' title='bbox 899 475 1120 539; x_wconf 81' lang='lat' dir='ltr'><strong>adhibeatur.</strong></span> <span class='ocrx_word' id='word_1_30' title='bbox 1143 474 1178 539; x_wconf 88' lang='lat' dir='ltr'><strong>Is</strong></span> <span class='ocrx_word' id='word_1_31' title='bbox 1199 493 1340 556; x_wconf 90' lang='lat' dir='ltr'><strong>paucos</strong></span> 
     </span>
     <span class='ocr_line' id='line_1_5' title="bbox 101 579 1339 660; baseline 0.003 -17"><span class='ocrx_word' id='word_1_32' title='bbox 101 591 183 643; x_wconf 89' lang='lat' dir='ltr'><strong>ante</strong></span> <span class='ocrx_word' id='word_1_33' title='bbox 198 579 273 643; x_wconf 90' lang='lat' dir='ltr'><strong>dies</strong></span> <span class='ocrx_word' id='word_1_34' title='bbox 284 598 364 643; x_wconf 86' lang='lat' dir='ltr'><strong>cum</strong></span> <span class='ocrx_word' id='word_1_35' title='bbox 379 581 525 643; x_wconf 87' lang='lat' dir='ltr'><strong>solemni</strong></span> <span class='ocrx_word' id='word_1_36' title='bbox 537 581 748 660; x_wconf 91' lang='lat' dir='ltr'><strong>publicoque</strong></span> <span class='ocrx_word' id='word_1_37' title='bbox 760 582 890 645; x_wconf 90' lang='lat' dir='ltr'><strong>iudicio</strong></span> <span class='ocrx_word' id='word_1_38' title='bbox 906 594 980 645; x_wconf 89' lang='lat' dir='ltr'><strong>turn</strong></span> <span class='ocrx_word' id='word_1_39' title='bbox 993 583 1083 645; x_wconf 91' lang='lat' dir='ltr'><strong>alios</strong></span> <span class='ocrx_word' id='word_1_40' title='bbox 1093 582 1176 647; x_wconf 90' lang='lat' dir='ltr'><strong>fidei</strong></span> <span class='ocrx_word' id='word_1_41' title='bbox 1187 592 1339 647; x_wconf 85' lang='lat' dir='ltr'><strong>nostrae</strong></span> 
     </span>
     <span class='ocr_line' id='line_1_6' title="bbox 101 687 1338 769; baseline 0.004 -22"><span class='ocrx_word' id='word_1_42' title='bbox 101 687 326 750; x_wconf 91' lang='lat' dir='ltr'><strong>aduersarios</strong></span> <span class='ocrx_word' id='word_1_43' title='bbox 341 687 420 749; x_wconf 90' lang='lat' dir='ltr'><strong>aliis</strong></span> <span class='ocrx_word' id='word_1_44' title='bbox 435 687 627 766; x_wconf 88' lang='lat' dir='ltr'><strong>suppliciis,</strong></span> <span class='ocrx_word' id='word_1_45' title='bbox 651 698 725 750; x_wconf 92' lang='lat' dir='ltr'><strong>tum</strong></span> <span class='ocrx_word' id='word_1_46' title='bbox 740 705 860 762; x_wconf 90' lang='lat' dir='ltr'><strong>vnum,</strong></span> <span class='ocrx_word' id='word_1_47' title='bbox 883 688 942 768; x_wconf 89' lang='lat' dir='ltr'><strong>qui</strong></span> <span class='ocrx_word' id='word_1_48' title='bbox 962 688 999 751; x_wconf 92' lang='lat' dir='ltr'><strong>in</strong></span> <span class='ocrx_word' id='word_1_49' title='bbox 1017 689 1202 752; x_wconf 90' lang='lat' dir='ltr'><strong>haeretica</strong></span> <span class='ocrx_word' id='word_1_50' title='bbox 1217 690 1338 769; x_wconf 88' lang='lat' dir='ltr'><strong>praui-</strong></span> 
     </span>
     <span class='ocr_line' id='line_1_7' title="bbox 101 793 1337 877; baseline 0.003 -22"><span class='ocrx_word' id='word_1_51' title='bbox 101 804 175 856; x_wconf 85' lang='lat' dir='ltr'><strong>tate</strong></span> <span class='ocrx_word' id='word_1_52' title='bbox 194 793 368 856; x_wconf 82' lang='lat' dir='ltr'><strong>obstinate</strong></span> <span class='ocrx_word' id='word_1_53' title='bbox 387 794 599 872; x_wconf 83' lang='lat' dir='ltr'><strong>perstiterat,</strong></span> <span class='ocrx_word' id='word_1_54' title='bbox 618 794 724 856; x_wconf 92' lang='lat' dir='ltr'><strong>morti</strong></span> <span class='ocrx_word' id='word_1_55' title='bbox 742 807 834 857; x_wconf 87' lang='lat' dir='ltr'><strong>esset</strong></span> <span class='ocrx_word' id='word_1_56' title='bbox 852 794 1130 873; x_wconf 89' lang='lat' dir='ltr'><strong>adiudicaturus,</strong></span> <span class='ocrx_word' id='word_1_57' title='bbox 1149 794 1237 859; x_wconf 89' lang='lat' dir='ltr'><strong>huic</strong></span> <span class='ocrx_word' id='word_1_58' title='bbox 1250 812 1337 877; x_wconf 89' lang='lat' dir='ltr'><strong>qua·</strong></span> 
     </span>
     <span class='ocr_line' id='line_1_8' title="bbox 101 899 1337 983; baseline 0 -20"><span class='ocrx_word' id='word_1_59' title='bbox 101 910 181 963; x_wconf 92' lang='lat' dir='ltr'><strong>tuor</strong></span> <span class='ocrx_word' id='word_1_60' title='bbox 193 917 237 962; x_wconf 90' lang='lat' dir='ltr'><strong>ex</strong></span> <span class='ocrx_word' id='word_1_61' title='bbox 254 900 425 962; x_wconf 86' lang='lat' dir='ltr'><strong>coenobio</strong></span> <span class='ocrx_word' id='word_1_62' title='bbox 437 899 589 979; x_wconf 88' lang='lat' dir='ltr'><strong>quodam</strong></span> <span class='ocrx_word' id='word_1_63' title='bbox 605 901 789 979; x_wconf 88' lang='lat' dir='ltr'><strong>religiosos</strong></span> <span class='ocrx_word' id='word_1_64' title='bbox 805 901 900 964; x_wconf 92' lang='lat' dir='ltr'><strong>uiros</strong></span> <span class='ocrx_word' id='word_1_65' title='bbox 914 902 1040 965; x_wconf 87' lang='lat' dir='ltr'><strong>adesse</strong></span> <span class='ocrx_word' id='word_1_66' title='bbox 1055 902 1225 965; x_wconf 86' lang='lat' dir='ltr'><strong>iusserat:</strong></span> <span class='ocrx_word' id='word_1_67' title='bbox 1242 918 1337 983; x_wconf 89' lang='lat' dir='ltr'><strong>quos</strong></span> 
     </span>
     <span class='ocr_line' id='line_1_9' title="bbox 100 1006 1337 1089; baseline 0.004 -20"><span class='ocrx_word' id='word_1_68' title='bbox 100 1025 181 1070; x_wconf 94' lang='lat' dir='ltr'><strong>cum</strong></span> <span class='ocrx_word' id='word_1_69' title='bbox 196 1024 304 1085; x_wconf 82' lang='lat' dir='ltr'><strong>aegre</strong></span> <span class='ocrx_word' id='word_1_70' title='bbox 328 1006 362 1069; x_wconf 93' lang='lat' dir='ltr'><strong>id</strong></span> <span class='ocrx_word' id='word_1_71' title='bbox 388 1007 504 1069; x_wconf 86' lang='lat' dir='ltr'><strong>facere</strong></span> <span class='ocrx_word' id='word_1_72' title='bbox 526 1008 780 1087; x_wconf 86' lang='lat' dir='ltr'><strong>conspexisset,</strong></span> <span class='ocrx_word' id='word_1_73' title='bbox 807 1008 893 1071; x_wconf 92' lang='lat' dir='ltr'><strong>dure</strong></span> <span class='ocrx_word' id='word_1_74' title='bbox 922 1008 1123 1089; x_wconf 66' lang='lat' dir='ltr'><strong>increpans</strong></span> <span class='ocrx_word' id='word_1_75' title='bbox 1149 1007 1295 1073; x_wconf 89' lang='lat' dir='ltr'><strong>duobus</strong></span> <span class='ocrx_word' id='word_1_76' title='bbox 1316 1030 1337 1073; x_wconf 88' lang='lat' dir='ltr'><strong>c</strong></span> 
     </span>
     <span class='ocr_line' id='line_1_10' title="bbox 99 1113 1334 1195; baseline 0 -18"><span class='ocrx_word' id='word_1_77' title='bbox 99 1115 231 1177; x_wconf 90' lang='lat' dir='ltr'><strong>nostris</strong></span> <span class='ocrx_word' id='word_1_78' title='bbox 242 1113 435 1176; x_wconf 83' lang='lat' dir='ltr'><strong>accersitis:</strong></span> <span class='ocrx_word' id='word_1_79' title='bbox 455 1116 516 1176; x_wconf 81' lang='lat' dir='ltr'><strong>“en</strong></span> <span class='ocrx_word' id='word_1_80' title='bbox 532 1114 680 1193; x_wconf 85' lang='lat' dir='ltr'><strong>(inquit),</strong></span> <span class='ocrx_word' id='word_1_81' title='bbox 696 1131 784 1194; x_wconf 92' lang='lat' dir='ltr'><strong>quos</strong></span> <span class='ocrx_word' id='word_1_82' title='bbox 799 1132 869 1177; x_wconf 93' lang='lat' dir='ltr'><strong>non</strong></span> <span class='ocrx_word' id='word_1_83' title='bbox 884 1115 991 1195; x_wconf 90' lang='lat' dir='ltr'><strong>pudet</strong></span> <span class='ocrx_word' id='word_1_84' title='bbox 1006 1116 1135 1179; x_wconf 89' lang='lat' dir='ltr'><strong>horum</strong></span> <span class='ocrx_word' id='word_1_85' title='bbox 1146 1131 1334 1195; x_wconf 82' lang='lat' dir='ltr'><strong>operum,.</strong></span> 
     </span>
     <span class='ocr_line' id='line_1_11' title="bbox 98 1220 1334 1301; baseline 0.002 -18"><span class='ocrx_word' id='word_1_86' title='bbox 98 1220 220 1284; x_wconf 90' lang='lat' dir='ltr'><strong>Voluit</strong></span> <span class='ocrx_word' id='word_1_87' title='bbox 245 1221 354 1300; x_wconf 87' lang='lat' dir='ltr'><strong>igitur</strong></span> <span class='ocrx_word' id='word_1_88' title='bbox 374 1230 412 1282; x_wconf 92' lang='lat' dir='ltr'><strong>ut</strong></span> <span class='ocrx_word' id='word_1_89' title='bbox 426 1221 539 1283; x_wconf 88' lang='lat' dir='ltr'><strong>nostri</strong></span> <span class='ocrx_word' id='word_1_90' title='bbox 553 1220 746 1298; x_wconf 87' lang='lat' dir='ltr'><strong>adstarent,</strong></span> <span class='ocrx_word' id='word_1_91' title='bbox 762 1238 828 1283; x_wconf 88' lang='lat' dir='ltr'><strong>nec</strong></span> <span class='ocrx_word' id='word_1_92' title='bbox 844 1231 963 1285; x_wconf 89' lang='lat' dir='ltr'><strong>tamen</strong></span> <span class='ocrx_word' id='word_1_93' title='bbox 978 1222 1068 1301; x_wconf 74' lang='lat' dir='ltr'><strong>illoS,</strong></span> <span class='ocrx_word' id='word_1_94' title='bbox 1084 1230 1124 1285; x_wconf 94' lang='lat' dir='ltr'><strong>ut</strong></span> <span class='ocrx_word' id='word_1_95' title='bbox 1144 1222 1334 1297; x_wconf 88' lang='lat' dir='ltr'><strong>uolebant,</strong></span> 
     </span>
     <span class='ocr_line' id='line_1_12' title="bbox 98 1328 1293 1411; baseline 0 -20"><span class='ocrx_word' id='word_1_96' title='bbox 98 1328 227 1391; x_wconf 92' lang='lat' dir='ltr'><strong>liberos</strong></span> <span class='ocrx_word' id='word_1_97' title='bbox 242 1328 384 1404; x_wconf 85' lang='lat' dir='ltr'><strong>dimisit,</strong></span> <span class='ocrx_word' id='word_1_98' title='bbox 402 1328 463 1389; x_wconf 87' lang='lat' dir='ltr'><strong>sed</strong></span> <span class='ocrx_word' id='word_1_99' title='bbox 480 1338 517 1390; x_wconf 93' lang='lat' dir='ltr'><strong>ut</strong></span> <span class='ocrx_word' id='word_1_100' title='bbox 532 1328 678 1390; x_wconf 90' lang='lat' dir='ltr'><strong>comites</strong></span> <span class='ocrx_word' id='word_1_101' title='bbox 693 1338 925 1408; x_wconf 87' lang='lat' dir='ltr'><strong>sequerentur</strong></span> <span class='ocrx_word' id='word_1_102' title='bbox 935 1329 1080 1393; x_wconf 91' lang='lat' dir='ltr'><strong>omnino</strong></span> <span class='ocrx_word' id='word_1_103' title='bbox 1090 1328 1293 1411; x_wconf 87' lang='lat' dir='ltr'><strong>praecepit.</strong></span> 
     </span>
    </p>

    <p class='ocr_par' dir='ltr' id='par_1_3' title="bbox 89 1434 1341 3112">
     <span class='ocr_line' id='line_1_13' title="bbox 156 1434 1332 1515; baseline 0.002 -18"><span class='ocrx_word' id='word_1_104' title='bbox 156 1434 229 1497; x_wconf 88' lang='lat' dir='ltr'><strong>Nec</strong></span> <span class='ocrx_word' id='word_1_105' title='bbox 250 1444 366 1496; x_wconf 87' lang='lat' dir='ltr'><strong>tamen</strong></span> <span class='ocrx_word' id='word_1_106' title='bbox 390 1434 574 1497; x_wconf 82' lang='lat' dir='ltr'><strong>defuerunt</strong></span> <span class='ocrx_word' id='word_1_107' title='bbox 594 1436 652 1513; x_wconf 90' lang='lat' dir='ltr'><strong>qui</strong></span> <span class='ocrx_word' id='word_1_108' title='bbox 672 1434 753 1497; x_wconf 89' lang='lat' dir='ltr'><strong>huic</strong></span> <span class='ocrx_word' id='word_1_109' title='bbox 773 1434 816 1497; x_wconf 92' lang='lat' dir='ltr'><strong>de</strong></span> <span class='ocrx_word' id='word_1_110' title='bbox 832 1444 952 1498; x_wconf 91' lang='lat' dir='ltr'><strong>nostro</strong></span> <span class='ocrx_word' id='word_1_111' title='bbox 971 1436 1124 1515; x_wconf 88' lang='lat' dir='ltr'><strong>collegio</strong></span> <span class='ocrx_word' id='word_1_112' title='bbox 1145 1434 1332 1499; x_wconf 86' lang='lat' dir='ltr'><strong>existima·</strong></span> 
     </span>
     <span class='ocr_line' id='line_1_14' title="bbox 96 1540 1341 1622; baseline 0.001 -18"><span class='ocrx_word' id='word_1_113' title='bbox 96 1542 182 1604; x_wconf 90' lang='lat' dir='ltr'><strong>tioni</strong></span> <span class='ocrx_word' id='word_1_114' title='bbox 199 1541 316 1604; x_wconf 91' lang='lat' dir='ltr'><strong>conati</strong></span> <span class='ocrx_word' id='word_1_115' title='bbox 332 1551 412 1603; x_wconf 92' lang='lat' dir='ltr'><strong>sunt</strong></span> <span class='ocrx_word' id='word_1_116' title='bbox 432 1557 570 1620; x_wconf 88' lang='lat' dir='ltr'><strong>semper</strong></span> <span class='ocrx_word' id='word_1_117' title='bbox 590 1541 805 1620; x_wconf 88' lang='lat' dir='ltr'><strong>obstrepere,</strong></span> <span class='ocrx_word' id='word_1_118' title='bbox 827 1541 888 1622; x_wconf 90' lang='lat' dir='ltr'><strong>qui</strong></span> <span class='ocrx_word' id='word_1_119' title='bbox 906 1551 941 1604; x_wconf 92' lang='lat' dir='ltr'><strong>et</strong></span> <span class='ocrx_word' id='word_1_120' title='bbox 959 1558 1054 1605; x_wconf 92' lang='lat' dir='ltr'><strong>nunc</strong></span> <span class='ocrx_word' id='word_1_121' title='bbox 1068 1541 1130 1605; x_wconf 90' lang='lat' dir='ltr'><strong>uix</strong></span> <span class='ocrx_word' id='word_1_122' title='bbox 1146 1560 1166 1604; x_wconf 90' lang='lat' dir='ltr'><strong>a</strong></span> <span class='ocrx_word' id='word_1_123' title='bbox 1183 1540 1341 1605; x_wconf 88' lang='lat' dir='ltr'><strong>maledi·-</strong></span> 
     </span>
     <span class='ocr_line' id='line_1_15' title="bbox 96 1646 1333 1729; baseline 0.001 -19"><span class='ocrx_word' id='word_1_124' title='bbox 96 1649 164 1710; x_wconf 90' lang='lat' dir='ltr'><strong>ctis</strong></span> <span class='ocrx_word' id='word_1_125' title='bbox 180 1648 365 1719; x_wconf 81' lang='lat' dir='ltr'><strong>abstinent,</strong></span> <span class='ocrx_word' id='word_1_126' title='bbox 383 1648 468 1709; x_wconf 91' lang='lat' dir='ltr'><strong>illud</strong></span> <span class='ocrx_word' id='word_1_127' title='bbox 483 1646 647 1709; x_wconf 91' lang='lat' dir='ltr'><strong>Patribus</strong></span> <span class='ocrx_word' id='word_1_128' title='bbox 662 1648 793 1710; x_wconf 90' lang='lat' dir='ltr'><strong>nostris</strong></span> <span class='ocrx_word' id='word_1_129' title='bbox 808 1648 1026 1724; x_wconf 78' lang='lat' dir='ltr'><strong>obiicienteS,</strong></span> <span class='ocrx_word' id='word_1_130' title='bbox 1041 1648 1137 1727; x_wconf 91' lang='lat' dir='ltr'><strong>quod</strong></span> <span class='ocrx_word' id='word_1_131' title='bbox 1152 1648 1258 1729; x_wconf 90' lang='lat' dir='ltr'><strong>impii</strong></span> <span class='ocrx_word' id='word_1_132' title='bbox 1272 1664 1333 1711; x_wconf 87' lang='lat' dir='ltr'><strong>ne·</strong></span> 
     </span>
     <span class='ocr_line' id='line_1_16' title="bbox 95 1752 1331 1834; baseline 0.002 -18"><span class='ocrx_word' id='word_1_133' title='bbox 95 1754 235 1817; x_wconf 89' lang='lat' dir='ltr'><strong>roniani</strong></span> <span class='ocrx_word' id='word_1_134' title='bbox 250 1754 286 1817; x_wconf 93' lang='lat' dir='ltr'><strong>in</strong></span> <span class='ocrx_word' id='word_1_135' title='bbox 302 1754 411 1816; x_wconf 89' lang='lat' dir='ltr'><strong>Beato</strong></span> <span class='ocrx_word' id='word_1_136' title='bbox 426 1752 530 1816; x_wconf 85' lang='lat' dir='ltr'><strong>Petro</strong></span> <span class='ocrx_word' id='word_1_137' title='bbox 546 1754 793 1832; x_wconf 89' lang='lat' dir='ltr'><strong>concionante,</strong></span> <span class='ocrx_word' id='word_1_138' title='bbox 810 1771 944 1834; x_wconf 85' lang='lat' dir='ltr'><strong>suoque</strong></span> <span class='ocrx_word' id='word_1_139' title='bbox 959 1770 1124 1818; x_wconf 86' lang='lat' dir='ltr'><strong>sermone</strong></span> <span class='ocrx_word' id='word_1_140' title='bbox 1137 1765 1173 1817; x_wconf 91' lang='lat' dir='ltr'><strong>et</strong></span> <span class='ocrx_word' id='word_1_141' title='bbox 1189 1754 1331 1818; x_wconf 91' lang='lat' dir='ltr'><strong>monitu</strong></span> 
     </span>
     <span class='ocr_line' id='line_1_17' title="bbox 95 1858 1332 1944; baseline 0.001 -20"><span class='ocrx_word' id='word_1_142' title='bbox 95 1880 116 1923; x_wconf 87' lang='lat' dir='ltr'><strong>a</strong></span> <span class='ocrx_word' id='word_1_143' title='bbox 132 1861 252 1924; x_wconf 92' lang='lat' dir='ltr'><strong>mundi</strong></span> <span class='ocrx_word' id='word_1_144' title='bbox 267 1860 416 1923; x_wconf 85' lang='lat' dir='ltr'><strong>fallaciis</strong></span> <span class='ocrx_word' id='word_1_145' title='bbox 431 1861 599 1939; x_wconf 80' lang='lat' dir='ltr'><strong>virgines,</strong></span> <span class='ocrx_word' id='word_1_146' title='bbox 615 1860 659 1923; x_wconf 92' lang='lat' dir='ltr'><strong>ad</strong></span> <span class='ocrx_word' id='word_1_147' title='bbox 671 1858 868 1925; x_wconf 86' lang='lat' dir='ltr'><strong>Saluatoris</strong></span> <span class='ocrx_word' id='word_1_148' title='bbox 879 1862 991 1926; x_wconf 89' lang='lat' dir='ltr'><strong>nostri</strong></span> <span class='ocrx_word' id='word_1_149' title='bbox 1005 1862 1090 1944; x_wconf 91' lang='lat' dir='ltr'><strong>Jesu</strong></span> <span class='ocrx_word' id='word_1_150' title='bbox 1102 1859 1215 1925; x_wconf 90' lang='lat' dir='ltr'><strong>Cristi</strong></span> <span class='ocrx_word' id='word_1_151' title='bbox 1226 1860 1332 1925; x_wconf 84' lang='lat' dir='ltr'><strong>fidele</strong></span> 
     </span>
     <span class='ocr_line' id='line_1_18' title="bbox 95 1966 1332 2047; baseline 0.001 -17"><span class='ocrx_word' id='word_1_152' title='bbox 95 1968 300 2047; x_wconf 90' lang='lat' dir='ltr'><strong>obsequium</strong></span> <span class='ocrx_word' id='word_1_153' title='bbox 313 1968 524 2040; x_wconf 87' lang='lat' dir='ltr'><strong>attrahente,</strong></span> <span class='ocrx_word' id='word_1_154' title='bbox 538 1968 829 2031; x_wconf 88' lang='lat' dir='ltr'><strong>criminabantur.</strong></span> <span class='ocrx_word' id='word_1_155' title='bbox 842 1966 976 2031; x_wconf 90' lang='lat' dir='ltr'><strong>Dicunt</strong></span> <span class='ocrx_word' id='word_1_156' title='bbox 985 1969 1080 2032; x_wconf 88' lang='lat' dir='ltr'><strong>enim</strong></span> <span class='ocrx_word' id='word_1_157' title='bbox 1087 1977 1237 2031; x_wconf 87' lang='lat' dir='ltr'><strong>nostros</strong></span> <span class='ocrx_word' id='word_1_158' title='bbox 1247 1984 1332 2031; x_wconf 90' lang='lat' dir='ltr'><strong>con·</strong></span> 
     </span>
     <span class='ocr_line' id='line_1_19' title="bbox 96 2074 1330 2153; baseline 0 -16"><span class='ocrx_word' id='word_1_159' title='bbox 96 2076 299 2153; x_wconf 88' lang='lat' dir='ltr'><strong>iugatorum</strong></span> <span class='ocrx_word' id='word_1_160' title='bbox 322 2084 419 2136; x_wconf 87' lang='lat' dir='ltr'><strong>toros</strong></span> <span class='ocrx_word' id='word_1_161' title='bbox 439 2074 648 2151; x_wconf 89' lang='lat' dir='ltr'><strong>dissoluere,</strong></span> <span class='ocrx_word' id='word_1_162' title='bbox 669 2074 762 2153; x_wconf 89' lang='lat' dir='ltr'><strong>quod</strong></span> <span class='ocrx_word' id='word_1_163' title='bbox 782 2091 906 2137; x_wconf 88' lang='lat' dir='ltr'><strong>uerum</strong></span> <span class='ocrx_word' id='word_1_164' title='bbox 929 2092 974 2138; x_wconf 90' lang='lat' dir='ltr'><strong>ne</strong></span> <span class='ocrx_word' id='word_1_165' title='bbox 994 2074 1105 2137; x_wconf 88' lang='lat' dir='ltr'><strong>sitan</strong></span> <span class='ocrx_word' id='word_1_166' title='bbox 1126 2074 1263 2137; x_wconf 83' lang='lat' dir='ltr'><strong>salsum</strong></span> <span class='ocrx_word' id='word_1_167' title='bbox 1281 2082 1330 2137; x_wconf 88' lang='lat' dir='ltr'><strong>te·</strong></span> 
     </span>
     <span class='ocr_line' id='line_1_20' title="bbox 93 2179 1329 2261; baseline 0.002 -18"><span class='ocrx_word' id='word_1_168' title='bbox 93 2181 158 2244; x_wconf 89' lang='lat' dir='ltr'><strong>stis</strong></span> <span class='ocrx_word' id='word_1_169' title='bbox 177 2190 241 2259; x_wconf 92' lang='lat' dir='ltr'><strong>est,</strong></span> <span class='ocrx_word' id='word_1_170' title='bbox 263 2197 367 2259; x_wconf 87' lang='lat' dir='ltr'><strong>quem</strong></span> <span class='ocrx_word' id='word_1_171' title='bbox 387 2180 472 2242; x_wconf 90' lang='lat' dir='ltr'><strong>nihil</strong></span> <span class='ocrx_word' id='word_1_172' title='bbox 491 2181 601 2243; x_wconf 88' lang='lat' dir='ltr'><strong>latere</strong></span> <span class='ocrx_word' id='word_1_173' title='bbox 621 2190 746 2259; x_wconf 88' lang='lat' dir='ltr'><strong>potest,</strong></span> <span class='ocrx_word' id='word_1_174' title='bbox 768 2180 876 2243; x_wconf 88' lang='lat' dir='ltr'><strong>Deus.</strong></span> <span class='ocrx_word' id='word_1_175' title='bbox 899 2179 973 2244; x_wconf 94' lang='lat' dir='ltr'><strong>Nos</strong></span> <span class='ocrx_word' id='word_1_176' title='bbox 991 2190 1128 2257; x_wconf 89' lang='lat' dir='ltr'><strong>tamen,</strong></span> <span class='ocrx_word' id='word_1_177' title='bbox 1153 2180 1329 2261; x_wconf 85' lang='lat' dir='ltr'><strong>quoniam</strong></span> 
     </span>
     <span class='ocr_line' id='line_1_21' title="bbox 93 2284 1328 2367; baseline 0.001 -17"><span class='ocrx_word' id='word_1_178' title='bbox 93 2304 165 2351; x_wconf 91' lang='lat' dir='ltr'><strong>non</strong></span> <span class='ocrx_word' id='word_1_179' title='bbox 181 2286 311 2349; x_wconf 91' lang='lat' dir='ltr'><strong>mundo</strong></span> <span class='ocrx_word' id='word_1_180' title='bbox 327 2286 390 2349; x_wconf 93' lang='lat' dir='ltr'><strong>sed</strong></span> <span class='ocrx_word' id='word_1_181' title='bbox 413 2286 553 2349; x_wconf 91' lang='lat' dir='ltr'><strong>Christo</strong></span> <span class='ocrx_word' id='word_1_182' title='bbox 568 2287 770 2364; x_wconf 90' lang='lat' dir='ltr'><strong>militamus,</strong></span> <span class='ocrx_word' id='word_1_183' title='bbox 791 2300 964 2367; x_wconf 90' lang='lat' dir='ltr'><strong>quantum</strong></span> <span class='ocrx_word' id='word_1_184' title='bbox 982 2284 1114 2349; x_wconf 91' lang='lat' dir='ltr'><strong>mundo</strong></span> <span class='ocrx_word' id='word_1_185' title='bbox 1133 2287 1252 2351; x_wconf 86' lang='lat' dir='ltr'><strong>simus</strong></span> <span class='ocrx_word' id='word_1_186' title='bbox 1269 2302 1328 2351; x_wconf 82' lang='lat' dir='ltr'><strong>ac·</strong></span> 
     </span>
     <span class='ocr_line' id='line_1_22' title="bbox 93 2391 1328 2475; baseline 0 -18"><span class='ocrx_word' id='word_1_187' title='bbox 93 2395 197 2475; x_wconf 89' lang='lat' dir='ltr'><strong>cepti,</strong></span> <span class='ocrx_word' id='word_1_188' title='bbox 220 2411 291 2456; x_wconf 94' lang='lat' dir='ltr'><strong>non</strong></span> <span class='ocrx_word' id='word_1_189' title='bbox 312 2394 458 2456; x_wconf 92' lang='lat' dir='ltr'><strong>nimium</strong></span> <span class='ocrx_word' id='word_1_190' title='bbox 482 2393 700 2470; x_wconf 87' lang='lat' dir='ltr'><strong>laboramus,</strong></span> <span class='ocrx_word' id='word_1_191' title='bbox 724 2394 755 2456; x_wconf 95' lang='lat' dir='ltr'><strong>si</strong></span> <span class='ocrx_word' id='word_1_192' title='bbox 779 2392 885 2456; x_wconf 92' lang='lat' dir='ltr'><strong>modo</strong></span> <span class='ocrx_word' id='word_1_193' title='bbox 907 2391 984 2456; x_wconf 91' lang='lat' dir='ltr'><strong>Deo</strong></span> <span class='ocrx_word' id='word_1_194' title='bbox 1006 2392 1140 2473; x_wconf 92' lang='lat' dir='ltr'><strong>optimo</strong></span> <span class='ocrx_word' id='word_1_195' title='bbox 1164 2392 1328 2457; x_wconf 81' lang='lat' dir='ltr'><strong>maximo</strong></span> 
     </span>
     <span class='ocr_line' id='line_1_23' title="bbox 91 2498 1332 2582; baseline 0.001 -18"><span class='ocrx_word' id='word_1_196' title='bbox 91 2503 306 2582; x_wconf 79' lang='lat' dir='ltr'><strong>placeamus</strong></span> <span class='ocrx_word' id='word_1_197' title='bbox 333 2499 425 2579; x_wconf 87' lang='lat' dir='ltr'><strong>Quin</strong></span> <span class='ocrx_word' id='word_1_198' title='bbox 440 2509 474 2562; x_wconf 90' lang='lat' dir='ltr'><strong>et</strong></span> <span class='ocrx_word' id='word_1_199' title='bbox 496 2517 540 2562; x_wconf 88' lang='lat' dir='ltr'><strong>ex</strong></span> <span class='ocrx_word' id='word_1_200' title='bbox 564 2500 620 2562; x_wconf 91' lang='lat' dir='ltr'><strong>his</strong></span> <span class='ocrx_word' id='word_1_201' title='bbox 641 2516 711 2562; x_wconf 92' lang='lat' dir='ltr'><strong>non</strong></span> <span class='ocrx_word' id='word_1_202' title='bbox 737 2500 853 2579; x_wconf 90' lang='lat' dir='ltr'><strong>pauci,</strong></span> <span class='ocrx_word' id='word_1_203' title='bbox 874 2510 1062 2580; x_wconf 88' lang='lat' dir='ltr'><strong>perspecta</strong></span> <span class='ocrx_word' id='word_1_204' title='bbox 1079 2498 1134 2561; x_wconf 90' lang='lat' dir='ltr'><strong>rei</strong></span> <span class='ocrx_word' id='word_1_205' title='bbox 1154 2498 1332 2579; x_wconf 75' lang='lat' dir='ltr'><strong>veritate,¹</strong></span> 
     </span>
     <span class='ocr_line' id='line_1_24' title="bbox 91 2602 1327 2686; baseline -0.002 -15"><span class='ocrx_word' id='word_1_206' title='bbox 91 2607 313 2671; x_wconf 90' lang='lat' dir='ltr'><strong>contumeliis</strong></span> <span class='ocrx_word' id='word_1_207' title='bbox 327 2607 397 2669; x_wconf 89' lang='lat' dir='ltr'><strong>iam</strong></span> <span class='ocrx_word' id='word_1_208' title='bbox 416 2604 557 2669; x_wconf 90' lang='lat' dir='ltr'><strong>tandem</strong></span> <span class='ocrx_word' id='word_1_209' title='bbox 576 2604 718 2668; x_wconf 93' lang='lat' dir='ltr'><strong>modum</strong></span> <span class='ocrx_word' id='word_1_210' title='bbox 734 2606 988 2686; x_wconf 90' lang='lat' dir='ltr'><strong>imposuerunt.</strong></span> <span class='ocrx_word' id='word_1_211' title='bbox 1000 2602 1070 2671; x_wconf 89' lang='lat' dir='ltr'><strong>Sed</strong></span> <span class='ocrx_word' id='word_1_212' title='bbox 1080 2603 1167 2685; x_wconf 89' lang='lat' dir='ltr'><strong>quid</strong></span> <span class='ocrx_word' id='word_1_213' title='bbox 1179 2604 1327 2669; x_wconf 87' lang='lat' dir='ltr'><strong>audien·</strong></span> 
     </span>
     <span class='ocr_line' id='line_1_25' title="bbox 90 2710 1325 2795; baseline -0.002 -17"><span class='ocrx_word' id='word_1_214' title='bbox 90 2716 158 2778; x_wconf 85' lang='lat' dir='ltr'><strong>dae</strong></span> <span class='ocrx_word' id='word_1_215' title='bbox 179 2714 298 2795; x_wconf 89' lang='lat' dir='ltr'><strong>populi</strong></span> <span class='ocrx_word' id='word_1_216' title='bbox 318 2730 425 2775; x_wconf 89' lang='lat' dir='ltr'><strong>uoces</strong></span> <span class='ocrx_word' id='word_1_217' title='bbox 445 2731 487 2776; x_wconf 92' lang='lat' dir='ltr'><strong>ac</strong></span> <span class='ocrx_word' id='word_1_218' title='bbox 503 2729 696 2787; x_wconf 89' lang='lat' dir='ltr'><strong>murmura,</strong></span> <span class='ocrx_word' id='word_1_219' title='bbox 718 2712 812 2793; x_wconf 91' lang='lat' dir='ltr'><strong>apud</strong></span> <span class='ocrx_word' id='word_1_220' title='bbox 832 2728 936 2792; x_wconf 87' lang='lat' dir='ltr'><strong>quem</strong></span> <span class='ocrx_word' id='word_1_221' title='bbox 956 2710 1098 2793; x_wconf 90' lang='lat' dir='ltr'><strong>quiduis</strong></span> <span class='ocrx_word' id='word_1_222' title='bbox 1118 2712 1241 2793; x_wconf 87' lang='lat' dir='ltr'><strong>potius</strong></span> <span class='ocrx_word' id='word_1_223' title='bbox 1254 2710 1325 2775; x_wconf 82' lang='lat' dir='ltr'><strong>effi·</strong></span> 
     </span>
     <span class='ocr_line' id='line_1_26' title="bbox 90 2818 1326 2901; baseline -0.004 -15"><span class='ocrx_word' id='word_1_224' title='bbox 90 2821 177 2898; x_wconf 88' lang='lat' dir='ltr'><strong>cias,</strong></span> <span class='ocrx_word' id='word_1_225' title='bbox 194 2839 301 2901; x_wconf 87' lang='lat' dir='ltr'><strong>quam</strong></span> <span class='ocrx_word' id='word_1_226' title='bbox 321 2830 358 2883; x_wconf 93' lang='lat' dir='ltr'><strong>ut</strong></span> <span class='ocrx_word' id='word_1_227' title='bbox 373 2821 450 2884; x_wconf 90' lang='lat' dir='ltr'><strong>eius</strong></span> <span class='ocrx_word' id='word_1_228' title='bbox 464 2820 607 2898; x_wconf 85' lang='lat' dir='ltr'><strong>linguae</strong></span> <span class='ocrx_word' id='word_1_229' title='bbox 621 2819 783 2882; x_wconf 86' lang='lat' dir='ltr'><strong>fraenum</strong></span> <span class='ocrx_word' id='word_1_230' title='bbox 798 2819 975 2899; x_wconf 81' lang='lat' dir='ltr'><strong>imponas?</strong></span> <span class='ocrx_word' id='word_1_231' title='bbox 993 2818 1184 2883; x_wconf 86' lang='lat' dir='ltr'><strong>Caeterum</strong></span> <span class='ocrx_word' id='word_1_232' title='bbox 1198 2834 1268 2883; x_wconf 78' lang='lat' dir='ltr'><strong>noc</strong></span> <span class='ocrx_word' id='word_1_233' title='bbox 1281 2834 1326 2882; x_wconf 83' lang='lat' dir='ltr'><strong>ea</strong></span> 
     </span>
     <span class='ocr_line' id='line_1_27' title="bbox 89 2924 1324 3006; baseline -0.002 -15"><span class='ocrx_word' id='word_1_234' title='bbox 89 2938 142 2991; x_wconf 91' lang='lat' dir='ltr'><strong>est</strong></span> <span class='ocrx_word' id='word_1_235' title='bbox 157 2928 224 2990; x_wconf 89' lang='lat' dir='ltr'><strong>hac</strong></span> <span class='ocrx_word' id='word_1_236' title='bbox 240 2928 282 2989; x_wconf 88' lang='lat' dir='ltr'><strong>de</strong></span> <span class='ocrx_word' id='word_1_237' title='bbox 298 2945 335 2990; x_wconf 90' lang='lat' dir='ltr'><strong>re</strong></span> <span class='ocrx_word' id='word_1_238' title='bbox 350 2926 444 3006; x_wconf 88' lang='lat' dir='ltr'><strong>apud</strong></span> <span class='ocrx_word' id='word_1_239' title='bbox 461 2928 629 3006; x_wconf 89' lang='lat' dir='ltr'><strong>populum</strong></span> <span class='ocrx_word' id='word_1_240' title='bbox 651 2924 757 3002; x_wconf 84' lang='lat' dir='ltr'><strong>sama,</strong></span> <span class='ocrx_word' id='word_1_241' title='bbox 781 2934 818 2988; x_wconf 92' lang='lat' dir='ltr'><strong>ut</strong></span> <span class='ocrx_word' id='word_1_242' title='bbox 832 2927 888 2988; x_wconf 84' lang='lat' dir='ltr'><strong>uel</strong></span> <span class='ocrx_word' id='word_1_243' title='bbox 909 2943 931 2986; x_wconf 90' lang='lat' dir='ltr'><strong>a</strong></span> <span class='ocrx_word' id='word_1_244' title='bbox 946 2924 1049 2988; x_wconf 91' lang='lat' dir='ltr'><strong>nobis</strong></span> <span class='ocrx_word' id='word_1_245' title='bbox 1062 2924 1187 3004; x_wconf 86' lang='lat' dir='ltr'><strong>magni</strong></span> <span class='ocrx_word' id='word_1_246' title='bbox 1202 2924 1324 2989; x_wconf 88' lang='lat' dir='ltr'><strong>existi·</strong></span> 
     </span>
     <span class='ocr_line' id='line_1_28' title="bbox 90 3031 1141 3112; baseline -0.003 -14"><span class='ocrx_word' id='word_1_247' title='bbox 90 3036 179 3098; x_wconf 91' lang='lat' dir='ltr'><strong>mari</strong></span> <span class='ocrx_word' id='word_1_248' title='bbox 195 3035 331 3109; x_wconf 87' lang='lat' dir='ltr'><strong>debeat,</strong></span> <span class='ocrx_word' id='word_1_249' title='bbox 348 3035 403 3095; x_wconf 83' lang='lat' dir='ltr'><strong>uel</strong></span> <span class='ocrx_word' id='word_1_250' title='bbox 419 3034 512 3112; x_wconf 90' lang='lat' dir='ltr'><strong>apud</strong></span> <span class='ocrx_word' id='word_1_251' title='bbox 526 3033 697 3096; x_wconf 92' lang='lat' dir='ltr'><strong>bonorum</strong></span> <span class='ocrx_word' id='word_1_252' title='bbox 714 3042 849 3095; x_wconf 88' lang='lat' dir='ltr'><strong>mentes</strong></span> <span class='ocrx_word' id='word_1_253' title='bbox 866 3031 998 3112; x_wconf 90' lang='lat' dir='ltr'><strong>aliquid</strong></span> <span class='ocrx_word' id='word_1_254' title='bbox 1013 3033 1141 3095; x_wconf 89' lang='lat' dir='ltr'><strong>ualeat.</strong></span> 
     </span>
    </p>

    <p class='ocr_par' dir='ltr' id='par_1_4' title="bbox 80 3138 1336 4393">
     <span class='ocr_line' id='line_1_29' title="bbox 150 3138 1325 3220; baseline 0.001 -18"><span class='ocrx_word' id='word_1_255' title='bbox 150 3141 250 3220; x_wconf 87' lang='lat' dir='ltr'><strong>Quod</strong></span> <span class='ocrx_word' id='word_1_256' title='bbox 267 3152 384 3202; x_wconf 85' lang='lat' dir='ltr'><strong>autem</strong></span> <span class='ocrx_word' id='word_1_257' title='bbox 400 3140 446 3203; x_wconf 93' lang='lat' dir='ltr'><strong>ad</strong></span> <span class='ocrx_word' id='word_1_258' title='bbox 461 3150 582 3202; x_wconf 88' lang='lat' dir='ltr'><strong>nostra</strong></span> <span class='ocrx_word' id='word_1_259' title='bbox 599 3140 749 3218; x_wconf 90' lang='lat' dir='ltr'><strong>pertinet</strong></span> <span class='ocrx_word' id='word_1_260' title='bbox 765 3138 950 3216; x_wconf 80' lang='lat' dir='ltr'><strong>exercitia,</strong></span> <span class='ocrx_word' id='word_1_261' title='bbox 966 3139 1082 3201; x_wconf 93' lang='lat' dir='ltr'><strong>nullus</strong></span> <span class='ocrx_word' id='word_1_262' title='bbox 1103 3148 1169 3216; x_wconf 81' lang='lat' dir='ltr'><strong>est,</strong></span> <span class='ocrx_word' id='word_1_263' title='bbox 1187 3140 1250 3219; x_wconf 90' lang='lat' dir='ltr'><strong>qui</strong></span> <span class='ocrx_word' id='word_1_264' title='bbox 1265 3140 1325 3203; x_wconf 85' lang='lat' dir='ltr'><strong>uel</strong></span> 
     </span>
     <span class='ocr_line' id='line_1_30' title="bbox 90 3243 1324 3325; baseline 0 -14"><span class='ocrx_word' id='word_1_265' title='bbox 90 3248 125 3311; x_wconf 94' lang='lat' dir='ltr'><strong>in</strong></span> <span class='ocrx_word' id='word_1_266' title='bbox 140 3246 420 3310; x_wconf 84' lang='lat' dir='ltr'><strong>confessionibus</strong></span> <span class='ocrx_word' id='word_1_267' title='bbox 435 3245 630 3321; x_wconf 90' lang='lat' dir='ltr'><strong>audiendis,</strong></span> <span class='ocrx_word' id='word_1_268' title='bbox 649 3247 703 3308; x_wconf 93' lang='lat' dir='ltr'><strong>uel</strong></span> <span class='ocrx_word' id='word_1_269' title='bbox 715 3244 926 3308; x_wconf 91' lang='lat' dir='ltr'><strong>lectionibus</strong></span> <span class='ocrx_word' id='word_1_270' title='bbox 941 3243 1231 3325; x_wconf 81' lang='lat' dir='ltr'><strong>interpretandis,</strong></span> <span class='ocrx_word' id='word_1_271' title='bbox 1249 3262 1324 3311; x_wconf 85' lang='lat' dir='ltr'><strong>nou</strong></span> 
     </span>
     <span class='ocr_line' id='line_1_31' title="bbox 87 3350 1324 3433; baseline 0.001 -17"><span class='ocrx_word' id='word_1_272' title='bbox 87 3353 356 3433; x_wconf 88' lang='lat' dir='ltr'><strong>diligentissima</strong></span> <span class='ocrx_word' id='word_1_273' title='bbox 368 3371 454 3416; x_wconf 88' lang='lat' dir='ltr'><strong>cura</strong></span> <span class='ocrx_word' id='word_1_274' title='bbox 467 3352 610 3415; x_wconf 91' lang='lat' dir='ltr'><strong>Domini</strong></span> <span class='ocrx_word' id='word_1_275' title='bbox 621 3355 763 3415; x_wconf 90' lang='lat' dir='ltr'><strong>uineam</strong></span> <span class='ocrx_word' id='word_1_276' title='bbox 775 3353 927 3429; x_wconf 89' lang='lat' dir='ltr'><strong>excolat,</strong></span> <span class='ocrx_word' id='word_1_277' title='bbox 941 3367 1054 3431; x_wconf 90' lang='lat' dir='ltr'><strong>eoque</strong></span> <span class='ocrx_word' id='word_1_278' title='bbox 1065 3368 1158 3414; x_wconf 93' lang='lat' dir='ltr'><strong>nunc</strong></span> <span class='ocrx_word' id='word_1_279' title='bbox 1171 3350 1324 3433; x_wconf 82' lang='lat' dir='ltr'><strong>diligen·</strong></span> 
     </span>
     <span class='ocr_line' id='line_1_32' title="bbox 86 3455 1322 3541; baseline -0.001 -17"><span class='ocrx_word' id='word_1_280' title='bbox 86 3462 179 3539; x_wconf 91' lang='lat' dir='ltr'><strong>tiori,</strong></span> <span class='ocrx_word' id='word_1_281' title='bbox 195 3477 263 3541; x_wconf 95' lang='lat' dir='ltr'><strong>quo</strong></span> <span class='ocrx_word' id='word_1_282' title='bbox 275 3460 387 3523; x_wconf 88' lang='lat' dir='ltr'><strong>maior</strong></span> <span class='ocrx_word' id='word_1_283' title='bbox 399 3470 452 3522; x_wconf 89' lang='lat' dir='ltr'><strong>est</strong></span> <span class='ocrx_word' id='word_1_284' title='bbox 464 3458 705 3522; x_wconf 84' lang='lat' dir='ltr'><strong>confitentium</strong></span> <span class='ocrx_word' id='word_1_285' title='bbox 720 3474 888 3521; x_wconf 90' lang='lat' dir='ltr'><strong>numerus</strong></span> <span class='ocrx_word' id='word_1_286' title='bbox 902 3468 937 3520; x_wconf 91' lang='lat' dir='ltr'><strong>et</strong></span> <span class='ocrx_word' id='word_1_287' title='bbox 948 3455 1167 3520; x_wconf 88' lang='lat' dir='ltr'><strong>studentium</strong></span> <span class='ocrx_word' id='word_1_288' title='bbox 1182 3456 1322 3523; x_wconf 80' lang='lat' dir='ltr'><strong>feruor.</strong></span> 
     </span>
     <span class='ocr_line' id='line_1_33' title="bbox 87 3562 1334 3646; baseline -0.001 -14"><span class='ocrx_word' id='word_1_289' title='bbox 87 3568 304 3633; x_wconf 91' lang='lat' dir='ltr'><strong>Concionum</strong></span> <span class='ocrx_word' id='word_1_290' title='bbox 320 3565 460 3646; x_wconf 89' lang='lat' dir='ltr'><strong>quidem</strong></span> <span class='ocrx_word' id='word_1_291' title='bbox 475 3582 588 3628; x_wconf 91' lang='lat' dir='ltr'><strong>nouus</strong></span> <span class='ocrx_word' id='word_1_292' title='bbox 603 3565 746 3645; x_wconf 91' lang='lat' dir='ltr'><strong>quidam</strong></span> <span class='ocrx_word' id='word_1_293' title='bbox 767 3582 809 3628; x_wconf 86' lang='lat' dir='ltr'><strong>ac</strong></span> <span class='ocrx_word' id='word_1_294' title='bbox 824 3580 934 3644; x_wconf 90' lang='lat' dir='ltr'><strong>prope</strong></span> <span class='ocrx_word' id='word_1_295' title='bbox 952 3562 1133 3627; x_wconf 89' lang='lat' dir='ltr'><strong>inauditus</strong></span> <span class='ocrx_word' id='word_1_296' title='bbox 1154 3562 1193 3627; x_wconf 89' lang='lat' dir='ltr'><strong>in</strong></span> <span class='ocrx_word' id='word_1_297' title='bbox 1213 3564 1334 3631; x_wconf 75' lang='lat' dir='ltr'><strong>huius</strong></span> 
     </span>
     <span class='ocr_line' id='line_1_34' title="bbox 87 3668 1326 3752; baseline 0.001 -14"><span class='ocrx_word' id='word_1_298' title='bbox 87 3675 242 3739; x_wconf 88' lang='lat' dir='ltr'><strong>ciuitatis</strong></span> <span class='ocrx_word' id='word_1_299' title='bbox 257 3672 457 3735; x_wconf 92' lang='lat' dir='ltr'><strong>hominibus</strong></span> <span class='ocrx_word' id='word_1_300' title='bbox 480 3685 628 3752; x_wconf 87' lang='lat' dir='ltr'><strong>apparet</strong></span> <span class='ocrx_word' id='word_1_301' title='bbox 650 3673 796 3735; x_wconf 85' lang='lat' dir='ltr'><strong>fructus.</strong></span> <span class='ocrx_word' id='word_1_302' title='bbox 817 3668 896 3734; x_wconf 92' lang='lat' dir='ltr'><strong>Non</strong></span> <span class='ocrx_word' id='word_1_303' title='bbox 917 3670 1010 3733; x_wconf 90' lang='lat' dir='ltr'><strong>enim</strong></span> <span class='ocrx_word' id='word_1_304' title='bbox 1029 3672 1170 3733; x_wconf 88' lang='lat' dir='ltr'><strong>occulta</strong></span> <span class='ocrx_word' id='word_1_305' title='bbox 1194 3672 1326 3739; x_wconf 85' lang='lat' dir='ltr'><strong>obscu-</strong></span> 
     </span>
     <span class='ocr_line' id='line_1_35' title="bbox 85 3777 1334 3862; baseline 0 -17"><span class='ocrx_word' id='word_1_306' title='bbox 85 3799 195 3860; x_wconf 89' lang='lat' dir='ltr'><strong>raque</strong></span> <span class='ocrx_word' id='word_1_307' title='bbox 212 3798 311 3857; x_wconf 89' lang='lat' dir='ltr'><strong>uoce,</strong></span> <span class='ocrx_word' id='word_1_308' title='bbox 328 3780 389 3843; x_wconf 90' lang='lat' dir='ltr'><strong>sed</strong></span> <span class='ocrx_word' id='word_1_309' title='bbox 414 3782 542 3859; x_wconf 89' lang='lat' dir='ltr'><strong>palam,</strong></span> <span class='ocrx_word' id='word_1_310' title='bbox 559 3778 770 3842; x_wconf 86' lang='lat' dir='ltr'><strong>confitentur</strong></span> <span class='ocrx_word' id='word_1_311' title='bbox 785 3795 919 3855; x_wconf 89' lang='lat' dir='ltr'><strong>omnes,</strong></span> <span class='ocrx_word' id='word_1_312' title='bbox 935 3777 980 3841; x_wconf 88' lang='lat' dir='ltr'><strong>ab</strong></span> <span class='ocrx_word' id='word_1_313' title='bbox 1000 3794 1043 3841; x_wconf 93' lang='lat' dir='ltr'><strong>eo</strong></span> <span class='ocrx_word' id='word_1_314' title='bbox 1057 3786 1234 3859; x_wconf 87' lang='lat' dir='ltr'><strong>tempore,</strong></span> <span class='ocrx_word' id='word_1_315' title='bbox 1250 3796 1334 3862; x_wconf 89' lang='lat' dir='ltr'><strong>quo·</strong></span> 
     </span>
     <span class='ocr_line' id='line_1_36' title="bbox 83 3883 1329 3965; baseline 0.002 -15"><span class='ocrx_word' id='word_1_316' title='bbox 83 3888 194 3950; x_wconf 89' lang='lat' dir='ltr'><strong>nostri</strong></span> <span class='ocrx_word' id='word_1_317' title='bbox 211 3888 279 3950; x_wconf 91' lang='lat' dir='ltr'><strong>huc</strong></span> <span class='ocrx_word' id='word_1_318' title='bbox 295 3887 544 3961; x_wconf 89' lang='lat' dir='ltr'><strong>aduentarunt,</strong></span> <span class='ocrx_word' id='word_1_319' title='bbox 566 3902 676 3965; x_wconf 90' lang='lat' dir='ltr'><strong>usque</strong></span> <span class='ocrx_word' id='word_1_320' title='bbox 690 3883 780 3947; x_wconf 87' lang='lat' dir='ltr'><strong>adeo</strong></span> <span class='ocrx_word' id='word_1_321' title='bbox 796 3894 985 3963; x_wconf 89' lang='lat' dir='ltr'><strong>corruptos</strong></span> <span class='ocrx_word' id='word_1_322' title='bbox 999 3883 1186 3949; x_wconf 89' lang='lat' dir='ltr'><strong>bominum</strong></span> <span class='ocrx_word' id='word_1_323' title='bbox 1200 3902 1329 3953; x_wconf 69' lang='lat' dir='ltr'><strong>mores</strong></span> 
     </span>
     <span class='ocr_line' id='line_1_37' title="bbox 83 3988 1326 4070; baseline 0.002 -13"><span class='ocrx_word' id='word_1_324' title='bbox 83 3995 119 4057; x_wconf 94' lang='lat' dir='ltr'><strong>in</strong></span> <span class='ocrx_word' id='word_1_325' title='bbox 134 3995 297 4057; x_wconf 92' lang='lat' dir='ltr'><strong>meliores</strong></span> <span class='ocrx_word' id='word_1_326' title='bbox 314 3992 420 4056; x_wconf 85' lang='lat' dir='ltr'><strong>luisse</strong></span> <span class='ocrx_word' id='word_1_327' title='bbox 440 4008 643 4067; x_wconf 69' lang='lat' dir='ltr'><strong>conuersos</strong></span> <span class='ocrx_word' id='word_1_328' title='bbox 668 4000 705 4054; x_wconf 92' lang='lat' dir='ltr'><strong>ut</strong></span> <span class='ocrx_word' id='word_1_329' title='bbox 727 3991 816 4053; x_wconf 88' lang='lat' dir='ltr'><strong>haec</strong></span> <span class='ocrx_word' id='word_1_330' title='bbox 836 3990 975 4068; x_wconf 70' lang='lat' dir='ltr'><strong>ciuitas</strong></span> <span class='ocrx_word' id='word_1_331' title='bbox 996 4005 1087 4070; x_wconf 88' lang='lat' dir='ltr'><strong>quae</strong></span> <span class='ocrx_word' id='word_1_332' title='bbox 1107 3988 1197 4055; x_wconf 91' lang='lat' dir='ltr'><strong>olim</strong></span> <span class='ocrx_word' id='word_1_333' title='bbox 1211 3992 1326 4059; x_wconf 88' lang='lat' dir='ltr'><strong>latro·</strong></span> 
     </span>
     <span class='ocr_line' id='line_1_38' title="bbox 81 4095 1336 4179; baseline 0.003 -16"><span class='ocrx_word' id='word_1_334' title='bbox 81 4118 165 4163; x_wconf 91' lang='lat' dir='ltr'><strong>num</strong></span> <span class='ocrx_word' id='word_1_335' title='bbox 181 4110 216 4162; x_wconf 91' lang='lat' dir='ltr'><strong>et</strong></span> <span class='ocrx_word' id='word_1_336' title='bbox 230 4099 448 4179; x_wconf 89' lang='lat' dir='ltr'><strong>praedonum</strong></span> <span class='ocrx_word' id='word_1_337' title='bbox 459 4098 722 4176; x_wconf 89' lang='lat' dir='ltr'><strong>receptaculum</strong></span> <span class='ocrx_word' id='word_1_338' title='bbox 733 4106 837 4176; x_wconf 90' lang='lat' dir='ltr'><strong>esset,</strong></span> <span class='ocrx_word' id='word_1_339' title='bbox 850 4095 1087 4175; x_wconf 83' lang='lat' dir='ltr'><strong>frequentium</strong></span> <span class='ocrx_word' id='word_1_340' title='bbox 1096 4096 1336 4167; x_wconf 83' lang='lat' dir='ltr'><strong>concionum</strong></span> 
     </span>
     <span class='ocr_line' id='line_1_39' title="bbox 80 4202 1327 4286; baseline -0.002 -14"><span class='ocrx_word' id='word_1_341' title='bbox 80 4207 261 4283; x_wconf 86' lang='lat' dir='ltr'><strong>beneficio,</strong></span> <span class='ocrx_word' id='word_1_342' title='bbox 279 4206 421 4286; x_wconf 90' lang='lat' dir='ltr'><strong>pietatis</strong></span> <span class='ocrx_word' id='word_1_343' title='bbox 435 4215 470 4268; x_wconf 91' lang='lat' dir='ltr'><strong>et</strong></span> <span class='ocrx_word' id='word_1_344' title='bbox 485 4204 665 4284; x_wconf 85' lang='lat' dir='ltr'><strong>religionis</strong></span> <span class='ocrx_word' id='word_1_345' title='bbox 681 4214 817 4267; x_wconf 91' lang='lat' dir='ltr'><strong>tantum</strong></span> <span class='ocrx_word' id='word_1_346' title='bbox 832 4220 926 4266; x_wconf 91' lang='lat' dir='ltr'><strong>nunc</strong></span> <span class='ocrx_word' id='word_1_347' title='bbox 945 4202 1083 4267; x_wconf 85' lang='lat' dir='ltr'><strong>emittat</strong></span> <span class='ocrx_word' id='word_1_348' title='bbox 1098 4202 1267 4286; x_wconf 85' lang='lat' dir='ltr'><strong>odorem,</strong></span> <span class='ocrx_word' id='word_1_349' title='bbox 1283 4216 1327 4273; x_wconf 88' lang='lat' dir='ltr'><strong>ut</strong></span> 
     </span>
     <span class='ocr_line' id='line_1_40' title="bbox 80 4308 1330 4393; baseline 0.002 -16"><span class='ocrx_word' id='word_1_350' title='bbox 80 4315 189 4393; x_wconf 91' lang='lat' dir='ltr'><strong>uulgo</strong></span> <span class='ocrx_word' id='word_1_351' title='bbox 207 4314 313 4393; x_wconf 88' lang='lat' dir='ltr'><strong>(quod</strong></span> <span class='ocrx_word' id='word_1_352' title='bbox 329 4323 362 4375; x_wconf 88' lang='lat' dir='ltr'><strong>et</strong></span> <span class='ocrx_word' id='word_1_353' title='bbox 379 4313 453 4392; x_wconf 89' lang='lat' dir='ltr'><strong>ipse</strong></span> <span class='ocrx_word' id='word_1_354' title='bbox 469 4329 575 4390; x_wconf 86' lang='lat' dir='ltr'><strong>saepe</strong></span> <span class='ocrx_word' id='word_1_355' title='bbox 590 4311 723 4386; x_wconf 87' lang='lat' dir='ltr'><strong>audiui)</strong></span> <span class='ocrx_word' id='word_1_356' title='bbox 744 4321 870 4374; x_wconf 86' lang='lat' dir='ltr'><strong>sancta</strong></span> <span class='ocrx_word' id='word_1_357' title='bbox 891 4316 1116 4390; x_wconf 87' lang='lat' dir='ltr'><strong>nuncupetur</strong></span> <span class='ocrx_word' id='word_1_358' title='bbox 1130 4308 1330 4383; x_wconf 79' lang='lat' dir='ltr'><strong>Messana.</strong></span> 
     </span>
    </p>
   </div>
   <div class='ocr_carea' id='block_1_3' title="bbox 0 0 1610 5392">
    <p class='ocr_par' dir='ltr' id='par_1_5' title="bbox 0 0 1610 5392">
     <span class='ocr_line' id='line_1_41' title="bbox 0 0 1610 5392; baseline 0 8"><span class='ocrx_word' id='word_1_359' title='bbox 0 0 1610 5392; x_wconf 95' lang='lat' dir='ltr'><strong> </strong></span> 
     </span>
    </p>
   </div>
  </div>
 </body>
</html>
