3210 5392
730 109 794 165 ΑΝ,
816 108 886 167 1555
1374 112 1427 170 437

197 245 400 330 Complures
413 255 468 318 sui
483 254 649 318 audiendi
674 254 851 317 studiosos
876 265 995 334 posset
1021 255 1056 317 in
1081 256 1185 318 rebus
1211 256 1339 319 diuinis
1354 257 1428 320 suis

194 353 430 424 concionibus
444 360 596 424 erudire.

272 460 361 531 Haec
372 468 502 547 omnia,
516 467 557 532 R.
570 468 621 547 P,
636 478 735 532 tanta
743 469 915 532 breuitate
924 469 1094 548 percurri,
1107 469 1267 533 iudicans
1276 488 1346 533 non
1355 482 1428 534 tam

183 570 362 637 1¹ostrum
376 591 481 655 quam
495 576 646 639 aliorum
663 592 789 638 munus
804 592 881 637 esse
896 574 940 638 iis
954 575 998 638 de
1011 576 1116 638 rebus
1135 585 1168 639 te
1184 575 1332 640 reddere
1355 595 1426 639 cer-

179 665 340 744 tiorem.
356 680 474 760 Quare
489 694 527 745 ut
539 682 584 745 ad
596 682 643 758 id,
656 682 749 762 quod
760 693 919 745 nostrum
929 682 1044 761 magis
1055 692 1119 759 est,
1133 700 1332 746 sermonem
1345 701 1426 746 con-

177 787 352 863 vertam,
368 786 491 852 Patres
507 789 610 852 huius
626 786 809 851 Valentini
822 786 971 866 Collegii
980 789 1119 852 duobus
1133 789 1355 869 potissimum
1366 791 1428 853 mi·

174 885 355 956 nisteriis
375 905 606 975 occupantur:
629 895 780 958 alterum
805 904 858 958 est
881 894 1046 957 assiduus
1070 894 1325 960 audiendarum
1347 914 1427 959 con·

178 988 390 1064 sessionum
406 1000 672 1081 indefessusque
691 1002 802 1079 labor,
827 1003 978 1064 alterum
998 1000 1149 1081 diligens
1171 1018 1257 1065 cura
1278 1002 1428 1066 docendi

177 1113 329 1176 pueros
344 1108 577 1171 christianam
597 1108 806 1171 doctrinam.
833 1107 888 1170 De
912 1108 1194 1171 confessionibus
1219 1109 1333 1188 primo
1349 1110 1428 1172 loco

182 1204 328 1289 dicam
344 1215 389 1278 ad
405 1215 605 1278 doctrinam
621 1213 759 1292 deinde,
781 1214 953 1278 adiutrice
974 1214 1094 1278 diuina
1109 1215 1238 1294 gratia,
1262 1214 1427 1278 deuentu·

185 1329 277 1382 rus:
285 1321 387 1384 tertio
398 1323 478 1385 loco
487 1321 531 1384 de
542 1322 746 1385 domesticis
757 1321 1071 1385 exercitationibus
1079 1338 1194 1401 pauca
1202 1322 1427 1401 subiungam.

264 1427 424 1505 Fructus
440 1428 501 1508 qui
515 1445 561 1492 ex
576 1427 868 1506 confessionibus
886 1444 975 1507 quas
990 1429 1106 1491 nostri
1122 1427 1247 1491 Patres
1267 1427 1427 1503 audiunt,

192 1544 378 1609 emanant,
406 1535 573 1599 uberrimi
598 1545 681 1597 sunt
700 1544 806 1615 atque
829 1534 1049 1614 multiplices
1077 1533 1178 1611 Nam,
1206 1544 1244 1597 ut
1268 1537 1430 1599 omittam

194 1640 452 1721 complurimos
466 1660 512 1705 ex
525 1641 659 1705 eisdem
673 1640 952 1705 confessionibus
968 1641 1088 1707 induci
1100 1651 1147 1720 ut,
1165 1641 1196 1705 si
1210 1641 1337 1705 crebro
1348 1659 1427 1721 pec·

198 1754 284 1810 cam
307 1747 467 1812 confiteri
492 1748 684 1828 coeperint,
701 1749 737 1811 in
752 1748 877 1812 eodem
890 1747 984 1810 bono
1002 1757 1127 1828 coepto
1138 1757 1377 1827 perseuerent,
1395 1758 1429 1811 et

199 1849 232 1912 si
249 1871 315 1917 non
331 1855 513 1936 coeperint
529 1856 711 1935 incipiant;
728 1856 837 1918 multa
854 1873 899 1918 ex
920 1855 1201 1918 confessionibus
1222 1855 1428 1919 oboriuntur

201 1961 355 2035 quotidie
368 1962 475 2039 bona,
491 1978 581 2042 quae
596 1964 744 2026 multum
765 1962 982 2026 audientium
1006 1962 1145 2024 animos
1164 1959 1377 2040 exhilarant,
1399 1962 1429 2024 si

202 2068 316 2141 quiea
331 2068 479 2133 audiunt
497 2069 522 2132 ii
537 2070 618 2144 sint,
635 2069 696 2150 qui
705 2069 859 2149 gloriam
872 2068 1014 2132 diuinae
1030 2068 1227 2132 maiestatis
1241 2069 1379 2133 cunctis
1393 2070 1429 2132 in

203 2172 307 2239 rebus
319 2185 502 2256 exoptant,
518 2176 713 2256 eodemque
734 2175 923 2254 desyderio
944 2176 1051 2239 tracti
1072 2175 1317 2254 proximorum
1338 2177 1429 2239 salu·

203 2280 320 2345 temet
333 2283 531 2363 profectum
545 2301 567 2345 a
582 2282 659 2345 Deo
678 2283 880 2362 frequenter
898 2292 1106 2362 exposcunt:
1129 2293 1174 2359 et,
1199 2292 1236 2344 ut
1255 2283 1327 2346 iam
1346 2284 1427 2346 inci·

203 2383 307 2467 piam,
319 2391 424 2453 bomo
436 2388 581 2470 quidam
588 2400 738 2452 mortem
752 2388 881 2453 inferre
893 2389 959 2452 sibi
971 2389 1121 2468 parabat
1133 2398 1324 2469 propterea
1336 2391 1429 2470 quod

203 2503 276 2558 non
297 2480 466 2577 prospere
490 2512 604 2576 neque
618 2513 664 2559 ex
688 2497 797 2560 animi
823 2494 998 2558 sententia
1023 2496 1198 2575 quaedam
1223 2498 1375 2575 negocia
1396 2499 1429 2560 ei

203 2606 457 2681 successerant,
473 2612 512 2666 ut
527 2604 582 2665 uel
597 2603 652 2667 sui
666 2603 810 2666 interitu
826 2613 924 2666 tanto
940 2602 1067 2678 dolori,
1092 2619 1195 2681 quem
1216 2620 1261 2666 ex
1282 2602 1428 2667 infortu-

203 2703 267 2770 nio
279 2719 499 2790 conceperat,
520 2709 731 2787 mederetur,
754 2719 788 2773 et
808 2709 989 2773 minimam
1008 2709 1235 2789 supellectilis
1254 2709 1428 2776 iacturam

203 2814 340 2879 animae
354 2817 464 2881 multo
480 2816 607 2880 maiori
630 2816 768 2879 iactura
789 2827 1050 2896 compensaret.
1073 2815 1235 2896 Quadam
1253 2833 1339 2897 ergo
1359 2818 1427 2897 die,

202 2923 424 2988 commodam
438 2933 564 2987 nactus
580 2924 816 3001 occasionem,
840 2940 879 2986 se
893 2924 1021 3002 laqueo
1036 2922 1233 3003 suspendit.
1249 2921 1319 2988 Sed
1333 2925 1429 3006 pien-

201 3020 356 3094 tissimus
367 3029 466 3094 Deus
480 3030 642 3111 pereunti
662 3030 794 3094 homini
810 3039 952 3111 praesto
967 3029 1045 3104 fuit,
1063 3047 1225 3110 eumque,
1242 3031 1323 3095 licet
1342 3032 1428 3096 indi-

203 3139 310 3205 gnum
325 3136 496 3201 beneficio
509 3146 620 3215 tanto,
637 3137 795 3201 seruauit
810 3137 1034 3214 incolumem;
1051 3153 1132 3198 nam
1148 3154 1230 3200 cum
1244 3138 1335 3202 alius
1349 3157 1428 3202 eum

204 3233 358 3323 uidisset,
375 3243 562 3307 confestim
576 3244 743 3321 accurrit,
761 3256 795 3307 et
811 3243 882 3306 iam
901 3244 974 3306 fere
1001 3243 1210 3306 morientem
1233 3263 1253 3307 a
1270 3247 1430 3325 corporis

206 3347 251 3403 et
264 3349 390 3413 animae
403 3360 519 3414 morte
533 3351 637 3413 simul
652 3350 791 3430 eripuit.
809 3348 878 3413 Sed
894 3365 975 3413 cum
998 3348 1132 3413 factum
1145 3350 1212 3413 hoc
1230 3350 1429 3432 diuulgare-

208 3449 540 3529 tur,tantasuithie
567 3457 672 3521 homo
698 3455 847 3520 affectus
873 3455 1027 3532 tristitia,
1052 3466 1089 3518 ut
1115 3469 1264 3519 mortem
1289 3471 1431 3538 putaret

211 3551 394 3644 uitatonge
408 3562 662 3640 iucundiorem,
680 3581 750 3643 qua
764 3562 929 3642 opinione
944 3562 1135 3627 falsissima
1145 3564 1323 3643 deceptus,
1335 3565 1430 3644 quod

215 3654 391 3734 iamsemel
402 3679 653 3746 attentauerat,
669 3670 808 3733 uolebat
825 3670 1019 3749 perducere
1033 3669 1078 3732 ad
1090 3668 1194 3732 finem
1206 3686 1326 3748 usque.
1341 3670 1428 3734 Cum

222 3767 346 3844 quidam
359 3795 379 3840 e
391 3777 524 3841 nostris
538 3777 699 3856 patribus
717 3777 786 3840 hac
801 3776 844 3839 de
860 3794 898 3839 re
913 3777 1045 3840 certior
1068 3774 1178 3854 fieret,
1194 3775 1379 3840 confestim
1394 3779 1430 3839 in

226 3866 359 3944 hominis
371 3883 475 3948 huius
489 3883 633 3947 domum
647 3900 686 3946 se
701 3884 848 3960 confert,
864 3883 1044 3945 hominem
1065 3883 1265 3962 alloquitur,
1282 3885 1429 3960 solatur,

232 3981 460 4054 walessionem
483 3989 619 4067 suadet,
645 3989 870 4053 confitentem
881 3990 995 4065 audit,
1023 4005 1065 4051 ac
1091 3988 1241 4068 denique
1264 3988 1367 4068 facit,
1393 4002 1431 4053 ut

237 4095 452 4172 nequeprioris
460 4096 631 4174 iacturae,
643 4113 756 4176 neque
765 4095 979 4175 ignominiae
987 4096 1057 4160 iam
1068 4096 1327 4174 recordaretur,
1342 4097 1431 4163 adeo

242 4195 357 4267 licam
371 4214 473 4267 antea
498 4203 683 4267 cuiusdam
705 4203 851 4268 cellulae
872 4203 994 4265 limina
1014 4220 1084 4266 uon
1106 4204 1231 4266 fuisset
1252 4220 1431 4283 egressus,

243 4304 494 4390 necquemquam
506 4310 636 4390 alloqui
647 4327 733 4389 prae
745 4309 854 4373 nimio
866 4307 1000 4389 pudore
1011 4309 1135 4372 fuisset
1148 4327 1266 4388 ausus
1283 4311 1339 4374 die
1353 4329 1432 4392 pro-
