3210 5392
184 384 240 440 274
560 382 731 441 erraaar.
748 400 1020 452 Quaonttrnsraas

184 537 297 605 gerat.
326 526 419 605 Quid
433 544 519 607 ergo
533 526 666 589 factum
681 529 753 590 est?
769 527 939 591 Confessa
960 529 1104 592 taudem
1119 529 1180 592 uni
1199 546 1219 592 e
1238 530 1416 610 patribus,

186 634 275 696 adeo
287 642 440 696 mentem
455 635 491 696 in
507 634 632 696 melius
646 636 888 714 commutauit,
906 645 944 698 ut
958 653 1027 715 quo
1044 645 1150 699 antea
1167 653 1232 715 spe
1246 647 1344 699 esset
1360 636 1418 700 de-

183 740 319 818 iectior,
340 758 382 802 eo
402 741 550 803 nuncin
571 739 724 803 Domino
745 741 916 818 stabilior,
938 753 971 805 et
992 743 1028 805 in
1052 759 1152 822 spem
1175 742 1322 806 diuinae
1347 744 1419 807 cle·

186 847 339 910 mentiae
354 847 469 926 magis
487 847 532 910 sit
554 858 685 923 erecta,
707 859 829 927 estque
844 848 915 910 iam
937 849 973 910 in
996 865 1118 911 earum
1140 866 1304 927 numero,
1326 866 1420 930 quae

186 955 376 1035 praecipue
391 953 621 1016 confessionis
641 964 675 1016 et
696 970 822 1018 sacrae
839 954 1086 1018 Eucharistiae
1101 966 1333 1019 sacramenta
1353 957 1419 1020 sre-

183 1070 366 1140 quentant.
383 1059 496 1139 Quam
512 1077 599 1123 uero
611 1061 710 1123 multi
725 1060 866 1138 fuerint,
879 1060 939 1141 qui
951 1062 1086 1124 alienas
1101 1078 1233 1125 uxores
1247 1062 1310 1125 diu
1322 1061 1421 1127 domi

184 1178 341 1230 retentas
355 1166 574 1244 dimiserunt,
591 1167 730 1231 silentio
746 1178 942 1247 praetereo;
958 1168 1139 1231 nonenim
1158 1168 1216 1232 hic
1233 1186 1276 1231 ea
1299 1168 1418 1234 dicen·

184 1273 241 1351 da,
258 1275 385 1353 quibus
400 1274 528 1336 similia
543 1274 632 1336 alias
647 1275 719 1336 iam
734 1275 866 1354 scripta
888 1282 981 1337 sunt.
1002 1273 1255 1339 Confessiones
1275 1292 1418 1357 quoque

181 1382 370 1460 generales
385 1382 575 1444 multorum
591 1391 671 1443 sunt
687 1380 839 1443 auditae:
857 1400 901 1443 ex
916 1398 986 1461 quo
998 1381 1035 1443 fit
1046 1393 1084 1443 ut
1096 1398 1141 1444 ex
1152 1380 1337 1460 religiosis
1346 1400 1417 1446 non

184 1506 329 1569 paucoS,
346 1497 381 1550 et
396 1487 549 1565 feruore,
567 1498 602 1550 et
617 1488 757 1568 pietatis
772 1487 900 1564 studi0,
918 1489 1023 1566 longe
1038 1497 1118 1568 post
1137 1505 1176 1550 se
1196 1488 1415 1569 relinquant.

184 1593 392 1658 Praeteritis
406 1594 504 1657 hisce
520 1595 710 1672 mensibus,
727 1594 965 1675 quadraginta
980 1595 1149 1658 horarum
1164 1605 1248 1658 acta
1266 1604 1325 1659 est
1339 1613 1417 1659 ora-

183 1702 245 1780 tio,
263 1702 307 1765 ad
325 1718 429 1782 quam
441 1709 540 1764 tanta
556 1700 725 1764 confluxit
740 1702 854 1778 turba,
872 1711 920 1779 ut,
939 1702 1101 1781 quamuis
1115 1702 1151 1764 in
1166 1702 1332 1782 singulas
1346 1704 1419 1785 qui·

183 1826 253 1889 que
269 1808 448 1870 distributi
466 1817 584 1870 essent
607 1808 728 1885 horas,
748 1808 926 1871 nonnullis
948 1819 1067 1871 tamen
1088 1807 1159 1871 diei
1179 1809 1346 1888 partibus
1365 1810 1419 1889 (ut

182 1915 280 1977 hisce
295 1931 363 1994 ego
378 1916 454 1994 ipse
468 1914 579 1977 oculis
591 1914 674 1991 uidi)
690 1915 800 1992 multi,
818 1914 948 1978 referto
965 1914 1036 1977 iam
1048 1915 1190 1996 templo,
1206 1924 1312 1979 extra
1323 1915 1419 1980 fores

182 2032 396 2100 cogerentur
411 2021 546 2084 tamdiu
561 2038 716 2099 manere,
733 2021 846 2083 donec
861 2022 922 2101 qui
937 2021 1090 2101 ingressi
1104 2021 1203 2101 prius
1218 2033 1324 2086 erant
1339 2040 1416 2087 ora·

182 2129 264 2206 turi,
280 2129 441 2191 absoluta
455 2128 556 2205 hora,
572 2128 838 2206 egrederentur.
856 2127 959 2191 Vnde
979 2127 1075 2191 fama
1090 2138 1155 2207 est,
1172 2145 1217 2191 ex
1232 2145 1305 2208 quo
1330 2129 1419 2194 haec

181 2245 235 2298 est
251 2244 331 2298 acta
347 2235 472 2311 oratio,
498 2235 705 2298 notissimae
726 2235 918 2314 impietatis
937 2234 1110 2316 quosdam
1130 2235 1228 2299 uiros
1248 2234 1330 2299 Deo
1350 2236 1417 2300 fer·

182 2351 306 2404 uenter
321 2342 537 2405 adhaesisse.
553 2342 645 2405 Hinc
660 2343 767 2405 etiam
783 2343 936 2405 arbitror
951 2342 1027 2407 fieri
1039 2351 1162 2406 uttam
1174 2344 1279 2407 multi
1294 2344 1344 2408 ad
1354 2362 1415 2408 no·

182 2460 294 2511 stram
309 2449 465 2528 aspirent
480 2447 704 2527 Societatem,
721 2450 880 2528 virgines
895 2466 1033 2530 quoque
1044 2451 1235 2513 nonnullae
1247 2451 1419 2531 religioni

181 2574 220 2618 se
235 2555 454 2634 deuouerint,
471 2565 505 2618 et
522 2556 665 2635 quidam
679 2556 738 2618 alii
753 2557 953 2636 spiritualia
973 2556 1142 2620 exercitia
1163 2557 1293 2621 deuote
1316 2574 1415 2622 acce·

183 2663 308 2742 perint.
326 2662 443 2741 Atque
458 2662 547 2725 haec
563 2662 606 2724 de
621 2664 741 2742 templi
757 2663 932 2743 spirituali
947 2662 1119 2743 profectu.

242 2768 353 2832 Porro
374 2770 409 2831 in
430 2768 586 2848 Collegio
608 2780 730 2832 nostro
754 2779 789 2832 et
802 2770 925 2832 schola
949 2769 1035 2832 nihil
1062 2780 1115 2832 est
1141 2769 1224 2832 noui
1253 2772 1417 2835 omnino.

184 2875 301 2939 Vnum
323 2887 440 2938 tamen
456 2876 541 2938 illud
556 2885 621 2951 est,
643 2875 737 2955 quod
756 2874 1021 2951 admoneamus
1044 2876 1078 2938 in
1094 2876 1295 2940 studiorum
1314 2878 1418 2943 initio

180 2984 322 3046 habitas
337 3000 414 3045 csse
430 2984 519 3045 duas
540 2983 719 3045 orationes
740 2983 885 3061 latinas;
909 3000 1035 3045 uersus
1056 2999 1195 3063 quoque
1216 2993 1294 3047 tum
1314 3002 1417 3065 grae·

181 3107 254 3166 cos,
271 3101 346 3152 tum
361 3091 489 3152 latinos
504 3090 688 3165 recitatos;
710 3106 780 3151 non
802 3099 920 3152 tamen
941 3089 1180 3152 adomesticis
1200 3089 1251 3168 (ut
1271 3092 1417 3155 solitum

180 3207 257 3258 crat
275 3195 361 3261 fierit
378 3196 440 3258 sed
456 3197 499 3258 ab
515 3196 672 3258 externis
685 3196 917 3272 studentibus,
935 3195 1031 3275 quod
1046 3194 1211 3274 Proregi,
1234 3198 1296 3277 qui
1315 3214 1416 3278 prae·

180 3320 263 3364 sens
282 3303 416 3377 aderat,
434 3314 467 3364 et
484 3302 699 3381 parentibus
717 3302 776 3381 qui
793 3301 881 3364 filios
899 3302 1059 3381 audituri=
1071 3312 1314 3383 accesserant,
1335 3321 1416 3383 gra-

180 3423 255 3471 tum
271 3408 461 3471 admodum
475 3407 584 3471 fuisse
599 3409 847 3484 intelleximus
861 3408 956 3488 quod
966 3408 1119 3471 uiderint
1132 3409 1181 3471 illi
1193 3420 1368 3489 quantum
1379 3412 1416 3476 in

181 3515 306 3578 studiis
322 3515 421 3577 liberi
437 3516 708 3595 promouissent.

240 3620 309 3684 Sed
324 3622 492 3701 quoniam
507 3622 654 3684 uerbum
670 3620 736 3684 Dei
753 3623 789 3684 in
811 3622 1028 3685 monasteria
1047 3639 1188 3701 quoque
1204 3624 1312 3704 longe
1327 3626 1409 3688 late·

180 3746 247 3808 quc
262 3728 462 3791 extenditur
478 3728 528 3807 (ut
549 3739 582 3791 ct
598 3738 702 3790 antea
717 3727 792 3790 fieri
807 3729 949 3791 solitum
964 3728 1113 3806 erat),·si
1128 3728 1214 3809 quid
1229 3728 1266 3793 in
1282 3732 1339 3795 his
1355 3750 1414 3795 no

181 3835 323 3898 uissime
344 3835 524 3911 acciderit,
550 3835 689 3898 omissis
708 3836 778 3913 his,
807 3852 897 3915 quae
924 3834 1013 3897 alias
1039 3833 1146 3898 Rev.²
1171 3847 1233 3899 tua
1259 3838 1408 3919 audiuit,

179 3942 279 4004 breui
293 3940 465 4004 relatione
481 3941 691 4021 aperiemus,
710 3941 873 4020 Quodam
894 3941 1096 4021 nuperrime
1112 3959 1156 4005 ex
1178 3944 1314 4008 nostris
1333 3963 1413 4009 con·

179 4049 357 4127 cionante,
376 4048 410 4110 in
426 4066 496 4111 uno
512 4066 531 4109 e
547 4049 787 4124 monasteriiS,
805 4065 886 4111 cum
906 4049 1111 4111 monialium
1134 4049 1329 4130 virginum,
1346 4068 1412 4116 nec

181 4172 373 4234 paucarum
389 4155 539 4233 quidem,
563 4155 620 4217 hic
642 4167 735 4216 esset
756 4155 954 4217 communis
974 4164 1009 4217 et
1029 4153 1247 4235 deprauatus
1267 4174 1360 4239 mos,
1376 4168 1414 4224 ut

179 4263 272 4323 bona
298 4261 458 4340 singulae
484 4262 624 4340 priuata
651 4260 884 4341 possiderent,
911 4261 966 4323 sui
993 4261 1220 4326 immemores
1245 4263 1412 4347 instituti,

179 4386 289 4445 nunc,
307 4368 426 4431 diuina
441 4369 559 4446 gratia
578 4368 623 4431 ad
647 4369 828 4448 antiquam
849 4368 1033 4447 religionis
1054 4368 1316 4436 institutionem
1331 4391 1414 4439 con·

179 4493 316 4555 uersae,
333 4493 404 4538 vno
419 4476 538 4538 animo
553 4493 778 4538 communem
792 4485 991 4538 statuerunt
1011 4475 1123 4538 uitam
1145 4475 1299 4559 degere;
1321 4480 1415 4562 quod

179 4601 221 4647 eo
237 4583 351 4646 maius
366 4582 474 4646 fuisse
489 4582 763 4645 existimandum
780 4592 849 4661 est,
866 4600 934 4662 quo
950 4581 1128 4646 difficilius
1143 4584 1322 4651 imbutum
1334 4606 1416 4669 pra.
