3210 5392
723 436 786 494 An.
809 436 878 494 lh'nh
1369 440 1423 497 615

191 581 314 656 nostri,
331 599 397 644 nec
409 599 513 645 sacra
527 582 734 661 faceremus,
749 582 1022 646 autaudiremus
1034 582 1286 659 confessiones
1305 585 1421 647 aliaue

189 685 393 752 huiusmodi
407 698 632 752 sacramenta
644 706 900 766 exerceremus
917 700 955 752 vt
966 688 1104 752 abunde
1118 692 1153 753 in
1165 707 1288 753 eorum
1301 690 1418 753 edicto

183 793 410 858 declaratum
425 805 489 858 est.
508 795 555 859 At
567 799 766 859 truculenta
778 813 900 859 eorum
909 796 1056 858 vesania
1068 796 1228 860 deflenda
1241 809 1337 860 certe
1350 815 1419 859 ma·

177 903 240 980 gis
255 902 346 964 mihi
372 903 512 966 videtur
537 920 643 983 quam
668 903 826 982 pluribus
848 903 1088 982 exprimenda.
1116 903 1301 967 innumera
1326 906 1421 966 enim

174 1008 361 1087 subticeo,
390 1025 481 1088 quae
506 1009 638 1089 absque
670 1010 854 1072 stomacho
884 1026 949 1071 nec
980 1010 1180 1088 recenseri,
1211 1028 1276 1073 nec
1307 1010 1422 1073 audiri

174 1124 354 1192 possunt.

244 1221 387 1285 Interea
404 1234 523 1286 autem
539 1242 560 1285 a
575 1224 769 1303 praeclaris
784 1240 907 1285 eorum
922 1223 1047 1286 edictis
1073 1233 1179 1304 atque
1205 1224 1420 1286 inhibitioni·

168 1325 248 1389 bus
265 1329 311 1390 ad
328 1325 455 1391 Sedem
465 1327 710 1408 Apostolicam
725 1330 997 1409 prouocauimus
1013 1341 1154 1408 praeter
1169 1346 1292 1392 eorum
1304 1347 1417 1410 spem,

166 1445 217 1496 vt
235 1436 300 1514 qui
320 1435 366 1497 ad
388 1434 706 1515 Archiepiscopum
731 1454 797 1498 nos
822 1437 1027 1514 pertrahere
1048 1447 1273 1499 conarentur.
1302 1435 1420 1515 Quare

164 1556 265 1603 cum
282 1557 362 1603 sese
378 1541 426 1602 ita
439 1543 588 1604 laeuiter
600 1542 742 1604 delusos
756 1552 790 1605 et
802 1560 865 1604 sua
879 1544 1128 1621 expectatione
1136 1542 1326 1606 frustratos
1342 1559 1419 1605 esse

162 1647 363 1732 viderunt,
380 1649 439 1726 qui
454 1649 534 1710 aliis
549 1666 674 1711 cruces
691 1649 877 1727 parabant,
905 1649 1056 1711 cruciari
1074 1649 1200 1711 misere
1216 1649 1283 1729 ipsi
1298 1665 1419 1728 coepe-

162 1764 266 1816 runt
281 1764 317 1815 et
332 1755 428 1833 angi,
445 1754 505 1817 sed
523 1765 556 1816 et
573 1756 693 1818 literas
706 1756 984 1834 prouocationis,
999 1756 1154 1834 quandiu
1166 1765 1323 1834 potuere,
1339 1773 1420 1817 con·

162 1859 312 1923 cedere
340 1871 603 1941 protraxerunt.
643 1861 763 1924 Multis
791 1862 897 1923 etiam
935 1863 1104 1926 molestiis
1132 1862 1249 1941 ipsum
1278 1860 1417 1923 Patrem

162 1977 348 2029 nostrum
365 1967 373 1996 ¹
392 1968 495 2045 (quod
510 1968 556 2030 ad
582 1985 619 2030 se
645 1966 744 2030 adire
766 1969 911 2030 alternis
934 1968 1056 2030 diebus
1081 1967 1326 2046 compellebat)
1347 1967 1416 2030 affi-

162 2075 318 2136 cientes
333 2072 629 2153 frequentissime;
643 2074 742 2136 cuius
757 2085 875 2137 tamen
891 2075 1102 2154 importunis
1124 2074 1417 2138 solicitationibus

162 2180 355 2242 obsistere
370 2198 440 2242 non
455 2191 655 2259 potuerunt,
672 2190 706 2242 et
721 2198 824 2260 quem
837 2182 936 2260 prius
948 2181 1051 2243 minis
1068 2181 1248 2244 deterrere
1257 2181 1416 2244 niteban-

162 2290 249 2363 tur,
266 2285 339 2349 iam
353 2287 596 2349 blandioribus
610 2287 729 2349 verbis
744 2287 942 2350 demulcere
963 2288 1160 2364 studebant,
1185 2298 1223 2351 vt
1246 2287 1413 2368 Episcopi

162 2388 174 2450 i
189 2394 335 2471 mperio
349 2393 552 2457 institutum
564 2404 724 2456 nostrum
739 2394 1005 2458 subiiceremus.

238 2499 330 2562 Cum
339 2510 458 2562 autem
470 2509 520 2562 tot
533 2501 696 2579 procellis
705 2511 738 2562 et
750 2500 914 2564 fluctibus
926 2501 1133 2564 obrueretur
1142 2501 1271 2581 cymba
1280 2511 1414 2591 nostra,

162 2619 291 2669 suasu
307 2607 694 2684 praestantissimorum
720 2607 890 2685 virorum,
915 2608 960 2669 ab
981 2608 1165 2670 audiendis
1189 2594 1415 2699 confessioni·

162 2708 243 2775 bus
259 2713 356 2791 apud
373 2711 407 2774 S.
427 2711 656 2790 Germanum,
672 2731 741 2792 quo
764 2713 934 2776 accedere
961 2716 1224 2789 consueuimuS,
1255 2715 1414 2793 aliquan·

162 2820 293 2900 tisper
315 2831 493 2882 cessatum
522 2831 586 2899 est,
615 2838 659 2882 ne
688 2820 807 2899 gladio
837 2821 955 2899 ignem
982 2821 1172 2883 confodere
1201 2819 1413 2898 videremur,

162 2941 338 3006 quousqe
356 2926 514 3005 diploma
538 2927 800 3006 prouocationis
826 2928 871 2990 ad
896 2926 1023 2990 Sedem
1046 2927 1291 3007 Apostolicam
1309 2927 1415 3007 (quod

162 3031 222 3094 ad
247 3033 364 3095 nostri
386 3033 570 3095 tuitionem
586 3051 769 3096 necessum
785 3038 874 3108 erat)
901 3035 1185 3097 extorsissemus.
1208 3033 1281 3096 Nec
1296 3044 1415 3096 tamen

168 3139 277 3202 inter
291 3147 412 3200 tantas
425 3139 540 3201 vndas
556 3157 599 3202 ac
614 3149 842 3217 tempestates
868 3157 977 3218 agere
999 3157 1129 3218 remos,
1150 3150 1320 3219 quantum
1335 3156 1413 3219 sup-

162 3245 345 3324 petebant
361 3245 467 3323 vireS,
488 3246 697 3322 destitimus,
721 3263 785 3308 nec
801 3247 917 3309 minus
933 3264 1041 3326 quam
1063 3257 1171 3310 antea
1197 3246 1414 3326 spiritalibus

162 3351 334 3430 negotiis
348 3351 600 3414 insudauimus.
628 3350 793 3415 Consiliis
818 3353 957 3432 piisque
984 3353 1306 3431 exhortationibus
1330 3364 1413 3433 quo·

163 3460 394 3538 tiescumque
406 3458 482 3521 fieri
494 3459 677 3521 commode
690 3461 815 3538 potuit,
833 3470 866 3522 et
878 3459 1124 3539 pernoctando
1137 3461 1230 3541 apud
1242 3459 1411 3536 infirmos,

163 3578 205 3628 et
228 3564 315 3627 dum
333 3566 495 3628 'animam
522 3575 669 3644 agerent
693 3567 969 3629 corroborantes
992 3585 1073 3630 cum
1100 3584 1229 3647 magna
1256 3568 1413 3631 omnium

163 3671 432 3750 aedificatione,
450 3673 542 3752 quod
560 3691 683 3736 rarum
700 3674 745 3736 sit
759 3682 794 3735 et
808 3691 899 3753 pene
913 3674 1125 3752 inauditum,
1142 3684 1182 3737 vt
1197 3676 1245 3737 ita
1261 3675 1368 3738 libere
1380 3686 1413 3736 et

163 3779 290 3857 gratis
302 3796 345 3841 ac
360 3779 436 3841 sine
458 3781 530 3840 vlla
558 3779 842 3843 remuneratione
868 3798 937 3843 nos
965 3781 1091 3843 alienis
1118 3781 1296 3860 obsequiis
1312 3782 1414 3844 deuo·

163 3901 336 3947 neamus.

233 3989 588 4055 Obseruandissimus
604 4003 721 4055 autem
737 3991 842 4055 Pater
858 3992 956 4055 ΒΜ·
979 3993 1205 4072 Paschasius
1231 3995 1289 4074 qui
1308 3994 1411 4055 nullis

178 4096 296 4160 adhuc
311 4098 424 4177 potuit
438 4099 518 4177 cogi
534 4099 681 4161 habenis
703 4100 893 4177 quominus
918 4117 1006 4162 suae
1029 4101 1209 4162 vocationi
1231 4100 1410 4162 satisface-

174 4212 240 4281 ret,
254 4221 436 4283 nunquam
448 4205 565 4267 minus
579 4206 725 4283 otiosus,
740 4223 846 4286 quam
857 4223 965 4286 quum
978 4207 1236 4286 praescriptum
1251 4213 1285 4268 et
1297 4206 1406 4269 iniun-

165 4320 270 4373 ctum
285 4308 350 4372 fuit
365 4310 493 4374 ocium.
519 4312 724 4374 Monialium
743 4311 887 4374 liberius
907 4311 1162 4390 frequentabat
1182 4313 1411 4379 monasteria,

166 4432 264 4495 quas
279 4419 427 4480 multum
438 4417 615 4497 promouit
631 4419 666 4480 in
682 4417 962 4481 confessionibus
978 4429 1011 4480 et
1028 4419 1177 4498 priuatis
1192 4419 1409 4481 exhortatio·

217 4661 225 4690 ¹
256 4658 275 4700 P
297 4660 465 4702 Paschasium
477 4659 565 4701 Brott.
