<?xml version="1.0" encoding="UTF-8"?>
<!DOCTYPE html PUBLIC "-//W3C//DTD XHTML 1.0 Transitional//EN"
    "http://www.w3.org/TR/xhtml1/DTD/xhtml1-transitional.dtd">
<html xmlns="http://www.w3.org/1999/xhtml" xml:lang="en" lang="en">
 <head>
  <title>
</title>
<meta http-equiv="Content-Type" content="text/html;charset=utf-8" />
  <meta name='ocr-system' content='tesseract 3.04.00' />
  <meta name='ocr-capabilities' content='ocr_page ocr_carea ocr_par ocr_line ocrx_word'/>
</head>
<body>
  <div class='ocr_page' id='page_1' title='image "./litteraequadrim02jesugoog_0690.png"; bbox 0 0 3210 5392; ppageno 0'>
   <div class='ocr_carea' id='block_1_1' title="bbox 604 433 1299 496">
    <p class='ocr_par' dir='ltr' id='par_1_1' title="bbox 604 433 1299 496">
     <span class='ocr_line' id='line_1_1' title="bbox 604 433 1299 496; baseline 0.003 -3"><span class='ocrx_word' id='word_1_1' title='bbox 604 433 668 493; x_wconf 71' lang='grc' dir='ltr'>ΑΝ.</span> <span class='ocrx_word' id='word_1_2' title='bbox 691 434 760 494; x_wconf 77' lang='grc'>1555</span> <span class='ocrx_word' id='word_1_3' title='bbox 1239 436 1299 496; x_wconf 79' lang='lat'>679</span> 
     </span>
    </p>
   </div>
   <div class='ocr_carea' id='block_1_2' title="bbox 89 578 1295 4712">
    <p class='ocr_par' dir='ltr' id='par_1_2' title="bbox 90 578 1295 1497">
     <span class='ocr_line' id='line_1_2' title="bbox 90 578 1295 660; baseline 0.002 -19"><span class='ocrx_word' id='word_1_4' title='bbox 90 578 158 642; x_wconf 90' lang='lat' dir='ltr'>iam</span> <span class='ocrx_word' id='word_1_5' title='bbox 182 579 391 658; x_wconf 84' lang='lat' dir='ltr'>religionem</span> <span class='ocrx_word' id='word_1_6' title='bbox 411 580 576 660; x_wconf 66' lang='lat' dir='ltr'>priorem⁴</span> <span class='ocrx_word' id='word_1_7' title='bbox 591 591 733 644; x_wconf 87' lang='lat' dir='ltr'>rursum</span> <span class='ocrx_word' id='word_1_8' title='bbox 759 580 897 659; x_wconf 84' lang='lat' dir='ltr'>ingredi</span> <span class='ocrx_word' id='word_1_9' title='bbox 923 580 989 643; x_wconf 85' lang='lat' dir='ltr'>sibi</span> <span class='ocrx_word' id='word_1_10' title='bbox 1015 597 1085 643; x_wconf 92' lang='lat' dir='ltr'>non</span> <span class='ocrx_word' id='word_1_11' title='bbox 1112 579 1221 658; x_wconf 80' lang='lat' dir='ltr'>licuit,</span> <span class='ocrx_word' id='word_1_12' title='bbox 1248 578 1295 643; x_wconf 87' lang='lat' dir='ltr'>ad</span> 
     </span>
     <span class='ocr_line' id='line_1_3' title="bbox 90 684 1290 766; baseline 0.003 -19"><span class='ocrx_word' id='word_1_13' title='bbox 90 686 181 761; x_wconf 88' lang='lat' dir='ltr'>liam,</span> <span class='ocrx_word' id='word_1_14' title='bbox 200 685 317 749; x_wconf 89' lang='lat' dir='ltr'>Patris</span> <span class='ocrx_word' id='word_1_15' title='bbox 332 687 503 751; x_wconf 91' lang='lat' dir='ltr'>Euerardi</span> <span class='ocrx_word' id='word_1_16' title='bbox 518 705 603 750; x_wconf 86' lang='lat' dir='ltr'>usus</span> <span class='ocrx_word' id='word_1_17' title='bbox 620 688 780 766; x_wconf 90' lang='lat' dir='ltr'>consilio,</span> <span class='ocrx_word' id='word_1_18' title='bbox 794 705 831 750; x_wconf 88' lang='lat' dir='ltr'>se</span> <span class='ocrx_word' id='word_1_19' title='bbox 842 686 1086 751; x_wconf 81' lang='lat' dir='ltr'>lubentissime</span> <span class='ocrx_word' id='word_1_20' title='bbox 1099 684 1290 750; x_wconf 77' lang='lat' dir='ltr'>transtullt.</span> 
     </span>
     <span class='ocr_line' id='line_1_4' title="bbox 90 793 1291 874; baseline 0.003 -20"><span class='ocrx_word' id='word_1_21' title='bbox 90 793 121 855; x_wconf 65' lang='lat' dir='ltr'>,d</span> <span class='ocrx_word' id='word_1_22' title='bbox 132 793 224 855; x_wconf 91' lang='lat' dir='ltr'>haec</span> <span class='ocrx_word' id='word_1_23' title='bbox 237 810 310 856; x_wconf 92' lang='lat' dir='ltr'>non</span> <span class='ocrx_word' id='word_1_24' title='bbox 324 794 487 873; x_wconf 87' lang='lat' dir='ltr'>ignobilis</span> <span class='ocrx_word' id='word_1_25' title='bbox 502 795 648 874; x_wconf 88' lang='lat' dir='ltr'>quidam</span> <span class='ocrx_word' id='word_1_26' title='bbox 661 795 718 858; x_wconf 90' lang='lat' dir='ltr'>uir</span> <span class='ocrx_word' id='word_1_27' title='bbox 732 812 846 874; x_wconf 90' lang='lat' dir='ltr'>neque</span> <span class='ocrx_word' id='word_1_28' title='bbox 867 795 1110 858; x_wconf 83' lang='lat' dir='ltr'>doctrinarum</span> <span class='ocrx_word' id='word_1_29' title='bbox 1129 794 1291 873; x_wconf 83' lang='lat' dir='ltr'>ignarus,</span> 
     </span>
     <span class='ocr_line' id='line_1_5' title="bbox 90 898 1290 980; baseline 0.003 -20"><span class='ocrx_word' id='word_1_30' title='bbox 90 898 121 960; x_wconf 89' lang='lat' dir='ltr'>ui</span> <span class='ocrx_word' id='word_1_31' title='bbox 136 899 173 962; x_wconf 92' lang='lat' dir='ltr'>in</span> <span class='ocrx_word' id='word_1_32' title='bbox 189 900 256 962; x_wconf 88' lang='lat' dir='ltr'>hac</span> <span class='ocrx_word' id='word_1_33' title='bbox 271 900 357 963; x_wconf 90' lang='lat' dir='ltr'>urbe</span> <span class='ocrx_word' id='word_1_34' title='bbox 373 901 520 980; x_wconf 88' lang='lat' dir='ltr'>aliisque</span> <span class='ocrx_word' id='word_1_35' title='bbox 534 901 572 963; x_wconf 90' lang='lat' dir='ltr'>in</span> <span class='ocrx_word' id='word_1_36' title='bbox 587 901 674 963; x_wconf 92' lang='lat' dir='ltr'>locis</span> <span class='ocrx_word' id='word_1_37' title='bbox 690 919 760 964; x_wconf 93' lang='lat' dir='ltr'>non</span> <span class='ocrx_word' id='word_1_38' title='bbox 777 901 965 964; x_wconf 88' lang='lat' dir='ltr'>mediocris</span> <span class='ocrx_word' id='word_1_39' title='bbox 980 900 1209 964; x_wconf 86' lang='lat' dir='ltr'>authoritatis</span> <span class='ocrx_word' id='word_1_40' title='bbox 1223 904 1290 978; x_wconf 84' lang='lat' dir='ltr'>esi,</span> 
     </span>
     <span class='ocr_line' id='line_1_6' title="bbox 90 1004 1291 1087; baseline 0.002 -19"><span class='ocrx_word' id='word_1_41' title='bbox 90 1005 121 1068; x_wconf 87' lang='lat' dir='ltr'>ni</span> <span class='ocrx_word' id='word_1_42' title='bbox 135 1006 251 1068; x_wconf 90' lang='lat' dir='ltr'>uicem</span> <span class='ocrx_word' id='word_1_43' title='bbox 266 1006 434 1087; x_wconf 86' lang='lat' dir='ltr'>Episcopi</span> <span class='ocrx_word' id='word_1_44' title='bbox 448 1009 577 1070; x_wconf 85' lang='lat' dir='ltr'>multos</span> <span class='ocrx_word' id='word_1_45' title='bbox 593 1024 705 1071; x_wconf 91' lang='lat' dir='ltr'>annos</span> <span class='ocrx_word' id='word_1_46' title='bbox 720 1008 843 1087; x_wconf 87' lang='lat' dir='ltr'>gessit,</span> <span class='ocrx_word' id='word_1_47' title='bbox 860 1006 935 1071; x_wconf 87' lang='lat' dir='ltr'>dies</span> <span class='ocrx_word' id='word_1_48' title='bbox 950 1006 1085 1086; x_wconf 82' lang='lat' dir='ltr'>aliquot</span> <span class='ocrx_word' id='word_1_49' title='bbox 1099 1004 1291 1087; x_wconf 88' lang='lat' dir='ltr'>spirituali·</span> 
     </span>
     <span class='ocr_line' id='line_1_7' title="bbox 90 1100 1292 1191; baseline 0.001 -16"><span class='ocrx_word' id='word_1_50' title='bbox 90 1124 127 1174; x_wconf 82' lang='lat' dir='ltr'>us</span> <span class='ocrx_word' id='word_1_51' title='bbox 146 1112 327 1176; x_wconf 85' lang='lat' dir='ltr'>exercitiis</span> <span class='ocrx_word' id='word_1_52' title='bbox 349 1100 503 1191; x_wconf 76' lang='lat' dir='ltr'>dedituS,</span> <span class='ocrx_word' id='word_1_53' title='bbox 526 1115 670 1178; x_wconf 90' lang='lat' dir='ltr'>tandem</span> <span class='ocrx_word' id='word_1_54' title='bbox 689 1113 1022 1178; x_wconf 56' lang='lat' dir='ltr'>Societati‘nostrae</span> <span class='ocrx_word' id='word_1_55' title='bbox 1042 1131 1080 1177; x_wconf 86' lang='lat' dir='ltr'>se</span> <span class='ocrx_word' id='word_1_56' title='bbox 1101 1111 1292 1178; x_wconf 72' lang='lat' dir='ltr'>dedicauit:</span> 
     </span>
     <span class='ocr_line' id='line_1_8' title="bbox 90 1220 1291 1302; baseline 0.002 -21"><span class='ocrx_word' id='word_1_57' title='bbox 90 1236 166 1282; x_wconf 91' lang='lat' dir='ltr'>uem</span> <span class='ocrx_word' id='word_1_58' title='bbox 180 1220 263 1282; x_wconf 92' lang='lat' dir='ltr'>hinc</span> <span class='ocrx_word' id='word_1_59' title='bbox 279 1220 349 1283; x_wconf 92' lang='lat' dir='ltr'>cito</span> <span class='ocrx_word' id='word_1_60' title='bbox 364 1221 409 1284; x_wconf 92' lang='lat' dir='ltr'>ob</span> <span class='ocrx_word' id='word_1_61' title='bbox 423 1222 516 1284; x_wconf 90' lang='lat' dir='ltr'>hanc</span> <span class='ocrx_word' id='word_1_62' title='bbox 532 1222 646 1302; x_wconf 81' lang='lat' dir='ltr'>ipsam</span> <span class='ocrx_word' id='word_1_63' title='bbox 661 1237 808 1284; x_wconf 88' lang='lat' dir='ltr'>causam</span> <span class='ocrx_word' id='word_1_64' title='bbox 825 1220 876 1284; x_wconf 89' lang='lat' dir='ltr'>ad·</span> <span class='ocrx_word' id='word_1_65' title='bbox 886 1238 950 1284; x_wconf 88' lang='lat' dir='ltr'>uos</span> <span class='ocrx_word' id='word_1_66' title='bbox 962 1220 1202 1285; x_wconf 89' lang='lat' dir='ltr'>discessurum</span> <span class='ocrx_word' id='word_1_67' title='bbox 1217 1237 1291 1285; x_wconf 92' lang='lat' dir='ltr'>cre·</span> 
     </span>
     <span class='ocr_line' id='line_1_9' title="bbox 90 1325 1289 1408; baseline 0.001 -19"><span class='ocrx_word' id='word_1_68' title='bbox 90 1325 189 1389; x_wconf 90' lang='lat' dir='ltr'>imus.</span> <span class='ocrx_word' id='word_1_69' title='bbox 205 1325 245 1389; x_wconf 91' lang='lat' dir='ltr'>In</span> <span class='ocrx_word' id='word_1_70' title='bbox 260 1328 441 1406; x_wconf 82' lang='lat' dir='ltr'>capiendis</span> <span class='ocrx_word' id='word_1_71' title='bbox 456 1327 542 1391; x_wconf 86' lang='lat' dir='ltr'>uero</span> <span class='ocrx_word' id='word_1_72' title='bbox 558 1327 716 1390; x_wconf 84' lang='lat' dir='ltr'>consiliis</span> <span class='ocrx_word' id='word_1_73' title='bbox 730 1327 896 1408; x_wconf 82' lang='lat' dir='ltr'>permulti</span> <span class='ocrx_word' id='word_1_74' title='bbox 911 1325 961 1390; x_wconf 86' lang='lat' dir='ltr'>ad</span> <span class='ocrx_word' id='word_1_75' title='bbox 971 1333 1113 1390; x_wconf 89' lang='lat' dir='ltr'>nostros</span> <span class='ocrx_word' id='word_1_76' title='bbox 1132 1327 1289 1407; x_wconf 88' lang='lat' dir='ltr'>ueniunt,</span> 
     </span>
     <span class='ocr_line' id='line_1_10' title="bbox 90 1433 492 1497; baseline 0.005 -2"><span class='ocrx_word' id='word_1_77' title='bbox 90 1433 188 1495; x_wconf 87' lang='lat' dir='ltr'>uibus</span> <span class='ocrx_word' id='word_1_78' title='bbox 202 1433 356 1496; x_wconf 71' lang='lat' dir='ltr'>manime</span> <span class='ocrx_word' id='word_1_79' title='bbox 371 1433 492 1497; x_wconf 90' lang='lat' dir='ltr'>fidunt.</span> 
     </span>
    </p>

    <p class='ocr_par' dir='ltr' id='par_1_3' title="bbox 89 1536 1294 2689">
     <span class='ocr_line' id='line_1_11' title="bbox 118 1536 1292 1620; baseline 0.003 -20"><span class='ocrx_word' id='word_1_80' title='bbox 118 1537 227 1618; x_wconf 76' lang='lat' dir='ltr'>Quid?</span> <span class='ocrx_word' id='word_1_81' title='bbox 241 1539 335 1619; x_wconf 91' lang='lat' dir='ltr'>quod</span> <span class='ocrx_word' id='word_1_82' title='bbox 350 1541 507 1603; x_wconf 86' lang='lat' dir='ltr'>nonnulli</span> <span class='ocrx_word' id='word_1_83' title='bbox 519 1549 557 1604; x_wconf 92' lang='lat' dir='ltr'>et</span> <span class='ocrx_word' id='word_1_84' title='bbox 571 1557 620 1620; x_wconf 88' lang='lat' dir='ltr'>se,</span> <span class='ocrx_word' id='word_1_85' title='bbox 638 1550 672 1603; x_wconf 95' lang='lat' dir='ltr'>et</span> <span class='ocrx_word' id='word_1_86' title='bbox 689 1538 844 1618; x_wconf 88' lang='lat' dir='ltr'>domum,</span> <span class='ocrx_word' id='word_1_87' title='bbox 858 1550 892 1603; x_wconf 91' lang='lat' dir='ltr'>et</span> <span class='ocrx_word' id='word_1_88' title='bbox 904 1557 979 1605; x_wconf 88' lang='lat' dir='ltr'>rem</span> <span class='ocrx_word' id='word_1_89' title='bbox 991 1552 1131 1605; x_wconf 79' lang='lat' dir='ltr'>ornnem</span> <span class='ocrx_word' id='word_1_90' title='bbox 1142 1536 1292 1604; x_wconf 87' lang='lat' dir='ltr'>familia·-</span> 
     </span>
     <span class='ocr_line' id='line_1_12' title="bbox 90 1645 1291 1728; baseline 0.002 -21"><span class='ocrx_word' id='word_1_91' title='bbox 90 1661 137 1708; x_wconf 77' lang='lat' dir='ltr'>em·</span> <span class='ocrx_word' id='word_1_92' title='bbox 147 1645 281 1708; x_wconf 81' lang='lat' dir='ltr'>nostris</span> <span class='ocrx_word' id='word_1_93' title='bbox 296 1647 561 1709; x_wconf 80' lang='lat' dir='ltr'>commiserunt?</span> <span class='ocrx_word' id='word_1_94' title='bbox 577 1646 609 1710; x_wconf 88' lang='lat' dir='ltr'>T</span> <span class='ocrx_word' id='word_1_95' title='bbox 610 1662 668 1710; x_wconf 85' lang='lat' dir='ltr'>um</span> <span class='ocrx_word' id='word_1_96' title='bbox 688 1648 769 1711; x_wconf 89' lang='lat' dir='ltr'>lites</span> <span class='ocrx_word' id='word_1_97' title='bbox 784 1661 1009 1728; x_wconf 77' lang='lat' dir='ltr'>componere,</span> <span class='ocrx_word' id='word_1_98' title='bbox 1026 1646 1291 1711; x_wconf 81' lang='lat' dir='ltr'>discordias&#39;se·</span> 
     </span>
     <span class='ocr_line' id='line_1_13' title="bbox 90 1753 1289 1834; baseline 0.003 -20"><span class='ocrx_word' id='word_1_99' title='bbox 90 1756 157 1830; x_wconf 79' lang='lat' dir='ltr'>ure,</span> <span class='ocrx_word' id='word_1_100' title='bbox 169 1769 296 1831; x_wconf 84' lang='lat' dir='ltr'>pacem</span> <span class='ocrx_word' id='word_1_101' title='bbox 308 1754 499 1816; x_wconf 90' lang='lat' dir='ltr'>conciliare</span> <span class='ocrx_word' id='word_1_102' title='bbox 512 1754 715 1833; x_wconf 75' lang='lat' dir='ltr'>inter³allos,</span> <span class='ocrx_word' id='word_1_103' title='bbox 728 1755 841 1818; x_wconf 89' lang='lat' dir='ltr'>nostri</span> <span class='ocrx_word' id='word_1_104' title='bbox 854 1753 998 1818; x_wconf 87' lang='lat' dir='ltr'>student</span> <span class='ocrx_word' id='word_1_105' title='bbox 1009 1753 1289 1834; x_wconf 78' lang='lat' dir='ltr'>diligentissime.</span> 
     </span>
     <span class='ocr_line' id='line_1_14' title="bbox 90 1857 1288 1940; baseline 0.002 -19"><span class='ocrx_word' id='word_1_106' title='bbox 90 1876 114 1920; x_wconf 81' lang='lat' dir='ltr'>‚c</span> <span class='ocrx_word' id='word_1_107' title='bbox 131 1874 246 1938; x_wconf 89' lang='lat' dir='ltr'>nuper</span> <span class='ocrx_word' id='word_1_108' title='bbox 259 1857 298 1922; x_wconf 88' lang='lat' dir='ltr'>P.</span> <span class='ocrx_word' id='word_1_109' title='bbox 315 1859 519 1923; x_wconf 89' lang='lat' dir='ltr'>Euerardus</span> <span class='ocrx_word' id='word_1_110' title='bbox 534 1861 720 1940; x_wconf 62' lang='lat' dir='ltr'>quosdam</span> <span class='ocrx_word' id='word_1_111' title='bbox 735 1861 878 1924; x_wconf 90' lang='lat' dir='ltr'>inimico</span> <span class='ocrx_word' id='word_1_112' title='bbox 895 1861 1014 1924; x_wconf 79' lang='lat' dir='ltr'>animo</span> <span class='ocrx_word' id='word_1_113' title='bbox 1028 1861 1120 1923; x_wconf 90' lang='lat' dir='ltr'>inter</span> <span class='ocrx_word' id='word_1_114' title='bbox 1134 1878 1172 1924; x_wconf 90' lang='lat' dir='ltr'>se</span> <span class='ocrx_word' id='word_1_115' title='bbox 1188 1859 1288 1923; x_wconf 59' lang='lat' dir='ltr'>dississ</span> 
     </span>
     <span class='ocr_line' id='line_1_15' title="bbox 90 1963 1294 2047; baseline 0.002 -20"><span class='ocrx_word' id='word_1_116' title='bbox 90 1970 197 2042; x_wconf 83' lang='lat' dir='ltr'>tn&#39;tes,</span> <span class='ocrx_word' id='word_1_117' title='bbox 215 1965 251 2027; x_wconf 91' lang='lat' dir='ltr'>in</span> <span class='ocrx_word' id='word_1_118' title='bbox 266 1966 493 2029; x_wconf 87' lang='lat' dir='ltr'>concordiam</span> <span class='ocrx_word' id='word_1_119' title='bbox 509 1968 702 2032; x_wconf 89' lang='lat' dir='ltr'>reuocauit.</span> <span class='ocrx_word' id='word_1_120' title='bbox 721 1967 789 2047; x_wconf 88' lang='lat' dir='ltr'>Qui</span> <span class='ocrx_word' id='word_1_121' title='bbox 803 1967 889 2030; x_wconf 86' lang='lat' dir='ltr'>lassi</span> <span class='ocrx_word' id='word_1_122' title='bbox 900 1968 1031 2031; x_wconf 84' lang='lat' dir='ltr'>suntin</span> <span class='ocrx_word' id='word_1_123' title='bbox 1044 1963 1240 2030; x_wconf 78' lang='lat' dir='ltr'>amicitiani</span> <span class='ocrx_word' id='word_1_124' title='bbox 1251 1972 1294 2030; x_wconf 75' lang='lat' dir='ltr'>se</span> 
     </span>
     <span class='ocr_line' id='line_1_16' title="bbox 90 2068 1291 2154; baseline 0.002 -20"><span class='ocrx_word' id='word_1_125' title='bbox 90 2080 240 2152; x_wconf 84' lang='lat' dir='ltr'>mquam</span> <span class='ocrx_word' id='word_1_126' title='bbox 254 2073 322 2135; x_wconf 91' lang='lat' dir='ltr'>nisi</span> <span class='ocrx_word' id='word_1_127' title='bbox 337 2090 400 2153; x_wconf 90' lang='lat' dir='ltr'>per</span> <span class='ocrx_word' id='word_1_128' title='bbox 416 2073 455 2135; x_wconf 91' lang='lat' dir='ltr'>P.</span> <span class='ocrx_word' id='word_1_129' title='bbox 478 2074 698 2138; x_wconf 87' lang='lat' dir='ltr'>Euerardurn</span> <span class='ocrx_word' id='word_1_130' title='bbox 716 2074 832 2138; x_wconf 83' lang='lat' dir='ltr'>redire</span> <span class='ocrx_word' id='word_1_131' title='bbox 851 2072 1020 2154; x_wconf 88' lang='lat' dir='ltr'>potuisse.</span> <span class='ocrx_word' id='word_1_132' title='bbox 1042 2068 1194 2154; x_wconf 80' lang='lat' dir='ltr'>Fuitque</span> <span class='ocrx_word' id='word_1_133' title='bbox 1206 2072 1291 2154; x_wconf 82' lang='lat' dir='ltr'>&#39;pax</span> 
     </span>
     <span class='ocr_line' id='line_1_17' title="bbox 90 2178 1291 2261; baseline 0.002 -20"><span class='ocrx_word' id='word_1_134' title='bbox 90 2196 147 2242; x_wconf 80' lang='lat' dir='ltr'>aec</span> <span class='ocrx_word' id='word_1_135' title='bbox 166 2179 259 2243; x_wconf 92' lang='lat' dir='ltr'>inter</span> <span class='ocrx_word' id='word_1_136' title='bbox 279 2180 357 2242; x_wconf 90' lang='lat' dir='ltr'>illos</span> <span class='ocrx_word' id='word_1_137' title='bbox 376 2181 564 2243; x_wconf 88' lang='lat' dir='ltr'>conciliata</span> <span class='ocrx_word' id='word_1_138' title='bbox 585 2180 792 2261; x_wconf 89' lang='lat' dir='ltr'>utilissima,</span> <span class='ocrx_word' id='word_1_139' title='bbox 818 2181 958 2261; x_wconf 84' lang='lat' dir='ltr'>quando</span> <span class='ocrx_word' id='word_1_140' title='bbox 979 2197 1024 2244; x_wconf 88' lang='lat' dir='ltr'>ex</span> <span class='ocrx_word' id='word_1_141' title='bbox 1043 2182 1169 2243; x_wconf 87' lang='lat' dir='ltr'>eorum</span> <span class='ocrx_word' id='word_1_142' title='bbox 1189 2178 1291 2243; x_wconf 54' lang='lat' dir='ltr'>dissi*</span> 
     </span>
     <span class='ocr_line' id='line_1_18' title="bbox 90 2287 1289 2371; baseline 0.001 -22"><span class='ocrx_word' id='word_1_143' title='bbox 90 2287 124 2349; x_wconf 84' lang='lat' dir='ltr'>is</span> <span class='ocrx_word' id='word_1_144' title='bbox 149 2304 282 2367; x_wconf 87' lang='lat' dir='ltr'>magna</span> <span class='ocrx_word' id='word_1_145' title='bbox 306 2288 463 2367; x_wconf 89' lang='lat' dir='ltr'>utrisque</span> <span class='ocrx_word' id='word_1_146' title='bbox 487 2288 646 2368; x_wconf 90' lang='lat' dir='ltr'>pericula</span> <span class='ocrx_word' id='word_1_147' title='bbox 672 2288 932 2368; x_wconf 83' lang='lat' dir='ltr'>impendebant.</span> <span class='ocrx_word' id='word_1_148' title='bbox 956 2289 1036 2371; x_wconf 89' lang='lat' dir='ltr'>Jam</span> <span class='ocrx_word' id='word_1_149' title='bbox 1060 2295 1289 2367; x_wconf 81' lang='lat' dir='ltr'>aegrotantes</span> 
     </span>
     <span class='ocr_line' id='line_1_19' title="bbox 90 2393 1288 2474; baseline 0 -18"><span class='ocrx_word' id='word_1_150' title='bbox 90 2395 246 2472; x_wconf 69' lang='lat' dir='ltr'>insolam,</span> <span class='ocrx_word' id='word_1_151' title='bbox 263 2393 411 2457; x_wconf 89' lang='lat' dir='ltr'>afflictos</span> <span class='ocrx_word' id='word_1_152' title='bbox 426 2396 612 2458; x_wconf 86' lang='lat' dir='ltr'>subleuare</span> <span class='ocrx_word' id='word_1_153' title='bbox 627 2395 797 2474; x_wconf 85' lang='lat' dir='ltr'>oratione,</span> <span class='ocrx_word' id='word_1_154' title='bbox 814 2395 897 2458; x_wconf 92' lang='lat' dir='ltr'>etin</span> <span class='ocrx_word' id='word_1_155' title='bbox 911 2406 1056 2458; x_wconf 88' lang='lat' dir='ltr'>carcere</span> <span class='ocrx_word' id='word_1_156' title='bbox 1068 2393 1288 2457; x_wconf 73' lang='lat' dir='ltr'>deten&#39;t&#39;os‘ui</span> 
     </span>
     <span class='ocr_line' id='line_1_20' title="bbox 89 2499 1288 2580; baseline 0.001 -17"><span class='ocrx_word' id='word_1_157' title='bbox 89 2510 178 2576; x_wconf 88' lang='lat' dir='ltr'>tare,</span> <span class='ocrx_word' id='word_1_158' title='bbox 196 2518 325 2580; x_wconf 91' lang='lat' dir='ltr'>eosque</span> <span class='ocrx_word' id='word_1_159' title='bbox 341 2511 375 2564; x_wconf 89' lang='lat' dir='ltr'>et</span> <span class='ocrx_word' id='word_1_160' title='bbox 391 2501 437 2564; x_wconf 90' lang='lat' dir='ltr'>ad</span> <span class='ocrx_word' id='word_1_161' title='bbox 452 2502 690 2565; x_wconf 84' lang='lat' dir='ltr'>tollerantiam</span> <span class='ocrx_word' id='word_1_162' title='bbox 707 2503 884 2565; x_wconf 87' lang='lat' dir='ltr'>malorum·</span> <span class='ocrx_word' id='word_1_163' title='bbox 898 2500 1090 2580; x_wconf 89' lang='lat' dir='ltr'>cohortari,</span> <span class='ocrx_word' id='word_1_164' title='bbox 1106 2506 1143 2563; x_wconf 93' lang='lat' dir='ltr'>et</span> <span class='ocrx_word' id='word_1_165' title='bbox 1157 2499 1203 2563; x_wconf 89' lang='lat' dir='ltr'>ad</span> <span class='ocrx_word' id='word_1_166' title='bbox 1216 2500 1288 2580; x_wconf 90' lang='lat' dir='ltr'>pie-</span> 
     </span>
     <span class='ocr_line' id='line_1_21' title="bbox 90 2607 979 2689; baseline 0 -21"><span class='ocrx_word' id='word_1_167' title='bbox 90 2615 166 2670; x_wconf 88' lang='lat' dir='ltr'>tem</span> <span class='ocrx_word' id='word_1_168' title='bbox 181 2607 358 2686; x_wconf 90' lang='lat' dir='ltr'>inducere,</span> <span class='ocrx_word' id='word_1_169' title='bbox 376 2617 581 2671; x_wconf 89' lang='lat' dir='ltr'>nostrorum</span> <span class='ocrx_word' id='word_1_170' title='bbox 595 2608 740 2689; x_wconf 89' lang='lat' dir='ltr'>propria</span> <span class='ocrx_word' id='word_1_171' title='bbox 755 2618 838 2672; x_wconf 91' lang='lat' dir='ltr'>sunt</span> <span class='ocrx_word' id='word_1_172' title='bbox 853 2607 979 2671; x_wconf 83' lang='lat' dir='ltr'>officia.</span> 
     </span>
    </p>

    <p class='ocr_par' dir='ltr' id='par_1_4' title="bbox 90 2712 1287 3004">
     <span class='ocr_line' id='line_1_22' title="bbox 114 2712 1287 2778; baseline -0.003 -1"><span class='ocrx_word' id='word_1_173' title='bbox 114 2713 169 2777; x_wconf 91' lang='lat' dir='ltr'>De</span> <span class='ocrx_word' id='word_1_174' title='bbox 186 2713 337 2778; x_wconf 88' lang='lat' dir='ltr'>Sanctae</span> <span class='ocrx_word' id='word_1_175' title='bbox 351 2715 597 2778; x_wconf 88' lang='lat' dir='ltr'>Eucharistiae</span> <span class='ocrx_word' id='word_1_176' title='bbox 612 2715 860 2778; x_wconf 87' lang='lat' dir='ltr'>communione</span> <span class='ocrx_word' id='word_1_177' title='bbox 875 2716 978 2778; x_wconf 90' lang='lat' dir='ltr'>simul</span> <span class='ocrx_word' id='word_1_178' title='bbox 994 2731 1036 2777; x_wconf 92' lang='lat' dir='ltr'>ac</span> <span class='ocrx_word' id='word_1_179' title='bbox 1059 2712 1287 2777; x_wconf 85' lang='lat' dir='ltr'>confessioni·</span> 
     </span>
     <span class='ocr_line' id='line_1_23' title="bbox 90 2818 1284 2902; baseline -0.003 -18"><span class='ocrx_word' id='word_1_180' title='bbox 90 2838 120 2884; x_wconf 82' lang='lat' dir='ltr'>rs</span> <span class='ocrx_word' id='word_1_181' title='bbox 134 2821 235 2902; x_wconf 89' lang='lat' dir='ltr'>prius</span> <span class='ocrx_word' id='word_1_182' title='bbox 249 2830 326 2884; x_wconf 90' lang='lat' dir='ltr'>erat</span> <span class='ocrx_word' id='word_1_183' title='bbox 345 2822 549 2896; x_wconf 62' lang='lat' dir='ltr'>dicendum:</span> <span class='ocrx_word' id='word_1_184' title='bbox 571 2837 695 2884; x_wconf 88' lang='lat' dir='ltr'>uerum</span> <span class='ocrx_word' id='word_1_185' title='bbox 717 2823 830 2884; x_wconf 93' lang='lat' dir='ltr'>solum</span> <span class='ocrx_word' id='word_1_186' title='bbox 850 2820 885 2883; x_wconf 90' lang='lat' dir='ltr'>id</span> <span class='ocrx_word' id='word_1_187' title='bbox 906 2833 982 2884; x_wconf 92' lang='lat' dir='ltr'>erat</span> <span class='ocrx_word' id='word_1_188' title='bbox 1005 2820 1099 2901; x_wconf 91' lang='lat' dir='ltr'>quod</span> <span class='ocrx_word' id='word_1_189' title='bbox 1117 2818 1284 2898; x_wconf 86' lang='lat' dir='ltr'>dicerem,</span> 
     </span>
     <span class='ocr_line' id='line_1_24' title="bbox 90 2926 1192 3004; baseline -0.001 -16"><span class='ocrx_word' id='word_1_190' title='bbox 90 2927 297 2991; x_wconf 69' lang='lat' dir='ltr'>»nfitentium</span> <span class='ocrx_word' id='word_1_191' title='bbox 311 2937 345 2990; x_wconf 90' lang='lat' dir='ltr'>et</span> <span class='ocrx_word' id='word_1_192' title='bbox 360 2928 698 2992; x_wconf 89' lang='lat' dir='ltr'>communicantium</span> <span class='ocrx_word' id='word_1_193' title='bbox 713 2944 899 2991; x_wconf 89' lang='lat' dir='ltr'>numerum</span> <span class='ocrx_word' id='word_1_194' title='bbox 914 2926 1040 2989; x_wconf 90' lang='lat' dir='ltr'>indies</span> <span class='ocrx_word' id='word_1_195' title='bbox 1055 2927 1192 3004; x_wconf 81' lang='lat' dir='ltr'>augeri.</span> 
     </span>
    </p>

    <p class='ocr_par' dir='ltr' id='par_1_5' title="bbox 90 3031 1284 3754">
     <span class='ocr_line' id='line_1_25' title="bbox 111 3031 1284 3098; baseline -0.001 -2"><span class='ocrx_word' id='word_1_196' title='bbox 111 3032 152 3096; x_wconf 90' lang='grc' dir='ltr'>Ρ.</span> <span class='ocrx_word' id='word_1_197' title='bbox 169 3033 371 3097; x_wconf 88' lang='lat' dir='ltr'>Euerardus</span> <span class='ocrx_word' id='word_1_198' title='bbox 387 3034 510 3098; x_wconf 90' lang='lat' dir='ltr'>diebus</span> <span class='ocrx_word' id='word_1_199' title='bbox 522 3035 708 3098; x_wconf 88' lang='lat' dir='ltr'>dominicis</span> <span class='ocrx_word' id='word_1_200' title='bbox 724 3035 974 3098; x_wconf 91' lang='lat' dir='ltr'>concionatur:</span> <span class='ocrx_word' id='word_1_201' title='bbox 996 3042 1031 3096; x_wconf 92' lang='lat' dir='ltr'>et</span> <span class='ocrx_word' id='word_1_202' title='bbox 1050 3032 1191 3095; x_wconf 88' lang='lat' dir='ltr'>ueneris</span> <span class='ocrx_word' id='word_1_203' title='bbox 1213 3031 1284 3095; x_wconf 88' lang='lat' dir='ltr'>die·</span> 
     </span>
     <span class='ocr_line' id='line_1_26' title="bbox 90 3136 1283 3220; baseline -0.003 -16"><span class='ocrx_word' id='word_1_204' title='bbox 90 3158 120 3204; x_wconf 83' lang='lat' dir='ltr'>rs</span> <span class='ocrx_word' id='word_1_205' title='bbox 136 3150 172 3203; x_wconf 91' lang='lat' dir='ltr'>et</span> <span class='ocrx_word' id='word_1_206' title='bbox 187 3140 285 3203; x_wconf 88' lang='lat' dir='ltr'>fest-is</span> <span class='ocrx_word' id='word_1_207' title='bbox 299 3140 337 3203; x_wconf 92' lang='lat' dir='ltr'>P.</span> <span class='ocrx_word' id='word_1_208' title='bbox 354 3140 530 3220; x_wconf 80' lang='lat' dir='ltr'>Andreas,</span> <span class='ocrx_word' id='word_1_209' title='bbox 548 3141 648 3204; x_wconf 88' lang='lat' dir='ltr'>cuius</span> <span class='ocrx_word' id='word_1_210' title='bbox 665 3158 774 3220; x_wconf 89' lang='lat' dir='ltr'>opera</span> <span class='ocrx_word' id='word_1_211' title='bbox 788 3140 956 3220; x_wconf 85' lang='lat' dir='ltr'>Episcopi</span> <span class='ocrx_word' id='word_1_212' title='bbox 972 3136 1138 3202; x_wconf 83' lang='lat' dir='ltr'>Vicarius</span> <span class='ocrx_word' id='word_1_213' title='bbox 1153 3137 1199 3200; x_wconf 94' lang='lat' dir='ltr'>ad</span> <span class='ocrx_word' id='word_1_214' title='bbox 1209 3139 1283 3218; x_wconf 91' lang='lat' dir='ltr'>plu·</span> 
     </span>
     <span class='ocr_line' id='line_1_27' title="bbox 90 3230 1283 3328; baseline -0.003 -18"><span class='ocrx_word' id='word_1_215' title='bbox 90 3260 162 3310; x_wconf 87' lang='lat' dir='ltr'>nas</span> <span class='ocrx_word' id='word_1_216' title='bbox 177 3264 235 3309; x_wconf 91' lang='lat' dir='ltr'>res</span> <span class='ocrx_word' id='word_1_217' title='bbox 249 3247 370 3323; x_wconf 88' lang='lat' dir='ltr'>utitur,</span> <span class='ocrx_word' id='word_1_218' title='bbox 388 3248 597 3328; x_wconf 89' lang='lat' dir='ltr'>praesertim</span> <span class='ocrx_word' id='word_1_219' title='bbox 611 3248 657 3311; x_wconf 91' lang='lat' dir='ltr'>ad</span> <span class='ocrx_word' id='word_1_220' title='bbox 677 3247 882 3311; x_wconf 90' lang='lat' dir='ltr'>monialium</span> <span class='ocrx_word' id='word_1_221' title='bbox 902 3247 1013 3309; x_wconf 91' lang='lat' dir='ltr'>uitam</span> <span class='ocrx_word' id='word_1_222' title='bbox 1034 3245 1164 3325; x_wconf 92' lang='lat' dir='ltr'>optime</span> <span class='ocrx_word' id='word_1_223' title='bbox 1183 3230 1283 3306; x_wconf 84' lang='lat' dir='ltr'>insti·</span> 
     </span>
     <span class='ocr_line' id='line_1_28' title="bbox 90 3350 1284 3436; baseline -0.005 -18"><span class='ocrx_word' id='word_1_224' title='bbox 90 3353 229 3418; x_wconf 78' lang='lat' dir='ltr'>endam.</span> <span class='ocrx_word' id='word_1_225' title='bbox 245 3352 351 3417; x_wconf 92' lang='lat' dir='ltr'>Fiunt</span> <span class='ocrx_word' id='word_1_226' title='bbox 366 3355 401 3417; x_wconf 91' lang='lat' dir='ltr'>in</span> <span class='ocrx_word' id='word_1_227' title='bbox 417 3355 485 3417; x_wconf 90' lang='lat' dir='ltr'>hac</span> <span class='ocrx_word' id='word_1_228' title='bbox 500 3354 586 3418; x_wconf 92' lang='lat' dir='ltr'>urbe</span> <span class='ocrx_word' id='word_1_229' title='bbox 601 3371 813 3436; x_wconf 89' lang='lat' dir='ltr'>unoquoque</span> <span class='ocrx_word' id='word_1_230' title='bbox 835 3354 891 3417; x_wconf 93' lang='lat' dir='ltr'>die</span> <span class='ocrx_word' id='word_1_231' title='bbox 907 3352 1083 3434; x_wconf 88' lang='lat' dir='ltr'>quaedam</span> <span class='ocrx_word' id='word_1_232' title='bbox 1102 3350 1284 3414; x_wconf 92' lang='lat' dir='ltr'>hominum</span> 
     </span>
     <span class='ocr_line' id='line_1_29' title="bbox 90 3452 1284 3542; baseline -0.004 -17"><span class='ocrx_word' id='word_1_233' title='bbox 90 3460 312 3539; x_wconf 87' lang='lat' dir='ltr'>nuenticula,</span> <span class='ocrx_word' id='word_1_234' title='bbox 330 3462 375 3524; x_wconf 93' lang='lat' dir='ltr'>ad</span> <span class='ocrx_word' id='word_1_235' title='bbox 390 3479 481 3542; x_wconf 90' lang='lat' dir='ltr'>quae</span> <span class='ocrx_word' id='word_1_236' title='bbox 495 3462 701 3541; x_wconf 87' lang='lat' dir='ltr'>saepissime</span> <span class='ocrx_word' id='word_1_237' title='bbox 725 3469 877 3524; x_wconf 91' lang='lat' dir='ltr'>uocatus</span> <span class='ocrx_word' id='word_1_238' title='bbox 900 3459 938 3522; x_wconf 90' lang='lat' dir='ltr'>P.</span> <span class='ocrx_word' id='word_1_239' title='bbox 959 3458 1125 3523; x_wconf 85' lang='lat' dir='ltr'>Andreas</span> <span class='ocrx_word' id='word_1_240' title='bbox 1145 3452 1284 3521; x_wconf 80' lang='lat' dir='ltr'>concio·</span> 
     </span>
     <span class='ocr_line' id='line_1_30' title="bbox 90 3563 1283 3648; baseline -0.006 -15"><span class='ocrx_word' id='word_1_241' title='bbox 90 3580 167 3633; x_wconf 91' lang='lat' dir='ltr'>tur.</span> <span class='ocrx_word' id='word_1_242' title='bbox 187 3566 231 3630; x_wconf 90' lang='lat' dir='ltr'>Et</span> <span class='ocrx_word' id='word_1_243' title='bbox 252 3585 364 3647; x_wconf 88' lang='lat' dir='ltr'>nuper</span> <span class='ocrx_word' id='word_1_244' title='bbox 385 3569 421 3631; x_wconf 93' lang='lat' dir='ltr'>in</span> <span class='ocrx_word' id='word_1_245' title='bbox 441 3566 566 3631; x_wconf 91' lang='lat' dir='ltr'>maiori</span> <span class='ocrx_word' id='word_1_246' title='bbox 589 3567 676 3631; x_wconf 92' lang='lat' dir='ltr'>aede</span> <span class='ocrx_word' id='word_1_247' title='bbox 696 3567 841 3648; x_wconf 91' lang='lat' dir='ltr'>quidam</span> <span class='ocrx_word' id='word_1_248' title='bbox 861 3566 1092 3629; x_wconf 89' lang='lat' dir='ltr'>concionatus</span> <span class='ocrx_word' id='word_1_249' title='bbox 1107 3566 1217 3629; x_wconf 91' lang='lat' dir='ltr'>multa</span> <span class='ocrx_word' id='word_1_250' title='bbox 1238 3563 1283 3628; x_wconf 91' lang='lat' dir='ltr'>de</span> 
     </span>
     <span class='ocr_line' id='line_1_31' title="bbox 90 3671 615 3754; baseline -0.004 -15"><span class='ocrx_word' id='word_1_251' title='bbox 90 3685 175 3739; x_wconf 91' lang='lat' dir='ltr'>stra</span> <span class='ocrx_word' id='word_1_252' title='bbox 190 3671 368 3738; x_wconf 89' lang='lat' dir='ltr'>Societate</span> <span class='ocrx_word' id='word_1_253' title='bbox 382 3674 615 3754; x_wconf 89' lang='lat' dir='ltr'>praedicauit.</span> 
     </span>
    </p>

    <p class='ocr_par' dir='ltr' id='par_1_6' title="bbox 89 3776 1282 4712">
     <span class='ocr_line' id='line_1_32' title="bbox 104 3776 1282 3860; baseline -0.007 -14"><span class='ocrx_word' id='word_1_254' title='bbox 104 3779 182 3846; x_wconf 91' lang='lat' dir='ltr'>Sed</span> <span class='ocrx_word' id='word_1_255' title='bbox 196 3798 240 3844; x_wconf 93' lang='lat' dir='ltr'>ne</span> <span class='ocrx_word' id='word_1_256' title='bbox 254 3781 382 3843; x_wconf 90' lang='lat' dir='ltr'>nimius</span> <span class='ocrx_word' id='word_1_257' title='bbox 397 3783 433 3844; x_wconf 92' lang='lat' dir='ltr'>in</span> <span class='ocrx_word' id='word_1_258' title='bbox 448 3781 515 3843; x_wconf 90' lang='lat' dir='ltr'>hoc</span> <span class='ocrx_word' id='word_1_259' title='bbox 529 3797 661 3860; x_wconf 87' lang='lat' dir='ltr'>genere</span> <span class='ocrx_word' id='word_1_260' title='bbox 676 3780 810 3856; x_wconf 91' lang='lat' dir='ltr'>uidear,</span> <span class='ocrx_word' id='word_1_261' title='bbox 828 3780 871 3843; x_wconf 94' lang='lat' dir='ltr'>de</span> <span class='ocrx_word' id='word_1_262' title='bbox 887 3779 1129 3843; x_wconf 89' lang='lat' dir='ltr'>doctrinarum</span> <span class='ocrx_word' id='word_1_263' title='bbox 1149 3776 1282 3840; x_wconf 89' lang='lat' dir='ltr'>nostris</span> 
     </span>
     <span class='ocr_line' id='line_1_33' title="bbox 90 3882 1280 3968; baseline -0.007 -15"><span class='ocrx_word' id='word_1_264' title='bbox 90 3888 178 3953; x_wconf 83' lang='lat' dir='ltr'>tdiis</span> <span class='ocrx_word' id='word_1_265' title='bbox 192 3889 360 3951; x_wconf 90' lang='lat' dir='ltr'>nonnulla</span> <span class='ocrx_word' id='word_1_266' title='bbox 376 3887 525 3951; x_wconf 90' lang='lat' dir='ltr'>dicenda</span> <span class='ocrx_word' id='word_1_267' title='bbox 540 3897 634 3950; x_wconf 89' lang='lat' dir='ltr'>sunt.</span> <span class='ocrx_word' id='word_1_268' title='bbox 652 3887 786 3968; x_wconf 90' lang='lat' dir='ltr'>Atque,</span> <span class='ocrx_word' id='word_1_269' title='bbox 804 3896 842 3951; x_wconf 91' lang='lat' dir='ltr'>ut</span> <span class='ocrx_word' id='word_1_270' title='bbox 858 3886 943 3949; x_wconf 89' lang='lat' dir='ltr'>illud</span> <span class='ocrx_word' id='word_1_271' title='bbox 963 3886 1162 3963; x_wconf 91' lang='lat' dir='ltr'>omittatur,</span> <span class='ocrx_word' id='word_1_272' title='bbox 1178 3882 1280 3946; x_wconf 91' lang='lat' dir='ltr'>disci·</span> 
     </span>
     <span class='ocr_line' id='line_1_34' title="bbox 89 3992 1281 4074; baseline -0.007 -15"><span class='ocrx_word' id='word_1_273' title='bbox 89 4001 214 4059; x_wconf 91' lang='lat' dir='ltr'>lorum</span> <span class='ocrx_word' id='word_1_274' title='bbox 228 4011 413 4057; x_wconf 90' lang='lat' dir='ltr'>numerum</span> <span class='ocrx_word' id='word_1_275' title='bbox 427 3994 584 4074; x_wconf 89' lang='lat' dir='ltr'>quotidie</span> <span class='ocrx_word' id='word_1_276' title='bbox 605 3995 776 4057; x_wconf 89' lang='lat' dir='ltr'>maiorem</span> <span class='ocrx_word' id='word_1_277' title='bbox 797 3992 892 4071; x_wconf 89' lang='lat' dir='ltr'>fieri,</span> <span class='ocrx_word' id='word_1_278' title='bbox 915 3992 983 4055; x_wconf 90' lang='lat' dir='ltr'>hoc</span> <span class='ocrx_word' id='word_1_279' title='bbox 1002 4006 1281 4055; x_wconf 89' lang='lat' dir='ltr'>commemoran-</span> 
     </span>
     <span class='ocr_line' id='line_1_35' title="bbox 90 4094 1278 4180; baseline -0.006 -15"><span class='ocrx_word' id='word_1_280' title='bbox 90 4118 143 4165; x_wconf 92' lang='lat' dir='ltr'>m:</span> <span class='ocrx_word' id='word_1_281' title='bbox 160 4099 335 4180; x_wconf 91' lang='lat' dir='ltr'>quosdam</span> <span class='ocrx_word' id='word_1_282' title='bbox 350 4101 539 4178; x_wconf 89' lang='lat' dir='ltr'>optimates</span> <span class='ocrx_word' id='word_1_283' title='bbox 555 4109 590 4163; x_wconf 90' lang='lat' dir='ltr'>et</span> <span class='ocrx_word' id='word_1_284' title='bbox 605 4100 774 4180; x_wconf 86' lang='lat' dir='ltr'>Episcopi</span> <span class='ocrx_word' id='word_1_285' title='bbox 789 4100 977 4163; x_wconf 90' lang='lat' dir='ltr'>Vicarium</span> <span class='ocrx_word' id='word_1_286' title='bbox 996 4117 1017 4160; x_wconf 91' lang='lat' dir='ltr'>a</span> <span class='ocrx_word' id='word_1_287' title='bbox 1038 4097 1193 4160; x_wconf 91' lang='lat' dir='ltr'>ciuitatis</span> <span class='ocrx_word' id='word_1_288' title='bbox 1208 4094 1278 4159; x_wconf 91' lang='lat' dir='ltr'>Gu-</span> 
     </span>
     <span class='ocr_line' id='line_1_36' title="bbox 90 4203 1279 4286; baseline -0.005 -15"><span class='ocrx_word' id='word_1_289' title='bbox 90 4216 237 4272; x_wconf 87' lang='lat' dir='ltr'>rnatore</span> <span class='ocrx_word' id='word_1_290' title='bbox 267 4207 481 4284; x_wconf 91' lang='lat' dir='ltr'>obtinuisse,</span> <span class='ocrx_word' id='word_1_291' title='bbox 512 4216 571 4285; x_wconf 94' lang='lat' dir='ltr'>ut,</span> <span class='ocrx_word' id='word_1_292' title='bbox 602 4208 770 4286; x_wconf 90' lang='lat' dir='ltr'>quoniam</span> <span class='ocrx_word' id='word_1_293' title='bbox 799 4208 834 4268; x_wconf 90' lang='lat' dir='ltr'>in</span> <span class='ocrx_word' id='word_1_294' title='bbox 861 4206 928 4268; x_wconf 89' lang='lat' dir='ltr'>hac</span> <span class='ocrx_word' id='word_1_295' title='bbox 955 4203 1149 4268; x_wconf 88' lang='lat' dir='ltr'>Academia</span> <span class='ocrx_word' id='word_1_296' title='bbox 1174 4219 1279 4266; x_wconf 92' lang='lat' dir='ltr'>nemo</span> 
     </span>
     <span class='ocr_line' id='line_1_37' title="bbox 90 4308 1279 4393; baseline -0.006 -14"><span class='ocrx_word' id='word_1_297' title='bbox 90 4329 181 4379; x_wconf 87' lang='lat' dir='ltr'>aeca</span> <span class='ocrx_word' id='word_1_298' title='bbox 197 4313 414 4392; x_wconf 85' lang='lat' dir='ltr'>profiteatur,</span> <span class='ocrx_word' id='word_1_299' title='bbox 430 4323 592 4375; x_wconf 89' lang='lat' dir='ltr'>nostrum</span> <span class='ocrx_word' id='word_1_300' title='bbox 607 4312 735 4393; x_wconf 88' lang='lat' dir='ltr'>aliquis</span> <span class='ocrx_word' id='word_1_301' title='bbox 749 4328 882 4390; x_wconf 89' lang='lat' dir='ltr'>graeca</span> <span class='ocrx_word' id='word_1_302' title='bbox 903 4320 937 4373; x_wconf 91' lang='lat' dir='ltr'>et</span> <span class='ocrx_word' id='word_1_303' title='bbox 958 4319 1071 4373; x_wconf 89' lang='lat' dir='ltr'>artem</span> <span class='ocrx_word' id='word_1_304' title='bbox 1086 4308 1279 4372; x_wconf 91' lang='lat' dir='ltr'>oratoriam</span> 
     </span>
     <span class='ocr_line' id='line_1_38' title="bbox 92 4415 1280 4501; baseline -0.004 -18"><span class='ocrx_word' id='word_1_305' title='bbox 92 4440 117 4484; x_wconf 94' lang='lat' dir='ltr'>a</span> <span class='ocrx_word' id='word_1_306' title='bbox 129 4418 366 4501; x_wconf 89' lang='lat' dir='ltr'>profiteretur.</span> <span class='ocrx_word' id='word_1_307' title='bbox 380 4419 417 4482; x_wconf 91' lang='lat' dir='ltr'>ld</span> <span class='ocrx_word' id='word_1_308' title='bbox 429 4418 522 4499; x_wconf 89' lang='lat' dir='ltr'>quod</span> <span class='ocrx_word' id='word_1_309' title='bbox 534 4429 569 4481; x_wconf 91' lang='lat' dir='ltr'>et</span> <span class='ocrx_word' id='word_1_310' title='bbox 580 4419 716 4483; x_wconf 90' lang='lat' dir='ltr'>ciuitati</span> <span class='ocrx_word' id='word_1_311' title='bbox 727 4419 854 4482; x_wconf 89' lang='lat' dir='ltr'>honori</span> <span class='ocrx_word' id='word_1_312' title='bbox 865 4425 898 4480; x_wconf 91' lang='lat' dir='ltr'>et</span> <span class='ocrx_word' id='word_1_313' title='bbox 910 4415 1102 4496; x_wconf 89' lang='lat' dir='ltr'>discipulis,</span> <span class='ocrx_word' id='word_1_314' title='bbox 1113 4416 1173 4495; x_wconf 92' lang='lat' dir='ltr'>qui</span> <span class='ocrx_word' id='word_1_315' title='bbox 1185 4415 1280 4479; x_wconf 91' lang='lat' dir='ltr'>istud</span> 
     </span>
     <span class='ocr_line' id='line_1_39' title="bbox 90 4523 1279 4608; baseline -0.005 -17"><span class='ocrx_word' id='word_1_316' title='bbox 90 4545 155 4608; x_wconf 90' lang='lat' dir='ltr'>epe</span> <span class='ocrx_word' id='word_1_317' title='bbox 171 4527 405 4607; x_wconf 86' lang='lat' dir='ltr'>postularant,</span> <span class='ocrx_word' id='word_1_318' title='bbox 422 4535 630 4606; x_wconf 89' lang='lat' dir='ltr'>pergratum</span> <span class='ocrx_word' id='word_1_319' title='bbox 646 4527 721 4589; x_wconf 87' lang='lat' dir='ltr'>lore</span> <span class='ocrx_word' id='word_1_320' title='bbox 737 4524 991 4604; x_wconf 89' lang='lat' dir='ltr'>intelligebant.</span> <span class='ocrx_word' id='word_1_321' title='bbox 1008 4523 1197 4585; x_wconf 89' lang='lat' dir='ltr'>Praeterea</span> <span class='ocrx_word' id='word_1_322' title='bbox 1219 4539 1279 4585; x_wconf 92' lang='lat' dir='ltr'>uo·</span> 
     </span>
     <span class='ocr_line' id='line_1_40' title="bbox 89 4627 1279 4712; baseline -0.005 -14"><span class='ocrx_word' id='word_1_323' title='bbox 89 4637 112 4698; x_wconf 90' lang='lat' dir='ltr'>it</span> <span class='ocrx_word' id='word_1_324' title='bbox 128 4633 356 4696; x_wconf 90' lang='lat' dir='ltr'>Gubernator</span> <span class='ocrx_word' id='word_1_325' title='bbox 367 4641 406 4695; x_wconf 94' lang='lat' dir='ltr'>ut</span> <span class='ocrx_word' id='word_1_326' title='bbox 418 4632 544 4709; x_wconf 90' lang='lat' dir='ltr'>oratio,</span> <span class='ocrx_word' id='word_1_327' title='bbox 558 4649 649 4712; x_wconf 91' lang='lat' dir='ltr'>quae</span> <span class='ocrx_word' id='word_1_328' title='bbox 662 4632 765 4694; x_wconf 90' lang='lat' dir='ltr'>huius</span> <span class='ocrx_word' id='word_1_329' title='bbox 779 4631 995 4696; x_wconf 90' lang='lat' dir='ltr'>Academiae</span> <span class='ocrx_word' id='word_1_330' title='bbox 1008 4627 1201 4693; x_wconf 90' lang='lat' dir='ltr'>studiorum</span> <span class='ocrx_word' id='word_1_331' title='bbox 1215 4629 1279 4692; x_wconf 92' lang='lat' dir='ltr'>ini-</span> 
     </span>
    </p>
   </div>
   <div class='ocr_carea' id='block_1_3' title="bbox 0 0 1610 5392">
    <p class='ocr_par' dir='ltr' id='par_1_7' title="bbox 0 0 1610 5392">
     <span class='ocr_line' id='line_1_41' title="bbox 0 0 1610 5392; baseline 0 0"><span class='ocrx_word' id='word_1_332' title='bbox 0 0 1610 5392; x_wconf 95' lang='lat' dir='ltr'> </span> 
     </span>
    </p>
   </div>
  </div>
 </body>
</html>
