3240 5386
188 426 242 483 610
581 422 1034 488 errnnneouxonruusrnus

187 570 277 633 nicis
292 586 334 630 ac
350 567 449 630 lestis
460 566 583 629 diebus
595 566 810 629 salutaribus
822 568 1023 646 praeceptis
1035 568 1276 647 informarent,
1288 568 1385 648 quibus

187 679 280 739 iusta
294 673 494 755 petentibus
513 674 638 752 negari
661 673 746 736 nihil
766 674 890 753 potuit:
912 691 1007 736 nunc
1025 673 1119 737 enim
1142 674 1244 738 fratri
1263 674 1383 743 cuidant.

117 829 119 832 -
188 800 281 846 nunc
297 780 406 848 Patri.
422 781 489 842 hoc
506 780 686 858 negotium
701 780 863 858 dabatur,
878 797 966 860 quos
979 780 1089 844 uincti
1101 798 1240 845 summa
1255 781 1385 845 alacritu-

187 903 220 952 te
236 899 270 951 et
283 888 418 951 laetitia
432 886 670 966 excipiebant.
684 885 788 949 Hunc
804 886 957 949 arbitror
973 887 1131 951 laborem
1143 887 1221 950 Deo
1237 898 1302 968 opt.
1313 904 1383 951 max.

187 1014 258 1058 non
273 997 453 1074 ingratum
467 993 587 1071 fuisse,
606 1003 679 1055 tum
695 994 790 1073 quod
806 994 944 1057 externi
961 994 1168 1074 spiritaliter
1184 993 1386 1059 aedificaban-

188 1112 255 1179 tur,
272 1112 347 1165 tum
362 1101 457 1179 quod
473 1117 639 1178 magnam
658 1100 845 1162 utilitatem
861 1101 1043 1164 auditores
1058 1101 1307 1181 percipiebant.
1320 1100 1387 1163 Tun·

187 1222 224 1271 ta
240 1218 293 1271 est
308 1208 393 1270 inibi
413 1207 471 1269 sex
490 1216 525 1268 et
546 1206 683 1268 sentina
705 1209 889 1284 malorum,
914 1217 1013 1270 tanta
1034 1208 1218 1272 hominum
1234 1205 1386 1272 multitudo

188 1326 221 1378 et
237 1315 403 1392 uarietas,
414 1313 635 1392 judaeorum,
648 1329 864 1390 maurorum,
878 1313 1152 1393 haereticorum,
1166 1314 1384 1386 ueneficorum,

186 1423 248 1502 qui
262 1431 448 1484 anteactae
463 1421 557 1484 uitae
574 1420 788 1499 poenitentia
805 1420 901 1483 ducti
923 1432 1153 1500 peccatorum
1174 1439 1313 1485 suorum
1328 1435 1386 1500 poe-

187 1548 252 1592 nas
267 1530 303 1592 in
318 1528 469 1590 uinculis
483 1529 594 1604 luunt;
612 1526 707 1606 quod
722 1527 753 1589 si
768 1528 840 1590 ulla
856 1525 961 1590 fiebat
982 1528 1215 1607 intermissio,
1233 1546 1308 1592 curn
1320 1526 1387 1591 aliae

188 1644 409 1714 emergerent
431 1634 694 1714 occupationes
720 1651 857 1696 summo
879 1634 1135 1714 propemodum
1156 1636 1278 1699 dolore
1298 1632 1385 1697 allecti

188 1743 413 1805 uehementer
429 1741 605 1819 rogabant
620 1759 665 1804 ne
680 1759 718 1803 se
733 1741 849 1803 deseri
861 1757 951 1803 neue
966 1751 1065 1804 tanto
1081 1744 1268 1807 commodo
1282 1738 1387 1822 priuati

188 1859 402 1929 pateremur.

252 1954 306 2019 De
323 1957 377 2018 his
392 1955 497 2017 rebus
511 1955 694 2033 hactenus;
712 1973 804 2017 nunc
820 1956 865 2018 ad
879 1956 1076 2019 studiorum
1093 1970 1294 2021 nostrorum
1307 1956 1386 2020 ratio·

188 2081 267 2127 nem
283 2063 401 2125 redeo.
420 2062 685 2142 PraeceptoreS,
702 2073 835 2142 quanta
848 2063 994 2143 quisque
1005 2074 1121 2143 potest
1134 2064 1304 2128 industria
1318 2059 1385 2125 etdi·

186 2171 344 2251 ligentia,
367 2169 583 2232 contendunt
602 2187 673 2232 non
693 2171 808 2232 minus
829 2169 939 2233 literis
959 2188 1065 2250 quam
1085 2171 1276 2236 uirtutibus
1295 2169 1384 2234 adole-

188 2286 348 2341 scentum
364 2277 501 2339 animos
516 2278 690 2354 excolere,
707 2294 776 2356 qua
798 2277 888 2339 inre
909 2285 943 2339 et
964 2277 1086 2339 sibiet
1105 2277 1287 2358 discipulis
1306 2272 1382 2358 pluri·

188 2401 284 2446 mum
297 2381 495 2463 proliciunt;
509 2400 573 2445 nec
586 2383 759 2446 bonorum
771 2382 969 2459 authorum,
984 2401 1072 2463 quos
1084 2386 1226 2464 publice
1237 2391 1385 2449 enarrant.

190 2492 337 2554 lectione
354 2491 521 2568 contenti,
538 2490 637 2553 horis
656 2491 860 2553 succissiuis
880 2490 969 2553 alios
991 2492 1174 2571 utriusque
1197 2494 1330 2574 linguae
1344 2503 1385 2550 au·

186 2600 305 2661 thores
320 2599 498 2661 euoluunt.
519 2595 597 2660 Non
617 2597 768 2676 exiguus
790 2608 843 2660 est
863 2597 1128 2676 ingeniosorum
1153 2599 1384 2663 adolescentum

186 2714 391 2785 prouentus,
414 2721 564 2783 quorum
583 2704 684 2766 multi
704 2720 872 2782 magnam
892 2703 935 2766 de
955 2721 993 2766 se
1015 2721 1114 2783 spem
1141 2706 1294 2785 quotidie
1317 2698 1383 2767 exci-

186 2822 273 2874 tant.
291 2810 412 2890 Neque
428 2811 553 2872 desunt
568 2810 677 2871 nobili
693 2812 772 2872 loco
788 2811 861 2871 nati
877 2809 1131 2888 adolescentes
1149 2813 1210 2892 qui
1226 2823 1260 2876 et
1273 2805 1383 2890 ingenio

185 2932 218 2981 et
235 2918 407 2981 industria
424 2934 494 2978 non
510 2928 590 2978 sunt
605 2918 755 2978 caeteris
772 2917 967 2978 inferiores.
990 2916 1102 2980 Maior
1123 2919 1159 2980 in
1180 2919 1256 2982 dies
1271 2929 1382 2982 concur·

186 3043 246 3086 sus
261 3024 308 3098 srt,
326 3025 508 3102 maiorque
525 3023 687 3084 omnibus
703 3023 878 3102 cupiditas
895 3024 1049 3102 incessit;
1065 3042 1179 3103 neque
1191 3027 1382 3089 enimaestus

185 3131 334 3193 saeuitia
351 3131 455 3192 ullius
471 3147 626 3208 unquam
642 3130 795 3191 studium
808 3130 1002 3192 retardauit
1015 3132 1205 3209 quominus
1217 3132 1382 3213 frequentes

186 3239 360 3313 uenirent,
379 3254 447 3315 quo
464 3246 621 3314 tempore
638 3237 726 3298 mira
742 3237 905 3314 paucitas
920 3254 999 3298 esse
1015 3237 1116 3299 solet.
1130 3228 1381 3301 Humanioresli·

184 3356 282 3406 torae
304 3355 439 3422 septem
460 3343 632 3405 classibus
655 3343 858 3405 edocentur.
882 3343 1100 3422 Theologiae
1123 3362 1231 3409 casus
1251 3348 1381 3408 octauam

184 3460 416 3528 occuparunt.
435 3450 624 3511 Crescente
640 3459 755 3510 autem
773 3450 1068 3512 scholasticorum
1089 3469 1251 3531 numero,
1270 3451 1343 3514 adeo
1357 3450 1382 3500 ut

186 3573 315 3634 capere
333 3557 514 3618 uenientes
529 3557 694 3618 subsellia
715 3574 784 3617 non
807 3566 961 3633 possent,
984 3557 1155 3635 singulari
1175 3557 1290 3621 Patris
1309 3551 1382 3619 Miro

187 3665 242 3726 nis
258 3663 404 3724 consilio
421 3673 563 3725 cautum
579 3672 690 3724 estne
707 3663 766 3724 ulli
783 3663 899 3724 aditus
914 3672 1018 3738 esset,
1035 3663 1103 3726 nisi
1115 3664 1169 3740 iis,
1184 3666 1244 3745 qui
1256 3664 1296 3727 ad
1310 3667 1380 3733 supe<

187 3774 300 3833 riores
322 3771 455 3831 classes
478 3769 688 3847 aspirarent,
712 3787 792 3831 cum
812 3770 847 3831 in
868 3769 1093 3832 inferioribus
1118 3787 1271 3849 magnae
1294 3761 1381 3832 esseut

185 3876 382 3955 angustiae.
402 3874 592 3954 Quingenti
609 3876 716 3952 igitur
732 3877 809 3954 plus
822 3877 936 3938 minus
949 3877 984 3938 in
993 3877 1173 3956 publicum
1186 3875 1380 3949 cathaloguffl

184 3984 286 4046 relati
299 3992 391 4058 sunt;
405 3983 558 4061 quinque
571 3992 603 4043 ct
617 3982 741 4059 uiginti
754 3984 891 4061 excipio
904 3983 1159 4058 adolescentes
1175 3985 1234 4064 qui
1246 4002 1287 4046 ex
1299 3975 1382 4062 prima

186 4092 300 4152 classe
316 4089 360 4150 ad
376 4090 562 4166 grauiores
578 4089 814 4166 capessendas
830 4089 1036 4167 disciplinas
1048 4090 1267 4170 prodierunt,
1283 4074 1381 4152 curuifl

184 4196 325 4274 graccis
341 4205 374 4256 et
389 4195 508 4256 latinis
524 4212 594 4256 non
608 4211 734 4272 parum
750 4195 1022 4273 promouissent;
1040 4196 1099 4257 alii
1116 4197 1161 4258 ad
1174 4197 1334 4277 ingenuas
1345 4196 1381 4245 us·

182 4316 244 4378 teS,
266 4302 324 4389 alii
340 4301 384 4361 ad
400 4300 710 4379 iurisprudentiam
729 4302 866 4362 animos
886 4301 1101 4364 adiecerunt.
1121 4302 1280 4382 Vrgente
1295 4300 1381 4362 autem

185 4427 278 4484 uere,
298 4418 335 4469 vt
351 4416 537 4469 contracta
549 4406 719 4468 lassitudo
731 4408 847 4468 leuato
859 4424 965 4469 onere
978 4408 1151 4488 tantisper
1164 4393 1380 4479 leuaretur,bi·

187 4534 251 4575 nae
267 4514 428 4591 singulae
443 4512 521 4589 (sic)
536 4513 832 4591 praelectionibus
847 4514 1021 4575 dabantur
1039 4515 1160 4592 horae,
1174 4533 1245 4595 quo
1258 4517 1381 4590 tempore

181 4621 326 4701 quidam
343 4638 387 4680 ex
404 4621 535 4681 nostris
550 4637 612 4680 cas
629 4621 872 4697 perceptiones
893 4621 926 4680 in
949 4636 1079 4697 magna
1096 4622 1295 4684 auditorum
1312 4627 1383 4681 coro·
