3210 5392
178 433 234 493 558
565 434 736 493 Lamnas
755 452 1027 503 Quaumussrnas

180 598 226 643 ex
242 579 359 642 multis
374 596 624 658 proponamus
639 592 714 643 erat
726 582 782 643 vir
794 582 937 661 quidam
945 583 1135 646 admodum
1146 583 1309 658 factiosus,
1322 572 1364 655 qui

180 704 313 767 graues
324 687 527 749 inimicitias
542 689 741 765 exercebat,
756 691 1016 769 multorumque
1028 692 1238 770 sanguinem
1248 678 1374 770 quotidie
1461 736 1464 740 .

180 796 333 872 sitiebat,
350 811 528 873 quumque
543 795 573 856 is
588 795 631 856 ab
651 814 722 858 vno
741 814 787 859 ex
807 798 939 860 nostris
959 797 1126 860 Patribus
1142 808 1183 861 vt
1196 806 1314 861 tantam
1326 790 1379 853 Μ’

181 903 348 982 pietatem
364 900 556 980 deponeret
571 901 820 981 impelleretur,
838 920 1030 984 numquam
1044 905 1114 985 piis
1137 904 1275 968 monitis
1286 881 1389 994 volui}

182 1010 420 1090 acquiescere;
438 1015 519 1071 tunc
535 1007 641 1071 Pater
656 1011 713 1072 ille
728 1009 875 1074 addidit:
894 1010 980 1074 “nisi
999 1011 1069 1074 hoc
1089 1010 1227 1088 feceris,
1242 1009 1329 1074 breui
1349 986 1404 1052 ὃν

181 1118 300 1180 uiuam
315 1119 485 1181 vltionem
501 1119 726 1198 experieris,:
740 1135 847 1198 quam
862 1118 1173 1181 comminationem
1185 1119 1242 1181 ille
1253 1098 1419 1180 couteffl‘

182 1225 251 1304 psit
271 1235 306 1288 et
326 1227 548 1289 obstinatiori
568 1226 685 1288 animo
709 1226 744 1288 in
766 1235 914 1305 peccato
938 1227 1191 1305 perseuerauit.
1212 1224 1280 1289 Sed
1297 1187 1459 1335 9253<ss

183 1333 505 1395 misericordiarum
528 1343 562 1395 et
582 1332 679 1394 Deus
699 1332 806 1395 totius
822 1333 1090 1409 consolationis,
1108 1334 1169 1412 qui
1190 1337 1265 1395 vult
1284 1334 1388 1395 omi}
1402 1305 1464 1416 εἰ

184 1440 343 1501 homiues
365 1441 484 1501 saluos
506 1440 592 1516 fieri,
615 1449 654 1501 vt
676 1439 773 1501 illum
795 1439 961 1502 educeret
983 1438 1025 1501 de
1049 1439 1204 1503 tenebris
1228 1449 1261 1502 et
1282 1440 1372 1503 vml?
1395 1407 1464 1471 ς’

182 1547 315 1621 mortis,
333 1545 582 1609 ardentissima
596 1547 685 1609 febri
700 1548 878 1609 hominem
889 1547 1060 1620 uisitauit,
1078 1546 1173 1609 itavt
1189 1547 1281 1611 inter
1291 1548 1395 1610 incer
1430 1508 1464 1568 f

182 1652 240 1715 dia
255 1662 403 1715 mortem
418 1653 525 1715 etiam
539 1653 797 1715 extimesceret.
813 1652 871 1715 Ad
884 1653 1063 1715 saniorem
1073 1653 1182 1732 igitur
1194 1663 1341 1717 mentem
1352 1626 1464 1716 (⁴

182 1777 319 1837 uersuS,
341 1778 484 1823 manum
505 1759 648 1822 Domini
668 1760 826 1837 agnouit,
848 1768 893 1836 et,
913 1760 1104 1822 verborum
1125 1759 1243 1823 Patris
1262 1778 1370 1824 memo
1418 1748 1460 1781 ‘

183 1867 279 1929 illurn
292 1883 423 1945 magna
439 1866 626 1928 deuotione
640 1866 780 1942 acciuit,
797 1874 832 1928 et
847 1883 927 1928 cum
942 1866 1137 1929 abundanti
1152 1867 1256 1947 copia
1271 1848 1464 1946 lachrb

183 1990 321 2036 marum
342 1983 489 2053 peccata
505 1991 568 2035 sua
586 1982 639 2034 est
659 1972 852 2049 confessus,
878 1990 1088 2052 omnemque
1110 1972 1273 2036 odiorum
1293 1959 1464 2037 eumd

184 2082 255 2143 lum
272 2080 410 2143 abiecit:
427 2097 518 2159 quae
538 2097 596 2142 res
610 2090 644 2142 et
666 2080 715 2142 illi
729 2080 798 2158 ipsi
812 2089 846 2142 et
862 2079 940 2141 aliis
960 2081 1080 2142 multis
1100 2080 1296 2158 perfectam
1316 2063 1464 2144 laetss

184 2190 270 2251 tiam
287 2187 519 2265 comparauit.

244 2293 364 2357 Solent
384 2295 506 2357 Patres
522 2311 565 2356 ac
578 2293 708 2355 fratres
722 2292 920 2356 huiusmodi
936 2294 1245 2357 exhortationibus
1264 2307 1298 2358 et
1320 2293 1464 2358 infir-1

185 2419 323 2464 morum
339 2401 600 2463 visitationibus
619 2400 695 2463 Deo
718 2411 751 2463 et
771 2400 945 2481 proximis
962 2399 1111 2463 fideliter
1133 2401 1332 2479 deseruire,
1353 2397 1464 2464 tr‘t‘

184 2509 411 2586 buissentque
426 2507 593 2569 continuo
608 2506 700 2569 hanc
714 2524 858 2587 operam
877 2506 1087 2585 degentibus
1102 2507 1136 2569 in
1152 2507 1332 2588 hospitali,
1346 2509 1464 2571 nia

186 2616 347 2695 publicae
362 2631 405 2675 ac
420 2615 582 2693 priuatae
597 2614 847 2692 occupationes
863 2613 1092 2676 obstitissent.
1118 2613 1170 2677 Ea
1186 2625 1307 2678 tamen
1327 2633 1435 2679 curz-
1452 2615 1464 2626 ‘

186 2721 399 2784 demandata
415 2733 466 2782 est
491 2731 641 2799 quatuor
661 2719 905 2782 sacerdotibus
924 2720 1130 2796 lauretaniS,
1155 2723 1227 2800 qui,
1250 2724 1414 2802 quamui:
1436 2706 1464 2773 3

184 2828 413 2890 concionibus
429 2838 462 2889 et
482 2826 786 2889 adhortationibus
808 2844 879 2888 non
900 2843 943 2887 ea
959 2827 1078 2889 omnia
1101 2839 1296 2906 praestent,
1321 2842 1459 2910 qua?

185 2935 297 2996 nostri
323 2944 505 3013 praestare
531 2934 700 3007 solebant,
725 2934 774 2995 ita
794 2944 912 2995 tamen
934 2951 971 2994 se
996 2945 1137 3011 gerunt,
1162 2944 1200 2996 vt
1223 2938 1464 2999 commisse?

186 3040 321 3103 muneri
336 3040 542 3102 satisfacere
558 3041 757 3101 videantur.

244 3147 426 3225 intemplo
444 3147 672 3208 Beatissimae
685 3146 844 3219 Virginis
857 3147 998 3208 habitae
1010 3157 1092 3209 sunt
1108 3150 1300 3212 conciones
1316 3159 1408 3230 quot·
1442 3151 1464 3193 ‘-

184 3264 268 3332 quot
284 3254 406 3315 haberi
423 3253 552 3329 placuit
569 3252 720 3313 Domino
738 3252 975 3315 Gubernatori
994 3253 1013 3316 ¹:
1031 3255 1066 3315 in
1083 3255 1198 3317 media
1220 3257 1329 3319 ctiam
1345 3260 1397 3336 pla
1448 3260 1464 3301 ¹

186 3368 242 3420 tea
258 3370 292 3421 et
307 3361 341 3421 in
364 3360 501 3438 porticu
522 3359 642 3438 palatii
664 3360 866 3421 concionati
881 3370 960 3421 sunt
981 3359 1113 3422 fratres
1128 3372 1255 3424 contra
1278 3363 1416 3424 histrio·
1450 3369 1464 3399 ⁴

184 3484 248 3527 nes
262 3476 296 3527 et
315 3467 542 3545 impostores
564 3484 701 3528 necnon
723 3476 845 3527 contra
866 3467 1071 3528 saltantium
1094 3468 1283 3532 mulierum
1305 3481 1427 3532 cater‘
1444 3471 1464 3485 ”

185 3591 259 3634 uas.
279 3570 374 3634 Solet
390 3573 482 3633 enim
498 3573 646 3634 daemon
660 3573 695 3633 in
708 3572 846 3650 magnis
858 3574 1067 3651 populorum
1080 3575 1313 3638 concursibus
1327 3578 1435 3655 psal‘
1457 3613 1464 3622 ·

184 3680 329 3743 tatrices
354 3680 517 3741 mulieres
537 3680 580 3740 ad
603 3680 752 3741 choreas
778 3679 826 3740 ita
853 3679 1088 3754 inflammare,
1117 3692 1156 3743 vt
1177 3682 1212 3743 in
1238 3684 1433 3762 tripudiis·.·
1456 3709 1464 3722 ·

184 3787 347 3849 cantibus
362 3797 396 3848 et
412 3785 569 3865 cytharis
590 3796 710 3847 noctes
730 3787 909 3848 insomnes
931 3786 1134 3856 traducant;
1152 3791 1313 3868 soletque
1329 3791 1464 3853 tali&

186 3895 318 3957 abusus
339 3896 530 3956 multorum
553 3893 802 3956 scandalorum
825 3893 1011 3954 materiam
1032 3894 1319 3974 subministrare,
1343 3897 1438 3974 qui‘
1462 3935 1464 3939 .

186 4002 262 4078 bus,
280 4012 449 4080 quantum
465 4001 500 4062 in
515 4001 615 4061 nobis
632 4011 694 4075 est,
712 4000 857 4061 obviare
873 4015 1064 4076 numquam
1081 3998 1286 4064 desinimus

246 4107 445 4171 Literarum
462 4107 589 4183 studia,
608 4115 680 4168 tum
696 4106 865 4168 librorum
881 4105 1039 4184 penuria,
1057 4115 1132 4168 tum
1149 4109 1356 4171 tumultibus
1369 4112 1464 4169 ew

187 4225 299 4276 morte
315 4215 463 4276 duorum
479 4213 686 4275 Pontificum
707 4211 718 4242 ¹
740 4212 937 4287 concitatiS,
959 4220 1033 4273 tum
1052 4211 1204 4292 denique
1220 4215 1464 4277 mutation&

184 4322 292 4382 totius
308 4321 380 4383 fere
396 4321 544 4398 Collegii
559 4320 779 4381 Recanatum
793 4317 803 4346 ³
819 4328 964 4397 propter
987 4319 1081 4380 aeris
1100 4322 1343 4400 intemperiem
1364 4319 1422 4381 fa-
1448 4356 1464 4367 -

185 4572 187 4576 ,
225 4526 233 4557 ¹
264 4524 368 4578 Gaspnt
378 4525 409 4567 do
421 4524 519 4567 Doctls.
531 4523 596 4566 Vlde
608 4523 719 4566 Pouaucr
731 4522 832 4576 Chron„
843 4531 864 4566 t.
878 4532 911 4575 tv,
922 4533 982 4577 pag.
993 4523 1028 4576 46,
1042 4530 1131 4568 annot.
1142 4525 1161 4566 l.

226 4598 237 4629 ¹
264 4597 324 4648 Julil
338 4596 371 4637 ΙΙΙ
383 4603 409 4638 et
421 4595 534 4638 hlarcelll
548 4594 582 4638 ll.

226 4670 238 4698 ³
266 4668 399 4713 Recanati.
411 4679 489 4721 prope
502 4667 665 4709 Adriaticum
677 4676 754 4707 mare.
