3210 5392
185 421 239 479 152
570 421 743 481 errauan
762 439 1034 492 Quananrnsrans

184 567 359 631 rationem
373 569 507 648 pariter
522 578 557 632 et
571 569 796 632 deuotionem
811 588 914 633 omne
929 570 1013 633 illud
1028 571 1197 651 oppidum
1210 571 1422 635 commouit.

185 672 283 737 Deus
298 684 416 738 autern
431 693 500 756 qua
517 677 826 740 commiseratione
850 677 938 740 istos
959 687 1148 741 conseruat
1166 686 1201 740 et
1215 689 1422 758 promouet,

185 782 310 845 eadem
325 793 358 846 et
375 783 463 845 alios
477 784 663 865 plerosque
679 784 724 847 ad
740 784 835 847 uiam
847 784 1002 848 iustitiae
1016 793 1173 848 reuocat.
1190 782 1331 848 Doctor
1345 787 1438 865 qui.

186 889 279 966 dam,
295 890 397 953 nobis
411 900 493 954 ante
508 891 692 968 aduersus,
708 908 864 971 eousque
878 900 1035 956 mutatus
1049 901 1113 971 est,
1126 901 1165 955 ut
1178 909 1249 956 non
1264 892 1317 955 illi
1331 892 1427 955 satis.

186 996 230 1058 sit
242 1006 371 1060 octauo
382 1014 522 1077 quoque
533 998 589 1061 die
601 999 875 1077 communicare;
892 1007 927 1061 et
940 999 1022 1062 licet
1036 998 1083 1063 sit
1096 999 1200 1063 uxori
1211 1000 1425 1077 obstrictus

186 1113 307 1183 sperat
331 1113 449 1168 tamen
468 1104 555 1182 fore,
576 1106 694 1169 utilia
715 1105 971 1169 monasterium
992 1105 1145 1187 aliquod,
1170 1106 1246 1186 ipse
1260 1104 1420 1170 Societa-

186 1220 257 1274 tem
271 1221 446 1290 nostram,
463 1211 694 1290 ingrediatur,

246 1316 466 1380 Adolescens
480 1318 635 1398 quidam,
654 1335 773 1404 annos
782 1328 887 1382 natus
902 1319 948 1397 19,
962 1317 1163 1382 Cardinalis
1177 1318 1429 1382 Messanensis.

185 1442 231 1486 ex
245 1435 400 1504 cognata
412 1443 533 1505 nepoS,
547 1426 703 1506 acceptis
715 1426 760 1488 ab
772 1443 842 1489 uno
854 1439 996 1506 patrum
1010 1437 1213 1488 nostrorum
1225 1426 1428 1497 exercitiis,

186 1532 268 1594 huic
283 1548 321 1594 se
336 1529 504 1595 Societati
519 1532 664 1611 dicauit,
685 1532 829 1614 fierique
849 1534 979 1613 poterit
998 1541 1035 1595 ut
1051 1534 1157 1612 paulo
1173 1542 1255 1612 post
1269 1532 1428 1597 Romam-

185 1655 224 1701 se
239 1638 409 1702 conferat.
426 1638 514 1702 Tres
529 1640 688 1719 uirgines
699 1640 954 1703 monasterium
967 1638 1106 1720 ingredi
1115 1648 1328 1703 statuerunt:
1347 1640 1426 1720 plu-

185 1763 253 1824 res,
269 1746 335 1809 etsi
350 1747 463 1809 nolint
477 1747 570 1810 idern
584 1746 715 1824 facere,
732 1763 834 1810 suam
848 1757 968 1810 tamen
984 1746 1226 1826 uirginitatem
1241 1746 1319 1810 Deo
1336 1764 1423 1809 con·

185 1862 382 1917 secrarunt.
396 1851 510 1932 Rapta
522 1852 697 1932 quaedam
709 1871 728 1916 e
741 1853 967 1932 monasterio,
981 1862 1167 1917 comesset
1179 1870 1357 1917 annorum
1372 1853 1421 1929 16,

184 1977 344 2041 quaeque
359 1970 482 2040 postea
497 1961 532 2023 in
548 1959 793 2039 fornicatione,
811 1978 873 2024 seu
889 1961 1027 2023 incestu
1041 1960 1169 2040 potiuS,
1193 1960 1282 2024 duos
1306 1978 1430 2024 annos

107 2074 110 2079 ’
183 2077 317 2147 egerat,
335 2069 493 2145 generali
506 2067 601 2130 facta
617 2067 850 2145 confessione,
866 2068 1030 2147 promisit
1046 2084 1084 2130 se
1100 2067 1145 2130 ad
1161 2068 1422 2130 monasterium

184 2175 299 2238 redire
314 2176 415 2253 uelle,
431 2191 543 2255 eoque
559 2175 688 2252 animo,
706 2184 743 2237 ut
757 2173 944 2250 credimus
957 2191 1003 2236 ex
1018 2173 1086 2236 hac
1099 2173 1186 2236 urbe
1201 2173 1378 2237 discessit.

243 2280 332 2344 Viro
346 2281 488 2345 cuidam
502 2292 536 2344 et
551 2282 626 2345 cius
641 2281 745 2344 uxori
758 2291 985 2360 persuaserat
1008 2281 1170 2357 daemon,
1188 2291 1226 2343 ut
1248 2291 1345 2342 metu
1361 2299 1421 2343 ca-

183 2389 385 2453 lamitatum
404 2399 711 2452 sacramentorum
731 2404 833 2451 usum
851 2403 999 2467 prorsus
1018 2387 1253 2466 negligerent,
1274 2387 1426 2468 iamque

182 2513 295 2559 annos
309 2498 330 2558 5
344 2505 404 2558 aut
417 2494 437 2557 6
458 2495 503 2558 iis
516 2503 717 2572 caruerant;
733 2494 781 2570 hi,
799 2504 986 2573 postquam
1001 2503 1084 2557 sunt
1103 2492 1268 2571 confessi,
1286 2493 1418 2557 firmio·

182 2619 241 2665 res
255 2619 298 2665 ac
313 2601 500 2665 hilariores
521 2601 565 2664 ad
591 2618 676 2664 suos
700 2601 891 2664 redierunt.
911 2599 1061 2663 Redicre
1085 2617 1224 2680 quoque
1249 2600 1295 2664 ad
1320 2617 1360 2662 se
1386 2610 1421 2664 et

182 2711 227 2773 ad
250 2708 367 2773 Deum
390 2726 493 2772 suum
524 2709 738 2789 turpissimis
762 2708 1012 2788 uoluptatibus
1030 2707 1065 2770 id
1090 2708 1184 2788 quod
1201 2716 1328 2786 patens
1343 2719 1423 2771 erat

185 2816 359 2894 omnibuS,
376 2816 495 2879 dediti.
512 2815 660 2879 Necnon
681 2817 787 2879 etiam
803 2815 864 2895 qui
879 2831 899 2876 a
916 2814 1035 2877 multis
1049 2814 1154 2877 annis
1168 2814 1323 2877 confessi
1347 2832 1423 2878 non

181 2933 293 3002 erant,
312 2932 417 3003 atque
432 2923 523 2986 inter
538 2922 604 2986 hos
618 2939 710 2986 unus
731 2923 791 3002 qui
804 2939 825 2983 a
840 2922 964 2985 decem
979 2921 1095 2983 annis.
1112 2920 1338 2985 Remiserunt
1355 2922 1416 2984 alii

180 3031 273 3109 odia,
291 3030 360 3108 alii,
378 3047 468 3110 quas
483 3029 673 3108 habebant,
690 3045 820 3092 uxores
835 3028 970 3091 alienas
985 3028 1235 3105 amandarunt;
1248 3027 1312 3090 sed
1326 3028 1425 3092 haec

180 3138 259 3218 quis
273 3138 386 3217 possit
400 3136 582 3215 sigillatim
597 3136 775 3216 persequi?
791 3135 872 3198 Vna
887 3152 960 3197 uox
974 3144 1028 3196 est
1040 3136 1242 3210 multorum,
1260 3145 1335 3197 tum
1349 3135 1418 3198 sibi

181 3243 293 3307 uideri
308 3244 436 3323 quietis
452 3242 585 3321 aliquid
600 3252 634 3304 et
648 3243 804 3305 laetitiae
820 3241 1013 3322 spiritualis
1029 3242 1171 3315 sentire,
1189 3258 1269 3304 cunr
1286 3242 1423 3305 suntin

180 3352 310 3431 templo
327 3350 411 3413 Diui
425 3349 575 3426 Nicolai;
592 3360 772 3412 caeterum
783 3349 904 3412 mundi
919 3349 1037 3411 omnia
1050 3349 1180 3411 misera
1197 3349 1422 3428 perturbata-

181 3475 249 3538 que
274 3474 365 3520 esse.
389 3456 478 3520 Sunt
498 3468 600 3520 extra
621 3456 809 3534 collegium
836 3457 967 3518 multae
992 3454 1234 3518 confessiones
1259 3455 1425 3534 auditae,

181 3577 255 3629 turn
271 3565 305 3628 in
321 3565 566 3644 hospitalibus,
584 3573 659 3627 tum
673 3565 708 3627 in
724 3563 875 3645 priuatis
895 3563 1068 3626 domibus.
1085 3561 1158 3626 Nec
1174 3578 1257 3625 raro
1272 3563 1418 3642 petendi

181 3690 290 3735 causa
306 3672 445 3735 consilii
459 3670 529 3734 huc
544 3671 779 3747 concurritur,
789 3686 922 3750 perque
935 3669 1029 3731 hunc
1038 3668 1180 3731 modum
1194 3670 1315 3747 multa,
1325 3688 1424 3750 quae

181 3781 300 3859 inique
316 3778 570 3857 retinebantur,
588 3788 669 3840 sunt
683 3776 857 3839 restituta.

241 3884 472 3948 Reuerendus
488 3883 594 3946 Pater
612 3882 858 3960 Prouincialis,
877 3882 1005 3945 missus
1020 3882 1065 3945 ad
1080 3882 1163 3964 Julii
1180 3880 1285 3945 finem
1299 3900 1318 3945 a
1334 3881 1423 3946 Pro·

182 4011 266 4073 rege
286 4002 322 4055 ut
344 3993 420 4054 eius
436 3991 543 4053 liliam
565 3990 745 4066 inuiseret,
763 3988 920 4052 nondum
936 3989 1050 4052 rediit:
1074 4000 1283 4068 expectatur
1298 3998 1427 4054 tamen.

182 4102 219 4163 in
235 4099 322 4177 dies,
339 4111 373 4162 et
388 4117 510 4162 morae
525 4115 672 4161 causam
687 4114 764 4159 esse
780 4097 969 4170 credimus
986 4097 1079 4176 quod
1099 4096 1288 4176 Syracusis
1303 4105 1338 4159 et
1354 4097 1422 4161 Ca·

185 4218 290 4271 tanae
305 4209 349 4270 ob
365 4207 527 4286 collegia,
544 4222 635 4285 quae
648 4205 694 4267 ibi
708 4205 903 4267 extruenda
917 4212 1096 4283 putantur,
1114 4203 1320 4284 aliquandiu
1331 4204 1422 4269 deti·

185 4314 262 4377 neri
276 4330 422 4376 necesse
437 4323 501 4375 cst.

244 4420 362 4493 Plura,
379 4438 470 4499 quae
486 4420 650 4496 scribam,
668 4418 914 4481 colendissimo
939 4418 974 4480 in
990 4417 1055 4481 X.⁰
1075 4417 1191 4497 Pater,
1209 4434 1280 4480 non
1296 4434 1423 4482 occur-

185 4538 279 4605 runt,
301 4537 335 4591 et
359 4527 527 4606 quoniam
552 4526 640 4588 haec
663 4534 744 4588 sunt
766 4524 993 4604 paucissima,
1016 4542 1184 4604 rogamus
1197 4524 1238 4587 R.
1257 4523 1295 4587 P.
1312 4523 1354 4588 T.
1382 4535 1424 4589 ut

188 4634 284 4715 apud
300 4633 426 4713 Deum,
442 4635 502 4713 qui
516 4641 643 4713 potens
657 4643 710 4696 cst
732 4631 851 4695 facere
867 4640 904 4694 ut
923 4631 1000 4695 eius
1018 4633 1136 4710 gratia
1155 4631 1190 4694 in
1210 4648 1315 4695 omne
1329 4645 1428 4712 opus
