3240 5386
185 412 240 470 510
574 408 1031 476 erraaauouauxruesruxs

184 556 347 618 ouiculas
359 554 555 632 clementia,
573 554 655 633 quia
671 555 804 617 nullum
819 555 935 617 adhuc
950 553 1162 630 inuenimuS,
1178 553 1239 633 qui
1253 569 1321 615 non
1330 559 1359 631 p
1404 554 1516 601 8?-

187 663 271 724 bene
290 663 494 724 consolatus
519 671 552 723 et
572 671 729 725 mutatus
748 663 784 724 in
805 661 913 724 alium
936 661 1114 724 hominem
1133 660 1279 723 domum
1298 658 1341 722 sit
1402 663 1514 713 :ft-

188 784 324 831 uersus
342 767 537 846 Quaedam,
553 768 705 831 mirabili
720 767 980 848 pulchritudine
992 778 1025 829 et
1041 766 1161 830 habitu
1174 765 1352 846 corporali
1410 755 1512 821 ‚in-

189 875 336 954 signiter
348 875 474 936 dotata
491 873 510 952 ¹,
528 875 572 937 ab
585 874 670 954 ipsis
682 874 733 950 (vt
745 874 856 952 aiunt)
871 874 1056 937 cunabulis
1070 872 1256 936 scortandi
1270 871 1362 952 turpi
1374 872 1459 927 t
1469 878 1510 925 ¹1·

188 980 271 1044 dine
289 982 470 1060 implicata
487 981 582 1060 suit,
603 997 693 1060 quae
711 981 782 1043 sabi
799 997 971 1060 magnum
990 979 1002 1010 ¹
1021 980 1316 1043 vestimentorum
1330 980 1363 1042 al
1377 972 1505 1039 io·

191 1105 337 1167 rumque
353 1088 575 1151 muliebrium
590 1098 778 1151 ornatuum
799 1087 955 1151 corrasit
971 1087 1178 1151 thesaurum
1192 1084 1216 1165 ⁸,
1241 1103 1357 1167 quem,
1424 1076 1506 1141 de

189 1194 329 1274 publica
356 1196 429 1258 vita
455 1194 500 1257 ad
525 1211 651 1276 puram
675 1194 834 1275 reducta,
862 1205 975 1258 totum
1000 1193 1224 1275 contempsit,
1253 1206 1437 1275 persea
1446 1202 1502 1248 ε·

188 1318 274 1363 rans
289 1299 301 1330 ⁴
315 1301 351 1363 in
367 1318 497 1381 magna
512 1303 608 1365 vitae
623 1302 859 1382 simplicitate,
876 1301 1129 1381 poenitentiam
1144 1301 1232 1379 agit.

250 1406 432 1486 Quaedam
452 1408 566 1487 virgo,
585 1425 691 1488 quam
715 1408 815 1471 multi
838 1408 1039 1470 ambiebant
1063 1416 1256 1484 amatoreS,
1284 1407 1497 1469 nullan

189 1530 263 1577 non
277 1527 460 1576 mouentes
474 1514 639 1592 lapidem,
657 1532 726 1595 quo
741 1515 855 1595 ipsam
871 1514 917 1577 ad
929 1513 1193 1577 matrimonium
1205 1515 1492 1576 contrahen-

191 1620 274 1683 dum
283 1623 497 1699 pellicerent,
508 1621 589 1701 ipsa
600 1627 718 1683 autem
729 1629 928 1684 amatorum
940 1621 1064 1684 volens
1076 1621 1191 1683 vitare
1204 1619 1492 1700 cupidinem,

191 1726 268 1790 Deo
289 1730 403 1791 solum
426 1725 436 1757 ⁵
456 1730 597 1807 placere
619 1727 788 1804 studiosa,
815 1727 1075 1791 deformitatem
1096 1728 1253 1807 aliquam
1279 1740 1435 1806 corpo
1449 1717 1492 1780 ri

195 1833 324 1897 inferre
341 1834 521 1913 cogitauit,
539 1850 745 1913 omnemque
761 1842 945 1897 externam
959 1835 1139 1916 deponens
1164 1833 1490 1900 curiositatem,

188 1940 488 2020 contemptibilem
510 1958 552 2003 ac
568 1940 763 2020 simplicem
782 1941 942 2004 habitum
963 1941 1124 2022 sumpsit,
1141 1941 1177 2003 in
1192 1956 1263 2020 quo
1287 1957 1376 2003 cum
1420 1946 1490 1993 St

193 2058 342 2110 naturae
357 2048 609 2111 contrarietate
625 2057 659 2111 et
674 2048 848 2111 diabolica
859 2048 1019 2127 grauiter
1030 2048 1201 2110 sentiebat
1215 2044 1228 2077 ⁸
1240 2059 1430 2127 oppugn
1439 2052 1490 2099 2·

195 2154 224 2216 ri
251 2155 444 2216 tentatione
468 2153 490 2230 ⁷,
518 2154 611 2234 quod
635 2155 723 2217 haec
752 2165 900 2218 externa
921 2164 956 2218 et
977 2154 1199 2217 delectabilia
1224 2153 1440 2235 deposuit
1482 2138 1490 2171 ⁸

194 2271 413 2338 ornamenta,
428 2261 590 2324 omnibus
605 2262 755 2341 arreptis
770 2262 942 2325 lacerauit
956 2257 980 2339 ⁹,
997 2278 1040 2323 ac
1055 2262 1107 2324 sic
1119 2271 1269 2324 cunctas
1282 2266 1487 2341 supera·

194 2367 478 2430 uittentationes.
719 2440 723 2445 ,

255 2473 346 2547 Alia,
363 2474 533 2553 gaudium
548 2482 581 2536 et
597 2485 744 2537 ornatus
760 2474 867 2536 totius
883 2473 1077 2537 inventutis
1093 2471 1216 2535 habita
1231 2473 1328 2550 (licet
1343 2471 1475 2552 spt1

189 2598 251 2643 'ma
266 2581 385 2642 verius
404 2577 425 2609 ¹⁰
440 2589 473 2642 et
489 2579 646 2642 omnium
662 2590 890 2659 peccatorum
904 2580 986 2658 fex),
1005 2579 1162 2658 adeoque
1176 2578 1377 2641 sublimata
1392 2561 1489 2636 19²

192 2687 301 2749 foelix
313 2705 356 2748 ac
371 2686 502 2747 laetum
516 2686 651 2748 nullum
664 2684 840 2749 diceretur
856 2686 1058 2749 conuiuium
1074 2686 1167 2749 illius
1181 2702 1314 2749 carens
1325 2668 1494 2766 prafi'

190 2793 319 2865 sentia,
337 2808 443 2871 quam
458 2790 632 2854 Dominus
652 2792 807 2866 tandem,
829 2793 887 2871 pio
907 2793 961 2855 sui
982 2793 1113 2855 amoris
1128 2792 1212 2872 igne
1227 2792 1450 2867 incensam?
1474 2764 1510 2807 Ἣ

193 2899 238 2961 ab
252 2898 397 2960 aedibus
409 2898 568 2976 paternis
583 2898 808 2977 omniumque
823 2916 1013 2977 procorum
1027 2897 1231 2961 familiarite
1248 2900 1408 2975 auulsarn,
1461 2875 1530 2999 “d''

191 3005 240 3067 ad
260 3008 376 3067 locum
400 3004 588 3083 quemdam
614 3004 861 3082 religiosarum
886 3005 1120 3068 foeminarum
1145 3007 1340 3085 pertraxit,
1363 3007 1409 3069 ubi

195 3129 264 3172 non
281 3112 396 3174 minus
412 3128 518 3190 quam
539 3110 574 3172 in
595 3111 714 3172 seculo
739 3112 898 3173 omnibus
918 3112 1159 3190 spectaculum
1178 3121 1244 3187 est,
1268 3113 1415 3175 sednon

194 3236 236 3280 eo
249 3235 316 3297 quo
333 3219 368 3279 in
385 3216 514 3280 mundo
530 3216 646 3296 modo;
664 3217 844 3279 tamenim
860 3219 914 3296 pie
930 3219 1088 3296 virgines
1103 3218 1254 3297 aliquas,
1272 3236 1364 3299 quas
1376 3232 1418 3282 te·

195 3333 263 3402 net,
282 3325 422 3386 instruit
437 3334 649 3403 exercetque
673 3324 709 3385 in
725 3324 923 3401 virtutibus,
949 3332 986 3385 ut
1006 3325 1130 3387 beatae
1151 3324 1332 3404 dicantur,
1355 3329 1422 3407 qui·

195 3433 259 3493 bus
282 3448 360 3492 curn
382 3448 423 3492 ea
452 3431 612 3493 habitare
637 3430 822 3508 contingit,
844 3442 880 3492 ut
902 3432 1019 3494 dicere
1040 3443 1194 3509 possent
1213 3433 1308 3495 sicut
1332 3436 1424 3497 exhi·

196 3537 268 3599 buit
295 3533 450 3598 membra
476 3554 539 3598 sua
565 3537 698 3598 seruire
725 3537 967 3600 immunditiae
991 3550 1024 3600 et
1047 3538 1225 3617 iniquitati
1246 3557 1363 3619 usque
1386 3543 1430 3605 ad

193 3643 432 3722 iniquitatem,
451 3643 498 3704 ita
513 3660 606 3705 nunc
622 3642 746 3704 eadem
761 3643 913 3720 exhibet,
932 3656 998 3705 etc.

237 3921 244 3951 ¹
275 3919 525 3962 orrrala.Polancus.

237 3992 248 4021 Ὢ
277 3993 459 4044 magnumsrbr
481 3991 517 4034 ld.

238 4062 248 4087 '⁸
279 4063 427 4105 thesaurum
437 4067 597 4116 parturierat.
610 4062 645 4105 ld.

239 4136 251 4165 ⁴
280 4133 544 4187 r·!perscverans.ld.

239 4205 250 4236 ³
280 4205 490 4247 cillensnlllu.

238 4276 249 4305 ὓ
277 4278 392 4318 sentiret.
406 4275 443 4319 ld.

241 4349 249 4376 ἵ
281 4360 312 4390 ca
323 4349 449 4390 t'r‘deltccl
461 4350 614 4391 tentatione.
627 4347 662 4390 Id.

239 4418 249 4445 ⁸
278 4419 497 4473 deposuissenld.

238 4490 248 4521 ⁹
277 4490 511 4534 calaceraritdd.

238 4562 259 4591 ¹⁰
288 4563 374 4603 Aliam
389 4573 456 4614 qliae
472 4563 592 4614 gaudium
609 4570 634 4604 et
652 4570 758 4603 ornatus
770 4564 847 4603 totius
860 4564 999 4604 iuuentutis
1011 4564 1240 4612 lurbcbolurdrcct
1254 4581 1356 4622 spuma
1373 4579 1447 4619 osset

196 4635 293 4675 νοτίων.
310 4632 348 4675 ld.
