3210 5392
655 108 714 165 An.
737 108 806 165 1555
1289 105 1343 165 593

101 273 172 333 que
191 257 228 317 in
244 255 409 318 cordibus
424 272 557 330 earum,
575 254 624 316 ita
641 264 676 316 ut
688 254 808 316 libenti
821 254 939 315 animo
952 252 1184 331 maximisque
1197 252 1335 329 gemiti·

101 363 167 423 bus
188 361 434 425 abominanda
453 370 487 423 et
506 362 703 424 inueterata
722 367 887 439 peccata,
910 375 1001 439 quae
1021 376 1105 437 prae
1126 358 1339 420 uerecundia

97 470 292 544 tacebant,
309 478 355 544 et,
373 469 467 548 quod
482 468 698 530 horrendum
713 476 766 528 est
781 466 887 528 etiam
902 465 1031 542 dicere,
1049 465 1100 526 sic
1116 465 1160 526 ad
1180 482 1338 527 mensam

94 571 259 637 Domini
275 573 508 652 accedebant,
522 573 737 654 reliquerint.

156 679 328 759 Quidam
344 691 534 759 uxoratus,
550 681 609 760 qui
624 698 687 760 per
708 690 790 743 octo
809 696 923 741 annos
942 690 1018 741 erat
1039 688 1226 758 separatus
1242 697 1262 739 a
1277 695 1341 740 sua

91 801 239 864 uxore,
257 807 303 851 ex
318 789 411 861 odio,
428 787 521 868 quod
537 803 623 865 erga
638 787 752 866 ipsam
767 793 979 865 conceperat
995 784 1083 848 adeo
1099 786 1266 861 maximo,
1291 793 1340 858 ut,

90 907 135 951 ne
157 892 273 958 illam
288 895 499 972 offenderet,
517 897 717 956 nullatenus
738 893 987 973 acquiescebat
1009 892 1109 955 adire
1129 893 1260 968 locum,
1286 891 1343 954 ubi

89 997 180 1071 ipsa
200 1001 408 1076 habitabat,
426 1002 523 1063 venit
543 1001 703 1063 similiter
724 998 769 1061 ad
785 1016 850 1062 nos
872 998 1099 1062 consessurus
1121 1009 1284 1078 peccata,
1308 1008 1342 1060 et

92 1111 254 1171 tantam
275 1109 409 1187 recepit
425 1127 445 1170 a
461 1107 614 1170 Domino
639 1107 945 1186 compunctionem
965 1105 1152 1184 cordisque
1171 1105 1340 1178 dolorem,

92 1218 132 1267 ut
157 1210 204 1274 in
228 1215 401 1278 lacrimas
420 1224 676 1293 prorumperet,
692 1213 768 1275 Deo
789 1214 925 1291 gratias
940 1228 1052 1290 agens
1067 1213 1150 1292 quia
1165 1229 1251 1274 suae
1266 1229 1342 1275 coe·

94 1313 235 1384 citatis
251 1322 492 1402 cognitionem
508 1323 690 1399 tribuerat;
714 1321 1032 1399 reconciliatusque
1052 1337 1132 1382 cum
1153 1338 1263 1382 uxore
1285 1320 1344 1382 ha·

95 1417 180 1485 buit
197 1427 463 1492 benedictionis
479 1427 643 1504 fructum,
661 1445 728 1507 quo
745 1437 848 1489 antea
864 1444 927 1507 per
949 1429 1077 1490 multos
1092 1444 1204 1490 annos
1225 1444 1346 1489 carue·

98 1538 172 1604 rat,
199 1547 244 1598 et
266 1535 389 1599 hilaris
409 1552 451 1597 ac
471 1535 507 1596 in
528 1534 680 1597 Domino
707 1535 911 1596 consolatus
938 1535 1034 1596 venit
1054 1534 1098 1596 ad
1120 1534 1342 1597 inuisendum

98 1627 206 1699 hunc
226 1641 382 1718 Patrem,
401 1641 612 1704 confidentia
627 1641 747 1703 habita
762 1640 797 1702 in
813 1657 876 1703 suo
888 1639 972 1720 Jesu
984 1639 1091 1702 filium
1103 1642 1179 1703 eius
1190 1640 1345 1703 futurum

99 1729 264 1811 Domini
278 1765 434 1824 seruum,
450 1747 735 1827 quandoquidem
752 1765 792 1809 eo
808 1757 966 1826 tempore
991 1746 1056 1809 sibi
1071 1764 1261 1809 concessus
1275 1746 1346 1809 sue-

98 1853 159 1903 rat
180 1855 337 1930 quando
354 1865 455 1917 tanta
471 1855 506 1916 in
521 1854 638 1916 anima
655 1856 764 1932 patris
778 1864 946 1933 operatus
960 1863 1013 1916 est
1028 1854 1210 1917 beneficia.

163 1949 275 2024 Inter
291 1979 364 2036 eos,
383 1963 442 2041 qui
458 1962 687 2040 insequuntur
702 1961 844 2024 domum
863 1962 978 2040 regis,
996 1972 1048 2024 est
1063 1962 1237 2041 quaedam
1253 1964 1346 2041 prin·

91 2046 248 2129 cipalis
261 2085 414 2149 persona
430 2067 519 2130 adeo
535 2064 739 2130 indifferens
759 2078 793 2130 et
809 2068 845 2131 in
867 2067 933 2130 Dei
954 2070 1133 2131 uoluntate
1154 2071 1345 2149 resignata,

89 2162 130 2213 ut
148 2161 323 2238 libenter
338 2174 493 2238 ostiatim
508 2175 743 2252 mendicaret,
761 2177 790 2237 si
811 2175 905 2238 hanc
927 2193 1005 2238 esse
1026 2175 1169 2239 Domini
1190 2179 1348 2240 uolunta·

85 2260 172 2329 tem
194 2283 448 2362 cognouisset,
466 2291 632 2361 optatque
648 2283 947 2361 opportunitatem
968 2290 1005 2344 ut
1024 2283 1137 2361 possit
1159 2283 1348 2347 humilibus

78 2369 121 2421 et
139 2368 301 2452 infimis
316 2389 538 2452 uestimentis
557 2389 666 2451 indui.

153 2481 263 2558 Alia
278 2495 315 2558 in
330 2496 487 2559 animum
502 2494 688 2559 induxerat
703 2495 873 2559 offensam
889 2513 1055 2576 magnam
1070 2497 1105 2559 in
1120 2496 1235 2560 Deum
1246 2515 1349 2560 suum

68 2581 183 2649 c⁰¹¹¹
190 2603 357 2674 mittere,
372 2620 417 2664 ex
432 2619 501 2682 qua
512 2603 600 2665 satis
611 2601 772 2665 scandali
782 2604 955 2666 oriturum
966 2604 1186 2682 credebatur,
1200 2622 1241 2666 eo
1254 2605 1349 2684 quod

64 2684 179 2754 'psa
204 2718 293 2772 erat
309 2709 422 2771 bonae
436 2708 552 2772 famae
566 2719 600 2771 et
616 2709 778 2772 notabilis
796 2726 958 2790 persona,
974 2727 1074 2790 quae,
1092 2710 1159 2772 Dei
1174 2710 1348 2774 adiutorio

59 2786 106 2838 et
129 2807 351 2881 mediante
372 2815 496 2878 eodem
518 2818 769 2893 instrumento,
788 2817 918 2880 malum
940 2818 1009 2880 iam
1030 2818 1066 2880 in
1087 2817 1205 2880 animo
1225 2835 1350 2880 conce·

59 2892 217 2979 ptum
237 2924 391 3004 reliquit.

156 3014 257 3096 Alii
272 3032 381 3095 etiam
396 3030 554 3093 eiusdem
568 3030 728 3093 similiter
745 3031 863 3110 regiae
879 3030 1015 3108 domus,
1032 3049 1097 3095 nec
1112 3033 1252 3096 infimae
1266 3036 1352 3096 clas·

144 3160 158 3230 ζ
191 3137 308 3217 vitia,
325 3137 466 3218 quaein
482 3137 680 3200 huiusmodi
696 3138 783 3200 locis
804 3139 917 3201 solent
932 3154 1009 3200 esse
1032 3139 1249 3217 communia,
1267 3140 1351 3202 etin

59 3209 253 3308 ql¹¹bus
267 3245 464 3325 permultos
478 3244 725 3308 detinebantur
740 3262 863 3322 annoS,
883 3246 1049 3308 vitarunt.
1371 3321 1374 3327 .

162 3329 224 3410 111
238 3349 523 3415 confessionibus
537 3350 720 3413 audiendis
735 3365 787 3413 est
808 3362 906 3413 tanta
925 3352 1122 3431 frequentia
1145 3363 1179 3415 et
1201 3371 1347 3417 concur-

55 3093 135 3163 Sis

58 3417 197 3519 ⁸¹¹⁸»
217 3467 256 3521 ut
271 3458 334 3521 uix
350 3455 513 3519 Patribus
528 3458 636 3537 quieti
651 3460 749 3520 locus
760 3461 817 3520 uel
833 3459 995 3521 minimus
1006 3461 1172 3538 supersit,
1186 3462 1266 3523 licet
1282 3479 1352 3523 non

53 3539 82 3674 'i
102 3541 242 3627 QSint
257 3564 318 3645 qui
333 3574 406 3626 tam
421 3564 457 3626 in
472 3564 621 3643 publicis
635 3582 741 3643 quam
761 3567 909 3645 priuatis
929 3567 1156 3629 concionibus
1172 3566 1214 3629 de
1230 3577 1350 3630 nostro

85 3637 290 3734 ¹18tituto
305 3680 340 3734 et
355 3667 532 3733 Societate
548 3672 845 3734 submurmurent.

18 3777 21 3782 '
184 3763 284 3839 Intra
309 3775 467 3856 uigiliam
488 3787 521 3839 et
541 3777 633 3839 diem
654 3776 883 3841 Ascensionis
903 3778 942 3841 B.
964 3778 1097 3842 Mariae
1117 3780 1352 3842 communica·
1446 3846 1448 3850 ,

147 3875 223 3959 tlt,
236 3892 275 3946 ut
289 3881 377 3945 mihi
390 3883 434 3945 ab
447 3882 491 3945 iis
502 3884 561 3962 qui
573 3884 639 3946 hoc
651 3885 810 3948 sciebant
821 3886 953 3949 dictum
965 3887 1041 3962 fuit,
1055 3885 1209 3964 ducenti,
1223 3898 1257 3950 et
1269 3904 1352 3950 con·

101 3963 303 4053 Qsiones
317 3989 428 4052 multo
443 3991 572 4070 plures

91 4150 100 4162 .
189 4093 339 4159 Caetera
355 4097 525 4160 exercitia
540 4095 728 4162 Societatis
743 4111 902 4177 nostrae,
925 4112 963 4163 ut
984 4102 1129 4164 uisitare
1151 4102 1308 4166 infirmos
1324 4112 1357 4165 et

88 4168 151 4239 ¹¹¹
187 4202 391 4266 carceribus
411 4201 581 4283 detentoS,
598 4215 632 4267 et
654 4207 735 4283 alia,
752 4218 856 4286 prout
879 4219 1016 4287 tempus
1036 4209 1207 4288 suppetit,
1224 4227 1295 4273 non
1310 4210 1358 4271 in·

90 4271 369 4380 *Qrmittimusz
385 4294 568 4393 dequibus
583 4313 667 4392 quid
682 4315 718 4377 in
732 4316 939 4394 particulari
954 4317 1109 4380 scribam
1124 4317 1263 4396 ignoro.

239 4424 278 4483 T.
297 4441 344 4482 nt.
1165 4437 1199 4502 38
