3240 5386
605 437 669 495 An.
692 436 761 495 lom
1248 429 1301 490 661

66 583 98 646 ci
114 584 316 648 custodisca
332 595 366 646 et
382 583 548 647 conserui
559 593 593 646 et
618 582 652 646 ci
673 581 730 644 dia
746 581 864 661 gratia
880 579 915 642 di
937 594 1097 641 crescere
1112 578 1149 639 in
1165 586 1253 639 tutte
1265 578 1298 639 le

71 692 178 755 uirtu.

126 796 210 860 Tuti
224 797 294 874 noi,
311 796 350 859 R.
370 797 422 874 P,
440 797 669 860 humilmente
686 795 717 858 si
733 793 1042 858 raccomandiamo
1064 793 1121 854 all'
1144 791 1298 855 orationi

62 904 113 967 de
128 903 177 966 V.
193 902 234 965 R.

125 1009 174 1073 Di
190 1010 352 1087 Venetia,
371 1009 430 1072 alli
448 1009 484 1072 19
495 1009 531 1072 di
547 1006 747 1088 Settempre
766 1008 853 1068 1555.

123 1115 193 1179 Per
208 1116 457 1179 commissione
469 1116 525 1178 del
540 1114 581 1178 R.
599 1112 637 1177 P.
652 1113 795 1177 Rector.

122 1222 174 1302 Io,
191 1223 226 1286 di
239 1220 284 1284 V.
303 1222 342 1285 R.
361 1221 608 1301 indignissimo
624 1230 657 1284 et
675 1220 816 1283 minimo
832 1218 867 1282 in
882 1217 974 1299 Xpo.
992 1217 1136 1298 figlino,

789 1431 957 1496 Acoulsio
979 1430 1070 1496 Num
1086 1434 1107 1491 ¹.

122 1755 454 1837 Superscripttbm's
478 1754 554 1817 Ioco
577 1753 615 1815 in
640 1752 756 1816 altera
766 1751 924 1832 pagina:
939 1748 1080 1814 Lettere
1095 1750 1129 1812 di
1150 1758 1294 1830 quattro

54 1865 150 1927 mesi
166 1865 223 1927 del
236 1863 396 1942 Collegio
411 1862 447 1925 di
461 1860 625 1924 Venetia.

120 1969 208 2033 Αἱία
223 1987 344 2032 manu:
359 1968 525 2044 Venetia,
540 1967 592 2044 55,
613 1966 649 2027 19
664 1965 700 2028 di
714 1965 733 2026 7
739 1965 796 2026 ‚bre

234 2492 448 2537 Praecedeutium
459 2497 546 2543 Patris
557 2499 658 2555 Aloysil
669 2497 736 2553 Napi
746 2498 897 2543 litterarum
907 2494 990 2542 latina
1000 2496 1087 2540 versio
1097 2493 1115 2539 ¹.

632 2660 717 2777 uis.

111 2921 238 2986 Gratia
254 2934 289 2987 et
303 2942 375 3004 pax
391 2925 474 3006 Xpi.
490 2927 536 2990 sit
552 2943 696 3008 semper
710 2927 906 2989 nobiscum.
923 2922 1049 2987 Amen.

111 3028 201 3108 Etsi,
217 3028 294 3093 R.‘¹0
313 3031 349 3094 in
364 3030 454 3112 Xpo.
473 3031 590 3111 Pater,
605 3034 673 3096 boc
690 3034 724 3096 in
745 3030 995 3113 quadrimestri
1007 3029 1094 3093 nihil
1114 3029 1187 3092 sere
1202 3029 1286 3092 noui

46 3136 219 3217 magniue
234 3138 403 3200 momenti
420 3140 624 3219 contigerit,
647 3137 742 3220 quod
762 3138 806 3201 ad
828 3138 1106 3201 consolationem
1121 3145 1155 3198 et
1170 3134 1286 3198 aedifi·

48 3243 229 3306 cntionem
248 3243 449 3307 animarum
468 3256 671 3309 nostrarum
686 3254 832 3324 spectet,
848 3243 912 3306 sed
932 3243 1048 3324 potius
1063 3241 1165 3303 solita
1179 3250 1286 3321 atque

17 3351 20 3356 '
45 3349 128 3413 aliis
144 3351 305 3429 collegiis
321 3353 535 3428 communia,
564 3353 795 3432 quamobrem
817 3350 998 3413 videretur
1022 3349 1124 3429 quasi
1138 3348 1233 3411 haud
1248 3347 1284 3410 in

48 3457 331 3535 praesentiarum
347 3457 571 3521 scribendum
589 3475 680 3535 esse,
694 3467 952 3534 verumtamen,
969 3456 1016 3518 ita
1033 3472 1114 3518 cum
1129 3454 1207 3518 sita
1223 3463 1283 3517 tua

50 3562 265 3626 Reuerentia
284 3564 526 3644 constitutum,
539 3574 645 3644 atque
660 3566 893 3643 collegiorum
918 3580 999 3625 cum
1024 3562 1081 3625 hic
1097 3562 1143 3625 sit
1157 3578 1233 3625 mos
1249 3569 1283 3624 et

48 3670 280 3748 consuetud0,
298 3671 434 3750 pauciS,
451 3689 542 3752 quae
558 3671 660 3734 nobis
675 3672 709 3735 in
726 3680 879 3734 mentem
894 3669 1052 3744 veniunt,
1071 3669 1240 3749 aperiam.

107 3774 286 3856 Imprimis
301 3793 388 3857 ergo
403 3777 520 3840 dicam
536 3778 579 3841 de
595 3778 761 3859 quodam,
778 3776 837 3856 qui
852 3785 993 3856 patrum
1010 3775 1201 3838 admonitis
1217 3775 1283 3838 cir·

49 3885 135 3947 citer
156 3883 336 3947 sexdecim
363 3901 502 3963 aureos,
531 3902 620 3965 quos
644 3885 805 3960 debebat,
829 3882 1000 3960 restituit;
1021 3881 1084 3944 sed
1099 3891 1284 3961 praeterea

47 3991 121 4054 vult
136 3990 246 4053 etiam
261 3991 564 4055 adolescentulam
580 3993 711 4072 partim
725 3992 870 4073 proprio
883 4000 1035 4070 sumptu,
1055 3989 1184 4071 partim
1200 3988 1283 4050 alio·

44 4112 133 4175 rum,
151 4096 187 4159 in
203 4099 418 4161 monasterio
434 4100 621 4162 collocare.
639 4097 692 4161 De
710 4097 992 4161 confessionibus
1004 4107 1121 4159 autem
1133 4094 1281 4158 duorum

45 4205 101 4267 vel
113 4203 223 4266 trium
238 4215 297 4266 aut
313 4216 463 4284 quatuor
479 4222 655 4268 annorum
668 4205 755 4268 nihil
772 4205 903 4282 dicam,
917 4220 1025 4283 quum
1038 4202 1082 4265 sit
1097 4218 1283 4264 commune

46 4309 283 4391 frequensque
300 4312 464 4374 omnibus
476 4329 565 4391 pene
582 4312 616 4374 in
632 4313 731 4374 locis.
755 4309 953 4374 Nonnullae
973 4325 1112 4389 quoque
1135 4324 1282 4385 genera·

86 4515 94 4547 ¹
123 4514 165 4559 En
177 4514 246 4559 illius
261 4525 404 4569 cognomen
423 4514 532 4569 Aloysli,
548 4515 643 4564 Alvlsl,
659 4515 689 4558 de
701 4526 750 4569 quo
761 4514 894 4557 Polluces
904 4514 929 4556 in
941 4513 1074 4563 Chronico,
1087 4516 1151 4562 t.1v,
1163 4521 1222 4564 pag.
1235 4510 1283 4564 117,

47 4597 73 4630 n.
88 4586 115 4628 ’τὶ
134 4620 138 4629 .

87 4658 99 4690 ¹
117 4586 331 4715 Saaroarapnae,
343 4665 415 4703 totae
426 4669 503 4702 mauu
513 4657 602 4702 Patris
610 4653 686 4712 Napi,
696 4657 721 4699 ln
732 4657 792 4700 sollo
803 4656 885 4708 unico,
897 4669 920 4698 n.
929 4656 976 4698 129.

1068 4900 1281 5055 Α
