3210 5392
219 1444 368 1518 Jacobus
381 1446 422 1505 de
437 1447 563 1506 Acosta

257 1544 353 1602 Patri
367 1544 495 1617 Ignatio
509 1546 550 1604 de
563 1545 703 1619 Loyola.

292 1641 506 1707 Salmantica,
520 1643 556 1700 29
570 1643 764 1701 Decembris
780 1642 850 1701 1555
860 1644 878 1699 ¹.

752 1876 838 1994 iiis.

401 2171 604 2236 Admodum
620 2172 827 2237 Reverende
848 2175 883 2236 in
898 2171 1038 2235 Christo
1054 2170 1170 2234 Pater.

226 2276 351 2341 Gratia
374 2287 408 2341 et
430 2297 501 2359 pax
522 2279 653 2343 Christi
674 2279 871 2342 visceribus
893 2278 1136 2341 Paterm'tatt‘s
1151 2283 1234 2339 tuae
1259 2287 1398 2359 semper

167 2382 314 2461 influat.
332 2385 457 2447 Amen.

224 2489 293 2553 Per
318 2493 517 2570 proximam
542 2492 837 2572 quadrimestrem
859 2509 995 2569 eorum,
1019 2491 1082 2569 qm'
1104 2490 1169 2552 lroc
1193 2492 1397 2555 tenebamus

167 2595 369 2676 Collegium
389 2605 413 2675 ¹,
433 2597 687 2662 Paternitatem
706 2608 803 2662 tuam
818 2604 952 2660 tertam
979 2595 990 2626 ³
1012 2596 1239 2660 reddidimus:
1266 2598 1396 2675 viginti

162 2720 302 2783 nempe,
315 2720 467 2782 pirorum
479 2702 491 2734 ⁴
505 2704 708 2768 sacerdotes
722 2706 886 2785 quinque,
904 2703 1036 2782 reliqui
1048 2720 1133 2766 vero
1144 2702 1240 2766 lar'ci.
1256 2704 1300 2766 Et
1312 2705 1394 2768 licet

164 2818 243 2889 post
256 2810 353 2873 illam
366 2812 536 2889 scriptam
552 2810 620 2875 duo
637 2812 864 2875 sacerdotum
879 2811 1136 2874 humanitatem
1152 2809 1163 2840 ⁵
1187 2809 1393 2890 professum,

166 2913 409 2995 Methymnam
424 2918 524 2980 missi
547 2917 687 2996 suerint,
715 2927 844 2995 tamen,
872 2935 952 2980 cum
979 2917 1037 2979 alii
1063 2917 1144 2994 du0,
1170 2918 1230 2996 qui
1247 2917 1340 2994 hinc,
1359 2928 1396 2979 vt

162 3023 323 3103 corporis
340 3023 437 3086 vires
456 3024 752 3103 redintegrarent,
780 3026 850 3088 alio
876 3023 1027 3104 profecti
1049 3023 1200 3097 fuerant,
1217 3024 1263 3085 ad
1279 3022 1394 3086 studia

162 3130 330 3192 redierint
343 3132 448 3193 simul
462 3148 543 3193 eum
558 3131 627 3193 alio
643 3130 759 3207 Patre,
777 3132 836 3209 qui
860 3149 953 3193 anno
976 3130 1138 3209 proximo
1165 3128 1339 3208 Hispalim
1355 3147 1393 3192 se

162 3237 370 3313 contulerat,
390 3237 454 3315 qui
461 3237 589 3315 paucis
599 3243 687 3317 post
699 3237 822 3299 diebus
832 3238 1019 3314 Monterey
1031 3236 1200 3315 opputum
1215 3236 1267 3298 sic
1279 3235 1393 3315 appel·

162 3341 275 3405 latum
287 3350 562 3422 progressurus
576 3349 643 3422 est,
659 3362 808 3424 cumque
824 3344 913 3407 alius
928 3344 1012 3406 item
1024 3341 1191 3405 sacerdos
1214 3344 1390 3405 nonnullis

162 3467 241 3512 cum
258 3449 359 3512 laicis
374 3459 408 3512 et
423 3447 674 3530 SeptimanciS,
689 3450 912 3531 probationis
927 3450 1043 3525 domo,
1060 3459 1094 3512 et
1109 3448 1314 3528 Methymna
1325 3449 1394 3512 huc
1495 3531 1498 3536 1

162 3556 271 3619 literis
285 3556 482 3619 instruendi
496 3557 746 3633 confluxerint,
759 3563 836 3619 tum
850 3554 861 3585 ⁰
878 3557 1017 3618 demum
1033 3571 1112 3616 cum
1132 3556 1245 3618 sacris
1267 3555 1393 3618 initiati

162 3673 231 3726 tres
245 3663 376 3726 fratres
390 3663 531 3740 fuerint,
548 3664 607 3743 qui
628 3666 720 3726 hanc
746 3664 780 3726 in
804 3662 1085 3744 praesentiarum
1109 3662 1310 3724 habitamus
1331 3661 1392 3724 do·

162 3786 255 3832 mum
282 3768 547 3849 duodetriginta
576 3787 707 3832 sumus.
738 3770 786 3831 Et
815 3786 939 3831 eorum
975 3768 985 3798 ¹
1017 3768 1221 3831 sacerdotes
1257 3769 1391 3843 decem,

162 3875 417 3954 duodeviginti
427 3881 515 3938 suut
530 3881 649 3938 autem
664 3875 757 3937 taret.
776 3875 892 3953 Atqui
902 3875 1130 3936 sacerdotum
1152 3892 1286 3937 rursus
1301 3874 1394 3937 theo·

200 4081 209 4113 ¹
239 4078 279 4123 Ex
290 4081 385 4124 volum.
396 4079 457 4124 anni
469 4078 528 4132 1556;
540 4079 720 4134 autographae
736 4079 830 4132 dupllcl
842 4079 868 4122 ln
883 4079 949 4121 tollo.
965 4089 988 4121 n.
998 4077 1154 4121 atu-Plura
1169 4078 1195 4121 ln
1207 4077 1238 4121 iis
1251 4079 1394 4132 suppressit

163 4148 296 4203 Polancus.
309 4152 395 4206 allqua
406 4162 603 4206 suppressorum
614 4153 669 4194 loco
679 4152 793 4204 scripsit:
808 4152 852 4194 llla
864 4161 918 4203 nos,
930 4157 957 4193 ut
974 4151 1052 4193 moris
1068 4151 1140 4194 nobis
1157 4156 1203 4200 est.
1219 4150 1314 4193 italicis
1325 4151 1395 4206 typis

162 4222 344 4276 describemus;
355 4225 420 4268 baec
431 4224 464 4268 ad
475 4225 587 4279 paginae
600 4224 698 4266 calcem
710 4222 882 4276 subjiciemus.

197 4294 208 4325 ¹
235 4295 361 4339 derebus
373 4296 486 4340 nostris.
497 4296 644 4338 Potaucus.

197 4366 209 4398 ³
235 4368 390 4412 certiorem.
403 4367 441 4411 Io.
600 4355 601 4359 ¹

198 4439 209 4472 ⁸
236 4443 301 4483 tunc
312 4450 436 4493 eramus,
446 4441 520 4484 inter
527 4451 600 4494 quos.
609 4439 646 4483 Io.

198 4508 209 4541 Ι
235 4511 405 4555 humaniores
414 4512 532 4556 litteras.
545 4511 586 4556 lo.

197 4577 210 4610 ⁶
238 4581 328 4625 uelo.

196 4650 210 4683 '¹
237 4654 435 4709 exquibuslo.
