3240 5386
295 451 350 509 71t
684 448 1140 515 errnnnnounoaruesrnas

299 597 453 678 aliquem
468 616 514 660 ex
528 597 696 660 iratribus
711 596 930 676 subornauit,
947 597 1006 677 qui
1018 597 1094 660 eius
1105 596 1249 659 nomine
1261 613 1343 659 rem
1355 605 1477 659 totam
1489 613 1542 659 su·

203 782 207 789 ,
298 703 431 783 periori
444 704 626 783 panderet.
644 704 831 768 Caeterum
847 721 928 767 cum
944 721 1020 767 rem
1035 703 1172 767 tardius
1194 703 1397 784 procedere
1420 721 1542 766 cerne·

299 818 369 889 ret,
390 810 588 889 longiorem
608 828 680 874 non
698 810 816 874 ferens
837 827 985 889 moram,
1008 826 1202 890 aggressus
1222 818 1277 873 est
1298 811 1458 891 ipsemet
1481 827 1542 890 pa·

298 927 390 979 trem
405 933 475 979 non
490 918 598 980 semel
613 916 675 981 sed
689 917 832 999 saepius
852 918 1066 981 desiderium
1085 934 1189 980 suurn
1209 918 1244 980 ei
1265 916 1453 997 aperiens.
1471 915 1539 997 Qui

297 1022 462 1101 quamuis
477 1022 632 1086 nondum
647 1024 716 1087 sint
730 1024 864 1105 recepti
879 1024 973 1102 (sunt
988 1025 1082 1087 enim
1097 1024 1185 1087 satis
1201 1023 1378 1101 iuuenes),
1404 1040 1473 1088 suo
1488 1036 1540 1089 ta·

299 1147 381 1192 men
406 1138 564 1209 tempore
588 1129 746 1209 satisfiet,
772 1141 812 1193 vt
838 1147 1033 1211 speramus,
1060 1141 1133 1193 tam
1157 1130 1226 1210 piis
1252 1130 1423 1210 ipsorum
1450 1130 1540 1194 desi·

296 1236 418 1300 deriis.

357 1343 456 1406 Haec
471 1353 563 1421 sunt,
579 1342 785 1407 Reuerende
800 1342 916 1422 Pater,
936 1361 1026 1425 quae
1040 1344 1196 1407 breuiter
1216 1343 1416 1408 scribenda
1440 1346 1539 1424 duxi3

297 1467 401 1529 quae,
418 1467 487 1530 quo
502 1450 672 1530 pauciora
686 1460 780 1529 sunt,
796 1468 838 1514 eo
853 1467 1022 1530 rogamus
1036 1450 1150 1514 Tuam
1160 1449 1427 1515 paternitatem
1441 1453 1542 1515 obni-

298 1556 380 1619 xius
394 1566 433 1619 vt
448 1556 522 1619 suis
535 1573 600 1619 nos
621 1556 717 1620 iuuet
736 1559 870 1620 sanctis
891 1557 1055 1637 precibus
1075 1573 1144 1637 quo
1164 1556 1211 1620 ad
1230 1557 1392 1636 gloriam
1414 1558 1485 1622 Dei
1508 1570 1542 1623 et

298 1662 435 1725 maiora
450 1654 638 1742 praestare
647 1663 835 1743 possimus
852 1680 894 1726 ac
908 1663 1051 1727 tandem
1067 1662 1228 1727 foelicem
1240 1663 1483 1728 minimorum
1496 1668 1541 1729 la·

296 1768 422 1832 borum
435 1778 640 1832 nostrorum
654 1769 852 1833 mercedem
863 1770 1032 1851 recipere,
1046 1780 1212 1834 aeternae
1225 1771 1473 1836 beatitudinis
1485 1792 1542 1837 co·

297 1892 435 1953 ronam,
452 1893 558 1956 quam
572 1877 674 1939 nobis
689 1877 819 1940 tribuat
832 1875 936 1958 Jesus
951 1876 1113 1941 Christus
1128 1875 1304 1941 Dominus
1321 1891 1469 1943 noster.

357 1981 519 2045 Viennae
535 1983 570 2046 in
585 1983 743 2060 Austria,
758 1983 778 2045 7
793 1982 961 2046 calendas
974 1983 1136 2066 Januarii
1154 1984 1231 2047 1555
1247 1983 1268 2044 ¹.

418 2086 686 2167 Indignissimus
701 2106 826 2152 seruus
840 2098 937 2166 tuus,

678 2303 848 2367 Enannus
876 2302 1110 2369 Aunurmuus
1135 2304 1364 2369 Lnonrsusrs.

355 2621 680 2702 Superscripttonis
693 2621 769 2685 loco
784 2623 822 2684 in
837 2628 969 2702 quarta
986 2623 1144 2703 pagina:
1165 2623 1307 2688 Literae
1323 2629 1540 2706 quadrime-

296 2738 390 2791 stres
404 2728 551 2808 Collegii
566 2727 790 2806 Viennensis
808 2729 891 2792 anni
902 2729 949 2792 M.
963 2728 1008 2793 D.
1022 2728 1062 2792 L.
1076 2728 1122 2793 V.
1135 2728 1157 2792 ¹.

356 2834 440 2897 Alia
465 2853 595 2898 manu:
627 2836 712 2898 1556.
744 2834 895 2912 Vienna,
925 2835 1210 2915 Quadrimestres
1238 2837 1283 2900 ad
1312 2839 1535 2921 Januarium

295 2960 416 3023 usque.

295 3136 504 3145 ——-—

334 3255 341 3287 ¹
373 3254 439 3297 Vide
450 3267 537 3309 supra.
549 3266 608 3308 pag.
619 3254 667 3305 710,
679 3261 765 3311 annot.
778 3253 795 3297 1.

334 3326 345 3357 ἱ
374 3325 421 3368 iiic
432 3328 510 3369 etiam
521 3327 614 3380 aliquis
624 3326 728 3379 scripsit
743 3325 859 3378 MDLVI;
871 3325 915 3368 sed
927 3336 1002 3369 verso
1014 3327 1114 3369 calamo
1129 3327 1247 3369 ultimum
1268 3339 1410 3375 numerum
1423 3343 1432 3376 r
1449 3334 1538 3378 delere

293 3397 406 3440 curavit.
