3210 5392
588 420 1038 490 annnnoonnmnnsmm

675 1154 927 1239 oooonX

249 1549 284 1605 P.
301 1547 527 1607 Gnndisalvns
541 1547 697 1622 Sylveira

280 1647 373 1705 Patri
383 1647 563 1705 Francisco
577 1648 618 1706 de
632 1647 741 1721 Borion,

314 1745 563 1820 Ulyssipone28
575 1746 664 1818 Junii
685 1748 754 1806 1555

760 1984 848 2121 Jh†ns

248 2279 299 2341 La
315 2278 432 2356 gratia
447 2298 471 2358 y
485 2296 553 2359 paz
578 2279 621 2342 de
644 2279 785 2343 Christo
812 2288 956 2341 nuestro
977 2276 1089 2342 Senos
1114 2294 1178 2342 sea
1200 2279 1356 2362 siempre
1375 2301 1414 2345 en
1442 2292 1454 2335 1

188 2394 363 2448 nosotros.
384 2384 511 2448 Amen.

247 2492 318 2555 Las
333 2493 546 2556 mutationes
561 2493 603 2555 de
628 2501 745 2554 tantas
761 2510 875 2570 cosas,
900 2511 1002 2556 como
1028 2491 1117 2558 Dios
1143 2505 1293 2560 nuestro
1308 2495 1418 2562 Seiior

187 2616 252 2662 nos
268 2610 423 2663 muestra
438 2617 526 2679 para
535 2601 741 2678 allegarnos
756 2617 781 2678 y
801 2599 1049 2677 afficionamos
1063 2621 1088 2681 y
1111 2618 1334 2681 segurarnos
1353 2620 1416 2666 con

185 2724 226 2769 su
241 2710 297 2786 yn
313 2723 353 2768 su
369 2705 646 2780 inmutabiiidad.
663 2706 710 2768 ha
726 2705 803 2769 sido
828 2707 931 2769 harto
948 2707 1088 2770 estorbo
1113 2708 1157 2770 de
1176 2726 1223 2771 no
1239 2711 1415 2773 escreuir·

185 2830 262 2875 mos
277 2817 298 2875 a
314 2813 358 2875 V.
376 2812 416 2875 R.
435 2823 552 2874 tantos
566 2813 644 2875 dias
660 2831 691 2889 a,
708 2830 733 2891 y
748 2813 904 2876 tambien
919 2796 1002 2875 creo
1015 2830 1082 2893 que
1095 2812 1139 2876 de
1154 2816 1188 2877 lo
1206 2816 1334 2879 mismo
1346 2826 1415 2879 ten·

186 2920 250 2981 dra
266 2920 431 2981 occasion
447 2920 661 2982 recebirmos
676 2928 736 2980 tan
751 2937 859 2998 ponas
874 2937 1009 2982 nueuas
1030 2921 1073 2983 de
1099 2922 1181 3000 alliu
1198 2941 1223 3002 y
1249 2925 1415 3003 especial-

185 3037 300 3089 monte
316 3045 362 3106 yo
378 3027 502 3089 desseo
518 3027 665 3089 muchos
680 3026 756 3089 dias
768 3046 789 3089 a
800 3038 983 3107 respuesta
995 3029 1038 3090 de
1050 3030 1212 3108 aignmm,
1226 3032 1416 3108 ytambien

186 3133 828 3213 consolaciondesusofitaypaternal
839 3135 1192 3198 admonestation.Es
1204 3137 1341 3199 verdad
1351 3155 1416 3217 que

185 3240 232 3302 mi
248 3240 365 3302 oiuido
381 3259 419 3303 es
436 3245 512 3302 mas
528 3242 642 3319 culpa,
658 3250 758 3302 antes
774 3257 857 3320 muy
874 3242 1035 3320 culpable
1052 3241 1314 3320 inobediencia;
1342 3262 1418 3307 mas

185 3350 218 3408 la
232 3348 404 3423 tardanon
420 3348 462 3408 de
478 3349 511 3409 la
527 3347 716 3424 visitacion
736 3347 778 3408 de
793 3365 854 3409 sus
877 3347 998 3426 dulces
1023 3350 1141 3424 letraS,
1170 3365 1277 3410 como
1300 3350 1343 3412 de
1359 3367 1416 3429 pa-

185 3455 304 3534 dre,y
330 3456 438 3533 padre
462 3472 504 3516 en
524 3456 572 3516 tal
596 3455 717 3532 padre,
745 3453 889 3531 scilicet,
913 3454 1016 3535 Jesus
1040 3454 1262 3533 dulcissimo,
1287 3473 1418 3535 pareoe

186 3578 308 3623 menos
329 3562 491 3640 possible.
510 3560 579 3622 Sed
594 3561 636 3621 de
664 3560 721 3621 leis
732 3560 820 3639 plus
834 3561 938 3623 satis,

243 3668 361 3730 Todos
376 3677 470 3729 estos
486 3668 563 3729 dias
578 3687 601 3747 y
617 3685 731 3729 meses
746 3685 891 3729 anemos
906 3667 1069 3743 reoebido
1091 3669 1134 3731 de
1157 3679 1306 3731 nuestro
1327 3670 1418 3734 Dios

184 3776 351 3838 continua
366 3775 467 3836 salud
482 3774 648 3853 yauxilio
666 3790 752 3851 para
768 3774 927 3835 caminar
947 3792 990 3836 en
1012 3792 1052 3836 su
1075 3776 1231 3852 seruioio
1253 3795 1280 3855 y
1300 3795 1418 3854 amon

184 3902 208 3962 y
224 3900 317 3956 creo,
334 3881 432 3943 [uera
445 3883 496 3942 ias
511 3880 616 3942 saltas
631 3897 695 3958 por
711 3879 757 3941 mi
769 3881 862 3941 maia
875 3881 1219 3960 superintendenoia,
1236 3898 1283 3944 en
1294 3885 1330 3946 lo
1340 3901 1419 3947 sus·

182 3989 313 4066 tancial
328 4007 353 4067 y
374 3987 456 4049 todo
472 3986 587 4048 debito
604 3986 646 4047 de
661 3987 694 4047 la
716 3996 820 4048 santa
835 3986 1041 4065 obediencia
1064 3986 1207 4051 andala
1224 4005 1313 4051 casa
1336 3992 1420 4054 ade-

223 4231 231 4260 ¹
262 4227 450 4280 Autographae
471 4226 496 4268 in
512 4225 608 4279 tripiici
620 4226 687 4276 solio,
709 4226 733 4267 in
754 4224 877 4267 Historia
892 4228 981 4276 varia,
996 4232 1015 4269 t,
1035 4237 1051 4278 1,
1066 4239 1125 4280 pag.
1143 4227 1303 4272 nomon-ln
1317 4232 1421 4284 primae

183 4301 294 4354 paginae
305 4299 431 4352 superiori
444 4304 518 4350 parte
530 4304 679 4350 sequentem
693 4297 811 4350 apposuit
824 4297 1016 4350 inscriptionem
1027 4298 1116 4342 horum
1128 4309 1355 4345 monumentorum
1366 4304 1421 4346 eoi·

183 4375 275 4424 lector,
287 4372 315 4414 P.
328 4369 530 4422 Christophorus
541 4369 570 4410 de
583 4367 684 4410 Castro.
695 4367 789 4421 “Copia
802 4369 833 4410 de
849 4368 929 4411 Carta
942 4371 983 4412 del
994 4369 1051 4412 Pre.
1065 4368 1121 4413 Don
1131 4369 1255 4423 Gononlo,
1270 4373 1304 4415 de
1320 4372 1420 4419 Lisbon

184 4447 199 4488 a
212 4443 236 4485 18
246 4443 276 4485 de
292 4442 365 4494 Junio
381 4440 439 4488 1555,
450 4441 474 4482 ni
486 4439 512 4483 P.
527 4438 630 4481 Franco
650 4439 680 4480 de
697 4438 792 4490 Borxa,
803 4440 835 4482 da
852 4447 945 4483 cuenta
961 4441 1002 4483 del
1018 4440 1102 4484 {ructo
1117 4452 1165 4494 que
1181 4441 1247 4485 hace
1262 4443 1289 4486 Ιι
1306 4442 1418 4500 compa·

181 4518 224 4558 nia
232 4515 263 4557 de
274 4513 348 4565 Jesns
358 4513 388 4554 de
400 4511 545 4564 Portum...
556 4509 644 4552 Verba
656 4517 743 4553 autem
754 4512 841 4563 priora
857 4510 937 4564 Copia
953 4512 986 4554 de
1002 4512 1071 4555 linea
1087 4523 1164 4566 super
1178 4513 1257 4557 ducta
1271 4525 1417 4570 suppressa

180 4593 248 4639 sunt;
259 4590 330 4628 recte
341 4583 448 4637 quidem
459 4591 507 4623 non
516 4581 582 4624 enim
591 4587 629 4623 est
639 4581 686 4623 hoc
698 4582 885 4636 apographum.
898 4584 983 4637 copia,
992 4584 1036 4627 sed
1044 4592 1117 4627 certo
1126 4585 1322 4639 autographum
1331 4593 1417 4631 totum

180 4669 256 4701 manu
268 4656 355 4698 Patris
365 4653 518 4696 Gundisalvi
530 4653 560 4694 de
570 4652 692 4695 Silveira.
