3210 5392
171 1447 297 1520 Joannes
313 1450 454 1510 Valerio

199 1546 281 1607 Patri
295 1549 426 1622 Ignatio
440 1550 481 1610 de
494 1550 635 1625 Loyola.

223 1647 359 1720 llutina,
374 1647 411 1707 29
424 1650 573 1722 Augusti
589 1650 658 1709 1554
672 1650 692 1707 ¹.

674 1886 748 2004 nis

162 2177 207 2241 La
222 2182 341 2260 gratia
357 2191 391 2243 et
407 2198 495 2260 pace
510 2181 566 2245 del
578 2181 721 2261 Signor'
738 2183 792 2245 sia
809 2198 949 2263 sempre
965 2199 1033 2245 con
1049 2183 1119 2245 noi.
1137 2181 1264 2248 Amen.

161 2285 379 2352 Hauendomi
403 2290 557 2369 imposto
582 2289 616 2352 la
643 2288 752 2354 Santa
778 2289 977 2354 obedientia
1006 2289 1042 2353 di
1064 2291 1282 2357 manifestar'
1304 2313 1326 2357 a

106 2404 218 2457 vostra
232 2394 416 2459 Paternita
430 2398 462 2459 le
477 2413 559 2459 cose
574 2397 688 2460 chela
703 2396 823 2461 diuina
838 2397 1024 2461 clementia
1039 2414 1102 2478 per
1127 2415 1227 2462 mezo
1242 2400 1285 2464 de
1300 2402 1326 2464 li

102 2501 174 2565 suoi
189 2503 284 2566 serui
299 2503 414 2567 inutili
429 2503 475 2566 ha
495 2513 642 2583 operato
657 2504 693 2566 in
708 2514 832 2583 questa
847 2514 943 2567 terra
958 2505 1071 2584 questi
1087 2517 1215 2585 quatro
1238 2508 1325 2570 mesi

100 2609 242 2688 passati;
265 2610 314 2672 mi
338 2609 496 2674 sforzaro
519 2610 796 2685 (confidandomi
812 2613 869 2674 nel
888 2610 1009 2674 diuino
1028 2611 1169 2688 fauore)
1190 2613 1234 2678 de
1248 2614 1324 2678 dire

96 2731 196 2778 come
210 2716 326 2797 quelle
341 2733 429 2780 sono
444 2726 605 2798 passate,
625 2734 693 2780 con
708 2718 824 2798 quella
838 2718 976 2780 breuita
998 2718 1064 2781 che
1083 2726 1186 2799 potro
1205 2738 1321 2784 usare.

152 2821 441 2886 incominciando
471 2823 517 2886 da
552 2825 669 2905 quello
705 2824 772 2887 che
805 2841 876 2888 non
901 2825 1097 2888 solamente
1120 2843 1141 2888 a
1164 2826 1189 2888 li
1214 2827 1324 2892 animi

92 2929 231 3009 deuoti,
259 2946 317 2993 ma
343 2929 526 3009 etiamdio,
553 2949 573 2994 a
595 2931 620 2995 11
644 2930 790 3009 Angioli
815 2948 934 2996 essere
959 2932 1034 2995 sole
1057 2933 1101 2996 de
1126 2934 1325 3013 allegrezza

91 3036 241 3117 grande.
258 3037 366 3102 Molte
381 3037 542 3102 adonche
557 3037 696 3117 publice
710 3038 920 3119 peccatrici,
938 3055 1037 3103 mose
1051 3056 1116 3120 per
1133 3040 1252 3119 gratia
1267 3040 1325 3104 del
1363 3019 1366 3027 ¹

91 3143 250 3223 Signor’,
267 3143 379 3224 dagli
394 3145 472 3209 suoi
492 3145 606 3208 errori
626 3162 713 3208 sono
738 3155 830 3209 state
854 3147 1020 3225 liberate;
1040 3146 1097 3210 fra
1122 3147 1217 3228 quali
1242 3146 1323 3226 due,

90 3268 212 3315 mosse
236 3267 307 3315 con
330 3252 466 3331 grande
488 3252 716 3329 contritione,
744 3269 831 3315 sono
853 3252 983 3317 intrate
1007 3254 1322 3317 nelleconuertite.

89 3359 133 3422 L’
151 3359 256 3436 altre,
273 3359 460 3438 permulta
476 3368 649 3423 stretezza
664 3359 711 3422 dil
725 3360 832 3438 luogo
847 3363 869 3438 ⁸,
886 3359 917 3424 si
931 3376 1043 3423 sonno
1056 3359 1324 3424 accommodate

89 3483 162 3529 con
177 3482 328 3545 persone
343 3464 378 3528 di
391 3474 495 3530 santa
511 3467 596 3530 vita.
613 3465 681 3529 Per
695 3468 729 3529 la
741 3468 824 3546 qual
836 3483 920 3529 cosa
931 3467 1068 3545 grande
1081 3467 1324 3530 consolatione

89 3573 214 3635 hanno
228 3581 396 3653 receputo
410 3573 491 3636 tutti
506 3574 609 3653 quell'
625 3573 636 3635 i
652 3572 747 3652 quali
762 3589 849 3636 sono
863 3573 971 3636 zelosi
992 3573 1035 3636 de
1056 3574 1091 3635 la
1105 3575 1218 3637 salute
1233 3574 1276 3637 de
1291 3576 1324 3637 le

89 3679 223 3743 anime.
239 3679 283 3743 Et
298 3681 465 3743 massime
479 3696 543 3760 per
554 3696 672 3743 essere
682 3680 831 3744 liberata
842 3688 897 3742 tra
909 3680 1024 3760 quelle
1035 3696 1106 3742 una
1117 3680 1323 3759 giouenetta

88 3787 129 3849 di
145 3793 235 3850 sette
249 3803 271 3849 o
285 3793 359 3849 otto
375 3787 459 3849 anni
473 3787 509 3848 la
520 3786 603 3866 qual
618 3787 663 3850 da
675 3803 745 3850 uno
761 3785 999 3866 (quantunche
1013 3785 1163 3849 douesse
1172 3786 1219 3849 lui
1231 3803 1322 3850 esse·

88 3912 131 3957 re
145 3895 241 3957 lume
255 3901 290 3955 et
305 3892 480 3972 sapientia
494 3910 515 3955 a
531 3893 555 3956 11
567 3893 664 3967 altri)
681 3899 700 3955 e
715 3901 810 3957 stata
821 3892 965 3956 violata.
978 3892 1022 3955 Et
1037 3892 1153 3972 quella
1167 3909 1231 3972 per
1242 3908 1322 3972 gra·

86 4000 141 4063 tiu
157 3999 194 4063 di
208 3998 277 4063 Dio
293 3999 456 4063 eintrata
472 3998 782 4062 medesimamente
803 4015 847 4061 ne
862 3998 894 4061 le
918 3999 1126 4061 conuertite.
1150 3997 1248 4062 Iddio
1267 3998 1323 4061 be-

84 4106 235 4170 nedetto
251 4106 302 4186 gli
317 4104 376 4169 dia
391 4106 508 4185 gratia
520 4104 556 4169 di
572 4104 793 4186 perseuerar'
807 4105 910 4168 insin’
926 4106 960 4167 al
974 4104 1053 4168 linc.

152 4212 260 4276 Molte
286 4213 530 4293 superstitioni
551 4211 796 4277 abomineuole
813 4212 865 4290 (le
885 4211 1001 4292 qualle
1027 4211 1087 4291 piu
1112 4212 1177 4274 che
1202 4229 1273 4275 non
1295 4212 1326 4275 si

85 4337 203 4401 pensa
218 4335 428 4399 regnauauo
443 4319 479 4382 in
495 4329 619 4401 queste
642 4319 752 4398 parti)
767 4320 813 4381 ha
840 4319 927 4382 tolto
949 4318 974 4380 il
999 4316 1149 4398 Signore
1164 4319 1210 4381 da
1226 4319 1326 4382 molti

136 4597 142 4627 ¹
173 4596 376 4652 Autographum
386 4597 412 4641 lu
422 4597 518 4652 duplici
530 4599 600 4652 10110,
611 4610 655 4642 nn.
669 4597 708 4642 las
718 4607 743 4642 et
756 4598 803 4641 129.

132 4671 144 4699 ¹
174 4666 223 4712 Seu
233 4670 295 4723 quia
305 4671 378 4713 locun
388 4669 426 4713 eis
436 4669 462 4712 lu
472 4668 664 4714 couversarum
674 4669 748 4713 domo
759 4679 808 4712 non
819 4678 884 4712 irat.
