3210 5392
568 439 739 497 Lucania
753 449 1025 504 oonouruasruss

692 1114 919 1201 COOLXX

243 1457 424 1516 Marcellus
444 1457 494 1530 (de
509 1456 671 1528 Salazari)

279 1555 370 1614 Patri
383 1555 512 1630 ignatio
526 1555 567 1613 de
580 1555 719 1629 Loyola.

270 1743 272 1747 Ι
311 1653 641 1749 Hispali,23Apriiis
658 1654 761 1713 15551.

763 1890 840 2007 nis

252 2184 377 2248 Gratia
393 2194 427 2248 et
441 2203 513 2266 pax
527 2185 672 2249 Domini
687 2186 800 2249 nostri
823 2185 908 2266 Jesu
926 2184 983 2249 xl
1006 2185 1051 2249 sit
1066 2201 1208 2265 semper
1223 2178 1449 2248 nobis&

191 2293 317 2355 Amen.

251 2398 407 2462 Feruens
423 2416 534 2479 amor,
552 2418 619 2480 quo
642 2402 685 2463 ab
710 2401 777 2464 isto
792 2401 942 2480 collegio
961 2399 1084 2464 literas
1099 2399 1298 2479 recipiendi
1330 2403 1449 2457 tt*

192 2523 281 2583 mur,
298 2515 351 2569 est
367 2507 403 2568 in
418 2524 526 2569 causa
548 2507 644 2587 quod
663 2525 743 2571 sero
763 2508 809 2571 ad
833 2524 898 2570 nos
917 2506 1047 2571 deferri
1062 2523 1203 2587 semper
1218 2498 1449 2569 videar*

190 2611 395 2677 Laudamus
410 2623 528 2676 tamen
544 2612 745 2693 Dominum,
762 2631 881 2677 rerum
901 2613 1101 2677 futurarum
1116 2608 1449 2693 opportunitaae¹

192 2729 432 2800 expectantes,
450 2739 531 2784 cum
546 2722 785 2801 praesentium
799 2738 937 2784 moram
952 2719 1146 2784 videamus.

251 2827 426 2891 Vndecim
441 2837 501 2891 aut
517 2827 712 2905 duodecim,
733 2845 822 2909 quos
836 2828 1004 2909 Hispalis,
1030 2829 1146 2908 gloria
1172 2827 1265 2908 Deo,
1294 2817 1449 2890 inct

193 2952 267 2997 mes
279 2936 394 3013 habet,
409 2934 607 3015 spiritualia
619 2953 775 3012 munera,
791 2952 854 3015 per
864 2934 989 2998 Patres
1000 2944 1143 2998 nostros
1155 2934 1344 3015 incoepta,
1363 2925 1449 3004 ί

193 3043 331 3122 sequuti
348 3059 480 3105 sumus.
497 3042 626 3120 Ingens
642 3044 791 3122 populus
812 3041 859 3104 ad
873 3041 1119 3122 percipiendas
1139 3041 1332 3104 contiones
1358 3029 1449 3089 ‘5

194 3151 290 3212 uenit
311 3149 399 3213 adeo
417 3159 454 3211 ut
477 3167 566 3229 opus
580 3151 625 3211 sit
646 3150 775 3226 multiS,
793 3151 852 3229 qui
866 3149 984 3211 locum
1007 3147 1234 3212 commodum
1252 3147 1386 3211 audit

194 3273 323 3334 parare
338 3257 405 3318 sibi
425 3258 558 3334 volunt,
577 3265 658 3317 ante
674 3257 787 3318 lucem
809 3272 879 3317 vna
895 3265 955 3317 aut
970 3255 1127 3335 pluribus
1144 3255 1244 3317 horis
1260 3245 1449 3334 surg‘

194 3364 296 3425 aliter
322 3363 487 3424 carituris
512 3363 612 3440 sede,
639 3362 732 3425 vnde
759 3361 897 3442 placide
919 3361 1041 3424 audire
1067 3361 1217 3440 possint:
1246 3362 1364 3425 cuius

194 3470 311 3548 gratia
323 3486 434 3549 nuper
449 3470 597 3547 contigit
614 3479 661 3545 ut,
680 3487 761 3532 cum
773 3469 891 3549 januis
906 3469 1136 3531 ecclesiarum
1153 3469 1351 3547 ingressus
1372 3458 1449 3516 ὗ

195 3584 344 3658 pateret,
361 3594 424 3655 per
440 3574 593 3639 culmina
610 3576 810 3639 vicinorum
828 3576 1025 3655 aperiretur
1040 3575 1157 3637 aditus
1180 3583 1216 3636 et
1235 3542 1449 3638 sacen,

194 3683 260 3745 bus
275 3693 309 3745 et
325 3682 402 3745 aliis
417 3683 537 3761 probis
553 3683 650 3761 viris;
667 3681 860 3745 funduntur
881 3682 1087 3760 lachrimae,
1109 3682 1204 3762 quod
1229 3661 1448 3761 nouital

193 3791 275 3853 huic
301 3790 437 3853 ciuitati
460 3807 523 3870 per
549 3807 586 3851 se
608 3789 701 3851 serre
727 3789 877 3868 videtur,
904 3788 997 3869 quod
1023 3789 1167 3851 auribus
1194 3775 1446 3869 accipitut

237 4017 246 4050 ¹
276 4015 464 4069 Autographae
476 4014 571 4068 duplici
591 4014 616 4056 in
628 4012 698 4064 folio,
710 4013 792 4067 primo
803 4024 827 4055 u.
844 4012 892 4066 521,
904 4013 988 4055 altero
1004 4022 1053 4054 non
1063 4008 1270 4054 numerato-In
1282 4012 1314 4055 iis
1325 3987 1449 4054 tuf,tl

195 4087 361 4142 subscriptio,
372 4087 502 4139 indignus
513 4089 538 4128 et
550 4085 658 4127 inutilis
663 4085 743 4140 filius
753 4085 781 4127 in
797 4083 901 4127 Christo
917 4084 933 4136 †
950 4083 1105 4134 Marcellus,
1114 4092 1153 4126 est
1165 4094 1244 4126 mauu
1261 4084 1349 4137 ipsius
1374 4051 1449 4109 Ῥῶ

196 4162 262 4212 celli;
273 4166 380 4203 caetera
390 4158 459 4202 illius
474 4165 541 4207 sunt.
558 4160 729 4212 quamprimo
743 4158 798 4200 loco
813 4157 996 4210 descripsimus
1012 4166 1101 4209 supra,
1117 4166 1177 4209 pag.
1199 4155 1248 4207 376,
1273 4153 1395 4199 annot*

196 4231 270 4275 Hunc
281 4237 375 4274 autem
385 4230 536 4273 Marcellum
554 4229 662 4273 fratrem
677 4240 733 4272 esse
752 4227 902 4271 Marcellum
918 4228 949 4271 de
967 4226 1075 4271 salazar
1085 4228 1250 4281 suspicamur
1261 4222 1411 4282 quiden}
1426 4203 1449 4295 'f

196 4303 327 4347 affirmare
338 4308 411 4345 certo
421 4313 471 4345 non
482 4302 613 4345 audemus.
625 4299 733 4344 Salnzur
743 4301 812 4344 enim
821 4311 871 4344 non
882 4299 983 4354 Hispali
993 4299 1038 4342 sed
1050 4297 1185 4342 Cordubae
1196 4309 1264 4342 anno
1275 4284 1428 4352 praece

196 4377 215 4420 ti
228 4376 393 4428 versabatur;
404 4374 524 4428 quamvis
534 4384 549 4416 a
561 4374 667 4416 docendi
678 4384 782 4416 munere
798 4372 841 4425 ibi,
853 4372 1004 4416 valetudiue
1015 4381 1065 4414 nou
1076 4371 1144 4414 bona
1154 4370 1302 4424 impeditus,
1313 4368 1381 4413 ce⁵
1393 4348 1449 4388 θ’

197 4447 240 4500 (ci.
251 4456 340 4499 supra,
351 4456 413 4499 pag,
430 4445 474 4499 58).
485 4452 511 4488 et
522 4445 588 4488 sorte
600 4443 720 4488 Corduba
731 4443 859 4497 Hispalim
874 4445 967 4487 missus
978 4450 1027 4486 est.

236 4518 351 4561 Tandem
361 4517 474 4561 fatemur
485 4517 532 4560 bas
543 4517 647 4560 litteras
657 4527 720 4558 uere
731 4527 780 4558 non
792 4527 848 4559 esse
864 4514 913 4559 nisi
924 4515 1032 4559 latinum
1047 4514 1261 4570 praecedentium
1272 4506 1409 4557 versio
1419 4492 1449 4526 ¹²*

195 4589 244 4631 etsi
256 4589 322 4632 satis
332 4590 449 4633 liberam:
462 4600 506 4632 eas
524 4595 610 4632 tamen
622 4588 663 4631 hic
672 4587 794 4631 distincto
805 4598 911 4631 numero
919 4593 944 4629 et
955 4588 1011 4630 loco
1021 4586 1198 4630 transcribere
1209 4597 1259 4629 non
1270 4562 1449 4629 numan

197 4662 258 4714 quia
270 4661 295 4705 ln
304 4661 404 4715 paucis,
415 4662 476 4705 licet
486 4661 608 4713 minimis,
618 4660 747 4713 differunt,
759 4666 784 4703 et
795 4660 828 4702 ab
840 4659 891 4702 alio
901 4659 1064 4713 subscriptae
1075 4667 1146 4703 sunt.
