3210 5392
720 453 778 506 Aa.
803 450 872 506 1553
1351 452 1408 510 767

176 612 247 657 non
262 612 340 657 esse
356 594 506 658 dicitisl:
524 594 671 674 posthac
693 596 836 674 (inquit)
858 596 940 669 erit,
962 595 1046 670 hoc,
1064 597 1100 658 in
1121 613 1190 675 quo
1210 613 1299 675 sum,
1317 599 1403 677 opti·

177 719 273 765 mum
289 711 343 765 est
362 701 568 782 hospitium,
590 721 655 764 nec
678 720 733 764 me
753 703 897 764 meliore
917 703 1081 781 excipere
1103 704 1295 782 poteriti5,.
1313 703 1406 767 Cum

175 808 270 871 idem
295 809 331 871 in
359 809 428 871 alio
453 810 606 889 quodam
632 810 749 872 lacere
777 809 899 887 vellet,
924 809 1163 888 significatum
1189 821 1243 873 est
1267 812 1403 875 nullum

173 915 222 979 ibi
248 933 328 979 esse
352 916 534 993 lectulum,
563 917 619 979 cui
646 916 752 980 Pater
777 918 957 997 respondit
981 934 1020 980 se
1045 919 1173 980 lectulo
1198 934 1270 980 non
1296 933 1401 997 egere

173 1022 342 1103 humique
370 1040 450 1086 esse
476 1023 722 1087 dormiturum.
752 1023 841 1087 Cum
870 1024 976 1103 igitur
1006 1023 1111 1087 Pater
1139 1024 1336 1106 Episcopus
1364 1026 1400 1088 in

172 1129 300 1193 eadem
327 1131 500 1192 sententia
526 1141 730 1194 constanter
755 1140 1018 1210 perseueraret,
1047 1133 1154 1193 allata
1180 1131 1323 1196 tandem
1348 1142 1402 1195 est

171 1237 324 1301 culcitra
340 1246 374 1300 et
389 1239 586 1316 stragulum
602 1237 792 1301 admodum
814 1255 973 1301 crassum
993 1247 1027 1300 et
1052 1238 1139 1318 uile;
1165 1239 1319 1302 ceruical
1342 1239 1401 1302 de·

172 1353 268 1423 erat;
285 1353 360 1406 turn
375 1345 405 1407 is
419 1355 454 1407 et
468 1344 579 1408 frater
594 1345 707 1408 cubile
722 1363 767 1408 ex
782 1345 838 1408 his
857 1354 1059 1408 strauerunt
1078 1357 1113 1408 et
1132 1344 1177 1407 ad
1203 1354 1309 1425 caput
1335 1363 1400 1425 pro

173 1452 343 1516 ceruicali
364 1452 591 1530 sarcinulam,
614 1453 742 1532 inqua
765 1452 844 1515 libri
864 1451 1079 1528 serebantur,
1108 1453 1339 1528 collocarunt,
1366 1463 1401 1516 et

172 1559 281 1640 pallia
296 1559 441 1637 insuper
454 1568 659 1639 posuerunt.
676 1558 764 1622 Cum
784 1560 820 1622 in
840 1559 935 1622 aliud
958 1559 1125 1639 oppidum
1139 1568 1233 1622 esset
1253 1577 1398 1639 peruen-

172 1675 257 1744 tum,
274 1666 342 1727 etsi
357 1665 403 1728 ibi
418 1665 609 1745 hospitium
623 1666 694 1728 iam
709 1673 872 1746 paratum
887 1676 963 1728 erat
976 1666 1019 1729 ab
1032 1682 1074 1728 eo
1085 1666 1281 1743 sacerdote,
1295 1683 1400 1745 quem

172 1790 193 1834 a
206 1771 373 1852 Principe
387 1771 567 1835 Cardinali
582 1773 728 1836 missum
745 1789 853 1851 supra
866 1772 1030 1851 diximus,
1047 1782 1166 1835 tamen
1178 1772 1282 1835 simul
1293 1781 1399 1853 atque

172 1878 218 1942 ad
235 1879 403 1959 oppidum
420 1880 582 1958 accessit,
599 1879 743 1943 ubinam
756 1887 849 1942 esset
863 1878 1123 1942 xenodochium
1138 1880 1290 1959 rogauit,
1305 1897 1399 1942 cum·

166 2001 237 2065 que
252 1997 345 2048 esset
361 1986 653 2064 demonstratum,
667 2004 709 2049 eo
721 1986 909 2064 contendit,
924 1994 1028 2067 atque
1039 1986 1293 2065 mulierculam,
1306 2003 1397 2065 quae

171 2092 384 2156 xenodochii
400 2110 522 2155 curam
536 2093 699 2171 habebat,
717 2110 822 2156 orare
841 2094 953 2172 coepit
970 2103 1006 2155 vt
1028 2093 1095 2155 sibi
1116 2092 1320 2156 facultatem
1338 2093 1397 2156 tri-

170 2199 295 2262 bueret
309 2199 358 2261 ibi
373 2198 630 2276 commorandi3
652 2200 710 2262 illa
729 2216 816 2262 vero
837 2216 874 2261 se
894 2199 930 2262 id
949 2200 1092 2263 minime
1114 2217 1299 2279 passuram
1320 2216 1397 2263 esse

170 2306 365 2385 respondit,
383 2321 448 2368 nec
464 2323 544 2368 eum
559 2322 793 2385 cognoscens
810 2306 906 2369 illum
922 2307 957 2369 in
972 2307 1205 2369 diuersorium
1222 2307 1394 2370 mittebat:

170 2421 207 2475 at
219 2411 327 2474 Pater
342 2411 539 2491 Episcopus
554 2420 677 2475 contra
693 2413 921 2475 vehementer
936 2411 1182 2489 contendebat,
1200 2412 1305 2493 idque
1326 2430 1398 2493 quo

169 2517 309 2582 facilius
325 2519 509 2594 obtineret,
527 2537 565 2581 se
584 2518 620 2581 in
642 2519 752 2581 storia
776 2519 976 2582 cubiturum
995 2518 1191 2597 dictitabat,
1215 2539 1280 2582 nee
1301 2521 1399 2600 quic·

168 2641 276 2705 quam
302 2625 397 2687 aliud
423 2624 719 2688 desideraturum:
747 2625 770 2687 ii
797 2638 914 2688 autem
941 2625 999 2705 qui
1019 2627 1054 2688 in
1074 2626 1226 2704 hospitio
1252 2626 1396 2690 Patrem

169 2731 386 2813 Episcopum
401 2733 621 2812 spectabant,
639 2744 773 2795 tantam
794 2733 870 2794 eius
890 2749 1026 2794 moram
1053 2732 1228 2807 admirati,
1251 2734 1294 2795 ad
1316 2751 1396 2797 eum

168 2837 449 2919 conquirendum
465 2840 516 2901 ire
528 2847 738 2908 statuerunt.
752 2839 870 2919 itaque
881 2839 977 2901 illurn
989 2839 1034 2901 ad
1046 2839 1256 2903 xenodochii
1269 2840 1395 2902 ostium

168 2944 382 3008 inuenerunt
399 2947 515 3025 capite
530 2956 653 3026 aperto
671 2962 791 3008 coram
806 2946 925 3008 vetula
941 2945 1087 3008 summis
1098 2946 1264 3025 precibus
1275 2947 1396 3026 depre-

167 3060 309 3116 cantem
325 3064 364 3114 vt
378 3052 446 3115 sibi
460 3053 494 3115 in
510 3053 731 3115 xenodochio
752 3052 851 3114 locus
873 3051 999 3132 aliquis
1019 3052 1173 3128 daretur,
1197 3071 1269 3115 vna
1288 3069 1393 3116 manu

165 3158 298 3239 pileum
313 3167 347 3221 et
366 3160 538 3238 galerum,
563 3161 674 3222 altera
693 3176 779 3222 vero
798 3159 955 3234 iumenti,
978 3176 1047 3239 quo
1068 3159 1275 3239 vehebatur,
1301 3161 1395 3240 capi-

166 3273 282 3328 strum
301 3274 489 3329 tenentem.
510 3265 669 3329 Tandem
688 3283 825 3329 summa
844 3266 920 3329 eius
940 3266 1163 3329 contentione
1186 3283 1393 3331 concessum

166 3372 329 3452 estquod
345 3373 500 3452 petebat,
519 3383 553 3435 et
569 3383 641 3436 tam
657 3373 704 3436 ibi
720 3390 826 3453 quam
847 3373 942 3452 alibi,
964 3373 1174 3453 ubicumque
1194 3371 1398 3438 diuersatus

165 3478 296 3556 luerat,
318 3478 559 3542 incredibilem
580 3496 702 3541 omnes
722 3478 765 3542 de
787 3479 863 3542 eius
884 3479 1056 3558 singulari
1076 3479 1205 3542 uirtute
1225 3496 1393 3561 concepe-

166 3595 250 3649 runt
266 3585 478 3665 opinionem.
496 3585 572 3648 Deo
588 3595 659 3666 opt.
676 3603 770 3649 max.
787 3602 925 3649 summa
941 3586 1019 3648 laus
1033 3598 1068 3649 et
1082 3586 1195 3666 gloria
1211 3586 1267 3650 sit.

224 3690 265 3755 In
281 3692 351 3754 alio
367 3692 495 3772 oppido
512 3709 592 3754 cum
607 3692 775 3754 sacerdos
790 3692 858 3770 ille,
877 3709 897 3753 a
921 3690 1086 3772 Principe
1110 3691 1291 3755 Cardinali
1312 3693 1392 3756 mis·

164 3812 239 3878 sus,
255 3815 337 3861 cum
353 3798 430 3861 aliis
444 3797 688 3861 sacerdotibus
702 3798 844 3861 Patrem
863 3808 1066 3879 expectaret
1085 3809 1124 3861 vt
1145 3815 1225 3861 eum
1248 3800 1393 3863 comita·

162 3913 299 3982 rentur,
317 3922 337 3967 a
352 3902 458 3968 Patre
471 3904 649 3985 Episcopo
664 3906 708 3968 ob
723 3905 759 3967 id
770 3905 1005 3984 reprehensus
1017 3914 1080 3967 est.
1095 3904 1213 3984 Quare
1225 3905 1393 3987 deinceps

162 4010 334 4076 idsacere
348 4028 420 4074 non
439 4020 493 4074 est
511 4028 630 4074 ausus
651 4011 690 4074 In
709 4010 834 4074 eodem
856 4009 996 4091 oppido,
1019 4011 1194 4090 mulionis,
1218 4013 1319 4075 cuius
1341 4014 1392 4076 iu-

162 4119 293 4183 mentis
312 4118 544 4197 vehebantur,
565 4127 600 4181 et
622 4118 804 4182 cuiusdam
820 4117 913 4180 illius
927 4115 1123 4180 sacerdotis
1137 4118 1238 4198 pueri
1253 4119 1388 4183 confes·

162 4225 282 4290 dones
300 4223 446 4304 audiuit,
467 4235 574 4305 atque
595 4223 711 4288 effecit
732 4234 772 4288 vt
792 4233 941 4305 vterque
962 4234 1233 4288 sacrosanctum
1256 4224 1391 4290 Christi

162 4346 294 4413 corpus
313 4332 503 4412 acciperet.
529 4331 645 4411 Quum
664 4331 758 4412 apud
782 4331 971 4412 quemdam
989 4330 1190 4395 diuersatus
1214 4342 1319 4412 esset,
1340 4334 1392 4397 ibi

162 4439 341 4503 aemulam
361 4437 495 4501 inuenit
517 4438 785 4519 quatuordecim
806 4439 863 4501 vel
888 4437 1088 4519 quindecim
1113 4455 1228 4502 annos
1253 4448 1386 4519 natam,

162 4562 252 4627 quae
266 4561 446 4625 nunquam
460 4561 573 4624 vsque
588 4544 683 4608 adid
704 4554 842 4625 tempus
864 4545 908 4610 de
931 4546 1089 4627 peccatis
1109 4544 1273 4610 confessa
1296 4558 1388 4627 erat;

162 4651 270 4716 huius
283 4649 390 4715 Pater
404 4651 603 4731 Episcopus
624 4650 882 4716 confessionem
904 4653 1050 4732 audiuit,
1073 4652 1236 4734 quamuis
1256 4668 1392 4735 magno
