3210 5392
604 1098 905 1189 CCCXXXVI

225 1453 425 1517 Ferdinandns
439 1454 576 1526 Gomez,

249 1554 292 1614 Er
301 1555 539 1616 commissione
553 1552 662 1612 Patris
674 1549 923 1609 bartholomaei
938 1545 1141 1614 Pernandez,

278 1656 360 1714 lintri
371 1654 502 1728 ignatio
515 1652 558 1711 de
568 1650 706 1722 Loyola.

300 1754 510 1818 Salmantica,
526 1751 561 1809 lb
575 1748 770 1809 Decembris
784 1745 856 1805 lant
867 1745 888 1800 ¹.

724 1946 799 2127 aa

436 2273 639 2340 Admodum
654 2275 731 2339 R.‘¹0
753 2275 858 2340 Pater
874 2277 909 2341 in
924 2274 1078 2339 Christo.

225 2371 332 2441 Gratia
343 2390 379 2443 et
393 2397 466 2459 pax
476 2379 610 2445 Christi
623 2393 691 2446 etc.

223 2477 319 2549 Tanta
333 2497 388 2550 est
399 2486 509 2551 animi
523 2489 635 2552 nostri
657 2489 803 2566 laetitia,
830 2506 912 2569 qua,
927 2488 1061 2551 nuntiis
1081 2488 1162 2565 tuis,
1186 2486 1376 2550 admodum

182 2576 261 2665 lla,
282 2605 484 2659 nostrorum
509 2592 654 2659 Parrum
681 2594 901 2677 fratrumque
927 2595 1228 2671 charissimorum,
1256 2593 1315 2673 qui
1331 2593 1375 2654 ab

179 2686 417 2806 bisregionibus
432 2701 502 2767 l1uc
517 2703 620 2767 nobis
635 2701 842 2781 afferuntur,
869 2702 1072 2781 frequenter
1094 2700 1267 2764 afficimur
1282 2700 1305 2762 ²:
1323 2708 1374 2773 ut,

181 2794 237 2914 beet
249 2806 345 2871 nobis
357 2808 572 2888 imperatum
586 2827 658 2875 non
672 2818 766 2873 esset
780 2809 849 2872 nisi
863 2809 1046 2890 quaternis
1065 2808 1260 2888 quibusque
1282 2823 1376 2869 men·

178 2903 250 2972 srbus
261 2914 380 2979 literas
393 2915 441 2980 ad
454 2926 489 2979 te
504 2917 654 2994 mittere,
672 2917 762 2979 alias
777 2916 883 2980 etiam
899 2927 1005 2995 atque
1021 2915 1109 2979 alias
1123 2914 1245 2978 libenti
1259 2913 1377 2975 animo

179 3015 392 3086 scriberemus.
408 3021 481 3086 Nec
496 3023 637 3101 iniuria,
654 3024 828 3104 siquidem
854 3023 1016 3086 eamdem
1037 3039 1114 3101 voa,
1132 3039 1212 3085 cum
1236 3030 1379 3084 nostras

179 3113 275 3205 lilitis,
291 3129 336 3193 ob
350 3146 526 3194 summam
546 3144 703 3194 vestram
727 3131 763 3194 in
788 3129 931 3194 Christo
956 3146 1043 3208 erga
1071 3147 1136 3192 nos
1152 3128 1376 3203 charitatem,

178 3236 275 3305 cluere
289 3236 462 3301 laetitiam
478 3237 704 3302 arbitramur.
732 3236 807 3300 lam
822 3237 866 3302 de
888 3237 1062 3313 omnibus,
1093 3253 1183 3316 quae
1205 3235 1262 3299 hic
1286 3232 1380 3312 zrpud

180 3344 228 3395 ¹¹⁰⁵
238 3352 400 3421 aguntur,
418 3344 605 3408 certiorem
619 3355 654 3407 te
670 3343 686 3406 f
688 3344 858 3407 aciamus.

198 3543 203 3555 ι
222 3439 254 3509 ln
265 3449 330 3512 boc
346 3451 509 3529 collegio,
526 3468 684 3515 summas
699 3449 776 3515 Deo
790 3451 923 3531 optimo
938 3449 1093 3513 maximo
1110 3449 1259 3528 gratias,
1278 3447 1383 3511 modo

177 3549 273 3625 vlilliti
284 3556 354 3622 duo
366 3557 434 3621 viri
449 3568 588 3623 tautum
602 3568 685 3622 sunt
699 3555 723 3620 ⁸:
740 3567 859 3638 patres
882 3574 957 3632 sex,
974 3557 1099 3636 reliqui
1126 3573 1212 3618 vero
1234 3555 1376 3632 fratres,

179 3665 213 3714 ⁰¹
231 3674 368 3738 quorum
392 3682 540 3729 numero
564 3664 601 3728 P.
630 3663 759 3730 Paulus
785 3663 808 3744 ⁴,
837 3666 936 3728 iussu
961 3663 1079 3728 Patris
1102 3664 1215 3727 nostri
1239 3662 1384 3724 Franci-

187 3779 368 3806 Nn—

210 3856 216 3887 ¹
238 3864 426 3925 autographum
444 3871 519 3914 unleo
530 3869 591 3914 sollo
602 3879 734 3921 constans,
748 3881 772 3914 n.
786 3870 835 3913 314.

179 3996 199 4029 c·
211 3926 220 3961 ⁸
239 3933 318 3985 Sarno
329 3947 371 3986 eat
379 3941 412 3987 de
422 3942 518 3985 lltterlr
528 3941 561 3985 de
572 3951 677 3985 naevus
687 3953 731 3986 seu
750 3941 889 3987 blatorlela.
899 3951 965 3994 quae
981 3940 1088 3984 subinde
1099 3938 1182 3983 Roma
1192 3938 1217 3983 ln
1235 3949 1322 3983 omues
1340 3936 1384 3980 So-

194 4005 356 4057 miliduno·
364 4013 434 4058 nitri
444 4020 643 4058 consueverunt.
654 4013 721 4058 Vide
733 4013 846 4056 Potancr
858 4013 1013 4062 chronicon,
1024 4019 1042 4054 t.
1054 4023 1071 4065 1,
1083 4023 1142 4066 par·
1153 4009 1202 4062 28⁹,
1213 4016 1301 4054 annot.
1312 4011 1331 4054 l.

212 4070 221 4100 ⁸
242 4076 299 4126 Vlde
310 4084 422 4127 Pouattcr
433 4083 589 4136 chronicon,
599 4091 617 4128 t.
629 4095 665 4134 tv,
677 4096 736 4139 pag.
747 4085 793 4127 374
804 4092 830 4127 et
841 4085 890 4127 376.

210 4142 219 4173 ⁴
238 4147 275 4196 ldo
284 4156 308 4199 el
319 4156 347 4199 Ρ.
359 4154 407 4199 w
418 4155 502 4199 Nadal
511 4159 573 4199 saco
583 4157 608 4199 el
618 4167 702 4200 naevo
714 4155 857 4201 Comlsarlo
867 4156 903 4209 (S.
916 4154 1073 4201 Franci-cu·
1084 4155 1115 4199 dr
1127 4153 1216 4209 Borlai
1226 4154 1257 4198 de
1272 4162 1328 4198 este
1341 4153 1386 4195 Co·

191 4213 273 4297 {litter
283 4225 396 4281 collegio
408 4226 618 4281 Salmantlcenall
637 4229 678 4273 lu
688 4228 792 4283 pledm
803 4227 932 4282 primam
942 4238 990 4281 que
1002 4234 1065 4271 ruvo
1077 4237 1124 4281 por
1135 4226 1269 4270 elmlentoa
1283 4227 1309 4268 la
1328 4225 1387 4268 Pro·

181 4289 445 4343 '¹¹1t1tdelandalucta
461 4311 478 4354 y
493 4300 564 4342 relno
575 4298 606 4342 de
622 4298 755 4342 Granadn.
776 4299 895 4342 Estaban
910 4304 1032 4343 entoncea
1048 4309 1079 4342 en
1097 4297 1217 4342 cordoba
1233 4298 1272 4341 los
1288 4296 1388 4340 Padres

183 4346 293 4438 Frfleiaco
302 4371 333 4417 de
343 4369 529 4425 villanumy
542 4371 654 4416 Antonio
664 4371 696 4415 de
709 4371 829 4416 Corduba
840 4371 964 4415 trataudo
975 4370 1006 4416 de
1017 4370 1065 4414 dar
1077 4371 1122 4415 alll
1133 4368 1260 4423 princlplo
1272 4371 1287 4413 a
1299 4380 1331 4411 un
1344 4379 1386 4411 co-

192 4433 234 4479 ²1¹⁰
242 4447 344 4496 baratro,
353 4454 417 4498 pero
427 4443 453 4486 nl
463 4442 543 4486 habia
554 4448 631 4496 gente
643 4444 668 4486 nl
679 4442 835 4497 disposlclon
846 4443 876 4485 de
887 4441 1051 4492 comunidad,
1062 4453 1079 4496 y
1090 4444 1129 4484 nri
1141 4443 1178 4484 los
1188 4441 1315 4495 primores
1327 4440 1385 4483 iun·

182 4494 266 4608 ssllorea
274 4515 303 4557 de
312 4515 418 4569 aqaella
426 4515 562 4569 provincia
573 4515 688 4559 ralleron
698 4515 729 4559 da
739 4520 797 4559 eata
807 4525 869 4559 cara
881 4516 905 4559 el
916 4517 965 4560 abu
976 4514 1007 4559 da
1022 4514 1081 4562 lobi,
1091 4515 1116 4558 el
1126 4513 1154 4557 P.
1165 4512 1233 4565 Juaa
1244 4512 1350 4563 Suarez,
1361 4510 1387 4554 el

201 4572 304 4630 ·(³⁰uzalo
315 4586 452 4640 Gonzalez,
464 4587 488 4630 el
499 4586 526 4629 P.
539 4587 636 4631 Basilio
646 4586 684 4638 (P.
695 4587 845 4640 alphonsus
855 4587 886 4631 de
898 4586 978 4631 Avila
988 4587 1039 4640 qul,
1051 4585 1150 4631 nomine
1162 4590 1328 4634 commutato,
1341 4594 1385 4638 ap·

186 4645 304 4702 Nlhbattu
313 4657 462 4715 Barlllwy
472 4660 496 4702 el
506 4658 534 4703 P.
544 4658 626 4704 Pablo
637 4657 800 4711 Hernandoz,
812 4670 829 4714 y
839 4659 879 4703 loa
889 4658 1031 4705 hermanus
1039 4655 1106 4709 Jaau
1117 4654 1256 4703 Gutierrez
1270 4667 1288 4710 y
1305 4655 1386 4707 Dlego
