3210 5392
186 441 239 498 190
578 439 1029 507 l.1rrsnaaouaonrsmsra1·:s

184 587 283 664 piens
299 585 399 648 nobis
413 584 591 659 confiteri,
608 601 698 664 quae
713 600 783 647 non
800 585 912 647 solum
927 601 1027 647 suam
1039 583 1199 663 domum,
1217 584 1279 646 sed
1296 585 1415 648 omnia

184 710 275 772 quae
290 691 396 754 habet
411 692 487 753 vult
501 689 672 754 Societati
687 690 898 770 relinquere.

246 798 421 861 Maximus
437 806 491 860 est
505 814 672 860 numerus
687 814 821 877 eorum,
838 798 897 878 qui
912 796 1078 861 Societati
1091 797 1279 878 prouidere
1291 800 1414 862 volunt

186 906 221 967 in
236 904 463 981 necessariis,
479 904 572 966 inter
590 921 679 983 quos
694 913 746 966 est
761 913 875 966 mater
890 904 1052 983 Magistri
1066 903 1211 968 Henrici
1231 904 1397 985 Dionysii

187 1028 289 1091 quae,
306 1021 435 1091 putans
451 1029 516 1073 nos
531 1027 730 1089 mansuros,
745 1011 850 1090 coqui
864 1009 947 1073 secit
959 1011 1127 1091 optimam
1139 1011 1351 1097 cereuisiam
1368 1021 1413 1089 ct,

185 1128 224 1181 vt
240 1119 283 1181 ab
300 1119 379 1182 aliis
394 1118 570 1188 intellexi,
592 1118 684 1180 clam
698 1117 848 1180 sollicite
868 1118 1090 1197 interrogare
1111 1119 1226 1199 coepit
1246 1119 1415 1199 quidnam

184 1226 388 1288 necessario
404 1225 438 1286 in
455 1224 560 1287 domo
577 1223 799 1286 haberemus:
816 1224 867 1286 sic
883 1233 917 1286 et
932 1224 992 1287 alii
1009 1223 1017 1256 ⁸
1033 1225 1130 1287 ciues
1145 1223 1291 1288 iaciunt.
1309 1224 1415 1288 Modo

185 1351 244 1406 ea,
261 1350 352 1411 quae
367 1332 412 1394 ad
428 1330 579 1393 officium
595 1330 725 1393 Missae
740 1331 933 1411 pertinent,
949 1340 1093 1410 parant,
1110 1341 1144 1394 et
1160 1333 1229 1395 alia
1253 1350 1414 1396 necessa·

185 1441 249 1503 ria.
267 1439 368 1502 Aliae
384 1448 567 1501 matronae
590 1438 751 1517 precibus
770 1438 987 1517 institerunt,
1003 1449 1043 1501 vt
1062 1456 1120 1515 ea,
1142 1456 1233 1518 quae
1253 1438 1299 1500 ad
1315 1457 1414 1502 esum

185 1546 372 1626 pertinent,
388 1547 425 1608 in
440 1562 562 1608 earum
578 1544 741 1606 domibus
756 1545 877 1624 parari
892 1554 1047 1624 possent,
1063 1553 1102 1607 vt
1114 1546 1160 1607 ab
1175 1562 1217 1608 ea
1233 1563 1321 1609 cura
1333 1547 1416 1609 libe·

185 1654 227 1731 ri,
244 1653 349 1715 rebus
364 1651 479 1730 magis
500 1651 711 1714 necessariis
730 1667 861 1713 vacare
881 1651 1025 1714 liberius
1039 1651 1141 1715 nobis
1155 1652 1260 1714 liceat
1275 1651 1322 1715 ad
1336 1669 1417 1733 pro·

185 1761 362 1823 ximorum
387 1759 548 1821 salutem.
573 1758 637 1821 Est
652 1758 720 1820 alia
737 1766 912 1836 matrona,
929 1775 1019 1838 quae
1042 1756 1098 1820 100
1117 1775 1245 1821 aureos
1267 1770 1418 1839 paratos

183 1868 288 1930 habet
313 1883 377 1946 pro
402 1862 598 1942 Societate,
622 1865 881 1944 quamprimum
904 1866 1053 1927 venerit.
1076 1864 1204 1927 Noster
1225 1865 1358 1946 hospes
1381 1867 1414 1928 in

184 1982 431 2038 testamentum
454 1971 538 2034 iecit
558 1970 728 2035 Societati
753 1970 764 2002 '
789 1989 897 2034 unam
922 1989 1064 2035 crucem
1086 1990 1130 2035 cx
1155 1988 1262 2051 auro,
1285 1973 1321 2035 in
1344 1991 1417 2054 qua

182 2098 314 2160 magna
335 2097 419 2161 pars
439 2079 555 2141 crucis
574 2079 772 2141 dominicae
792 2080 1001 2142 continetur.
1019 2077 1127 2142 Soror
1143 2079 1308 2160 Magistri
1321 2079 1417 2144 Tho·

184 2206 273 2265 mae,
287 2186 476 2250 confratris
489 2187 611 2261 nostri,
625 2187 732 2248 etiam
744 2186 897 2264 speciale
909 2187 1114 2265 obsequium
1127 2184 1298 2249 Societati
1312 2205 1417 2267 prae-

184 2304 280 2357 stare
295 2293 455 2356 intendit.
472 2292 508 2356 Si
523 2293 741 2371 singulorum
757 2293 865 2355 corda
886 2294 920 2354 in
942 2293 1145 2372 particulari
1163 2293 1199 2356 P.
1222 2293 1268 2357 V.
1285 2312 1417 2375 propo·

184 2419 269 2464 nere
292 2402 435 2477 vellem,
460 2409 498 2461 vt
519 2400 603 2461 mihi
624 2409 707 2461 nota
728 2410 824 2477 sunt,
852 2401 1011 2462 calamus
1036 2408 1069 2462 et
1088 2401 1185 2463 vires
1207 2399 1415 2465 deficerent.

183 2508 272 2571 Mira
289 2516 323 2569 et
338 2506 595 2586 inexplicabilis
611 2517 663 2567 est
680 2506 823 2568 deuotio
839 2505 1176 2585 Nouiomagensium
1192 2524 1279 2586 erga
1295 2505 1417 2571 Socie-

185 2624 293 2676 tatem
305 2614 401 2696 Jesu.
414 2612 560 2674 Multam
573 2613 873 2691 pecuniametiam
886 2612 1090 2675 offerebant:
1104 2631 1175 2675 vna
1187 2630 1331 2677 manum
1344 2617 1417 2694 ple·

184 2738 266 2784 nam
283 2720 424 2797 daleris,
442 2720 534 2781 aliae
550 2736 678 2781 aureos
693 2736 867 2792 nummos,
884 2719 1004 2781 neseio
1017 2720 1166 2799 quoties;
1179 2721 1241 2783 sed
1256 2721 1345 2784 nihil
1362 2741 1417 2784 rc-

184 2829 303 2907 cipcre
322 2827 435 2889 volui:
453 2826 544 2887 unde
566 2842 689 2886 carum
705 2825 861 2887 charitas
883 2824 927 2887 ad
947 2824 1158 2888 Societatem
1179 2828 1296 2906 magis
1317 2830 1415 2891 exci-

182 2944 255 2996 tata
273 2933 347 2995 suit.

241 3042 330 3103 Cum
345 3042 415 3102 iam
434 3041 549 3102 locum
565 3039 744 3114 vidissem,
763 3055 865 3118 quem
882 3038 985 3100 valde
1002 3051 1123 3118 aptum
1145 3053 1231 3120 puto
1251 3059 1316 3121 pro
1333 3043 1413 3107 Col·

182 3148 274 3226 legio
290 3146 489 3221 Societatis‚
505 3155 663 3208 reuertor
676 3146 721 3208 ad
733 3146 875 3208 domum
888 3147 1051 3208 canonici
1064 3137 1110 3209 M.
1128 3148 1286 3212 Thomae
1299 3150 1411 3227 Buiis,

181 3254 241 3316 vbi
264 3265 382 3316 tantus
407 3252 418 3282 ³
445 3253 626 3315 hominum
649 3270 817 3315 numerus
840 3253 952 3330 venit,
979 3255 1183 3317 consulendi
1205 3254 1413 3320 confitendi-

181 3378 249 3439 que
261 3361 389 3438 gratia,
403 3369 441 3421 vt
455 3359 475 3419 6
488 3359 610 3421 diebus
623 3359 799 3421 continuis
813 3376 883 3421 non
900 3360 1072 3438 potuerim
1088 3361 1173 3440 ipsis
1188 3362 1411 3435 satisfacere,

183 3470 265 3531 licet
281 3485 384 3529 mane
400 3467 488 3529 hora
508 3466 556 3526 ὁ.ει
576 3467 768 3545 inciperem
789 3476 823 3527 ct
843 3483 954 3545 vsque
976 3465 1020 3528 ad
1041 3485 1226 3547 vesperam
1247 3469 1298 3531 6ss
1321 3469 1412 3534 hora

182 3575 448 3639 continuarem:
471 3584 570 3635 tanta
592 3583 667 3635 erat
689 3574 829 3635 deuotio
851 3574 986 3652 populi,
1007 3584 1045 3636 vt
1065 3577 1127 3637 vix
1146 3576 1335 3654 prandium
1358 3597 1414 3643 su·

182 3700 278 3746 mere
292 3682 425 3743 liceret.
443 3679 624 3758 Quaedam
641 3696 814 3757 personae
830 3681 964 3742 nobiles
979 3698 1000 3742 a
1016 3680 1151 3744 duobus
1164 3683 1337 3748 milliariis
1353 3704 1412 3749 ve-

181 3790 336 3854 niebant.
354 3787 533 3866 Quotquot
550 3796 722 3848 venerunt
737 3789 853 3849 nullus
867 3788 943 3849 sine
959 3805 1090 3866 magna
1112 3792 1356 3856 consolatione
1376 3795 1412 3857 in

181 3897 336 3961 Domino
353 3894 488 3971 abibat,
506 3892 662 3955 dicentes
682 3893 775 3972 quod
791 3911 861 3955 non
882 3894 1078 3957 voluissent
1101 3912 1163 3974 pro
1185 3906 1260 3960 toto
1281 3897 1411 3964 Nouio·

181 4020 299 4082 mago,
317 4003 401 4082 quin
417 4000 611 4063 adfuissent
626 4000 727 4061 nobis
742 3997 764 4062 ⁴.
779 4000 846 4063 Tot
859 4002 1051 4064 lachrimae
1064 4001 1346 4083 effundebantur,
1361 4018 1412 4071 tot

181 4126 274 4173 noua
289 4108 470 4189 proposita
488 4108 579 4169 hona
595 4107 809 4186 operabatur
824 4106 1000 4169 Dominus
1016 4109 1288 4190 (cuiuscumque
1303 4114 1413 4178 etiam

183 4288 359 4297 ——-.—-—-
365 4290 368 4293 .
386 4288 394 4294 .

223 4389 229 4419 ¹
260 4387 390 4439 qrridnam
402 4386 587 4428 necessarium
599 4385 674 4425 domi
684 4387 763 4426 essct:
774 4384 814 4427 sic
825 4385 883 4427 alii.

222 4461 233 4489 ²
260 4458 358 4501 Noster
367 4457 462 4511 hospes
472 4458 634 4498 testamento
643 4456 742 4507 legavi!
752 4455 886 4500 societati.

222 4530 232 4561 ³
260 4532 424 4581 qreotantus.
1068 4577 1073 4581 .

222 4603 233 4632 ⁴
260 4600 304 4643 Ex
314 4601 357 4643 lrr's
367 4601 414 4653 qui
424 4600 567 4642 veniebant
580 4599 671 4641 niellus
681 4600 741 4641 sine
751 4611 850 4651 niagno
861 4601 1041 4646 consolatione
1052 4603 1080 4645 in
1093 4601 1205 4645 Domino
1217 4605 1309 4648 abibat
1320 4607 1415 4651 dicen·

181 4677 224 4718 tes
234 4667 438 4725 nonnuurouod
450 4671 600 4714 noluissent
608 4676 659 4725 pro
669 4673 722 4713 toto
732 4670 956 4724 h’ovromagonon
966 4673 1090 4724 adfuisse
1100 4673 1183 4718 nobis.
1261 4680 1267 4697 ²
1341 4704 1345 4711 .
