3240 5386
186 406 239 465 570
577 405 747 463 erraaan
761 420 1032 472 ounomunsraas

188 561 354 631 petuntur
369 551 584 631 frequenter,
602 568 682 614 cum
695 551 849 631 alioquin
865 551 954 613 haec
969 551 1096 613 ciuitas
1111 551 1264 630 egregiis
1273 550 1376 613 concio·

189 658 372 720 natoribus
388 667 535 720 scateat.

249 765 306 827 Ad
323 765 493 827 moniales
508 765 614 827 trium
630 765 881 827 coenobiorum
897 764 1036 844 (quibus
1051 764 1148 827 Deus
1167 765 1378 845 Archiepisco·

190 889 256 951 pus
276 870 429 951 praeest)
454 888 560 950 saepe
579 871 746 950 priuatim
769 872 1001 935 concionatur
1023 872 1181 935 eiusdem
1197 871 1267 934 Dal
1289 865 1380 934 Archi·

191 978 347 1057 episcopi
372 978 480 1054 iussu,
508 978 566 1057 qui
588 978 715 1040 mirum
740 979 776 1041 in
798 978 942 1041 modum
964 979 1172 1055 delectatur,
1197 977 1285 1057 quod
1302 966 1385 1039 nostri
1457 1020 1459 1027 .

190 1102 312 1147 earum
328 1084 569 1147 confessiones
584 1094 618 1146 et
633 1085 790 1162 audiant,
808 1095 841 1147 et
858 1086 1012 1147 habeant
1028 1085 1190 1165 priuatas
1213 1084 1385 1147 conciones·

191 1192 355 1271 quoniam
372 1193 613 1271 experimento
630 1202 769 1254 constat
785 1194 933 1255 multum
954 1194 989 1253 in
1004 1209 1046 1254 eo
1068 1191 1234 1253 inseruiri
1249 1190 1329 1254 Deo.
1343 1184 1395 1246 Pl·

193 1310 245 1361 ter
262 1315 348 1360 vero
365 1296 601 1360 Prouincialis
615 1298 775 1377 pauculis
797 1298 931 1375 diebus,
955 1298 1082 1378 quibus
1104 1298 1163 1360 hic
1179 1301 1403 1360 commoratus

192 1416 257 1481 est,
275 1404 410 1466 audiuit
429 1404 616 1482 generales
632 1405 871 1466 confessiones
893 1405 1127 1484 quarumdam
1148 1421 1322 1482 sororum,
1347 1391 1419 1476 qli*

193 1513 259 1573 bus
274 1510 372 1572 Deus
393 1519 579 1589 tantopere
602 1511 637 1572 in
660 1511 711 1573 eis
731 1520 899 1590 operatus
921 1522 984 1585 est,
1008 1521 1047 1574 vt
1073 1511 1214 1574 illarum
1238 1508 1410 1573 Praet'ecta

193 1617 299 1680 luerit
315 1615 525 1696 stupefacta.
542 1615 710 1697 Reliquae
727 1625 856 1694 autem,
873 1635 964 1697 quae
984 1618 1169 1680 confessae
1184 1634 1255 1681 non
1270 1618 1410 1687 fuerant,

193 1723 366 1800 fructum,
385 1741 490 1803 quem
512 1740 653 1785 sorores
669 1741 753 1786 suae
769 1725 963 1804 cepissent,
981 1725 1255 1804 prospicientes,
1273 1734 1405 1787 tantun·

194 1831 275 1893 dem
291 1840 324 1892 et
339 1830 510 1892 exercitia
530 1831 680 1909 amplius
698 1829 816 1894 lacere
838 1841 1016 1911 optarunt.
1032 1830 1217 1895 Paucitate
1234 1848 1321 1895 vero
1342 1843 1403 1906 ope·

193 1938 370 2000 rariorum
387 1937 467 2015 (duo
484 1936 577 1998 enim
593 1935 780 2000 dumtaxat
795 1950 876 2001 sunt
892 1940 927 2001 in
943 1938 1118 2018 Collegio,
1137 1939 1196 2019 qui
1212 1955 1292 2001 cum
1308 1931 1408 2017 proxi

195 2044 261 2105 mis
278 2044 364 2106 foris
379 2042 580 2121 uersantur)
596 2061 719 2106 eorum
734 2046 827 2109 uotis
843 2045 1049 2108 satisfacere
1064 2063 1134 2107 non
1150 2061 1347 2123 possumus.
1437 2105 1444 2115 ,

256 2149 314 2214 Ad
329 2149 570 2214 consolandos
585 2150 742 2213 infirmos
764 2154 970 2231 plerumque
993 2161 1226 2215 accersuntur
1248 2149 1370 2223 Patres,
1385 2120 1459 2203 V

196 2275 282 2320 vero
299 2277 319 2320 a
335 2260 437 2322 nobis
451 2260 709 2324 desiderantur:
727 2262 756 2323 si
780 2263 815 2323 in
838 2260 987 2322 vinculis
1003 2258 1156 2321 occlusis
1176 2244 1451 2337 obtemperat!

197 2365 378 2444 vellemus
397 2383 485 2446 opus
500 2377 593 2430 esset
608 2379 760 2447 quatuor
773 2367 950 2441 Patribus;
964 2374 1045 2428 sunt
1058 2365 1186 2444 quippe
1200 2364 1271 2427 duo
1284 2365 1421 2427 hicmaf
1443 2328 1459 2433 Λ,

194 2472 282 2535 ximi
297 2490 472 2550 carceres,
490 2475 646 2537 ciuitatis
661 2478 761 2552 alter,
779 2477 869 2537 alter
880 2473 1013 2552 Regiae
1026 2471 1165 2549 Curiae,
1179 2471 1226 2534 ad
1238 2489 1329 2552 quos
1340 2468 1449 2534 mul-s

197 2580 223 2640 ti
239 2579 394 2658 quotidie
407 2579 640 2643 adducuntur.
655 2580 764 2644 Aiunt
777 2580 881 2656 enim,
895 2580 999 2642 vnico
1014 2579 1201 2642 dumtaxat
1217 2579 1286 2655 die,
1303 2579 1412 2641 vincu·
1456 2576 1459 2584 ‘

195 2687 310 2748 lorum
329 2685 336 2715 ¹
355 2687 456 2749 alteri
471 2698 612 2750 centum
628 2699 661 2749 et
682 2687 938 2767 quinquaginta
959 2685 1067 2748 fuisse
1088 2685 1257 2762 inclusos;
1275 2701 1416 2765 quapro-

195 2802 273 2871 pter
288 2801 322 2854 et
336 2793 570 2856 verberantur
585 2802 619 2856 et
634 2795 894 2873 suspenduntur
910 2792 1020 2854 multi.

256 2899 323 2961 Hic
338 2910 481 2977 possent
496 2900 565 2961 duo
581 2901 731 2978 collegia
747 2900 916 2974 construi;
934 2899 978 2960 ad
997 2899 1196 2960 docendum
1212 2898 1366 2961 alterum
1381 2900 1420 2959 le·

195 3006 302 3082 gendi
324 3007 571 3085 scribendique
595 3008 779 3083 rationem,
803 3009 952 3068 alterum
975 3005 1019 3066 ad
1041 3005 1279 3067 instituendos
1300 3021 1425 3084 pueros

198 3114 361 3176 humanis
376 3115 497 3177 literis:
517 3115 552 3176 in
569 3132 636 3193 qua
660 3114 820 3193 profecto
837 3131 874 3174 re
898 3115 1044 3175 multum
1059 3112 1328 3174 inseruiendum
1351 3129 1426 3174 esse

196 3220 273 3282 Deo
285 3231 461 3299 putamus,
474 3222 570 3282 nulla
583 3221 712 3299 quippe
725 3238 762 3281 rc
776 3221 864 3281 haec
879 3220 1005 3281 ciuitas
1021 3230 1093 3280 tam
1109 3218 1271 3295 indigere
1291 3219 1430 3280 videtur

197 3344 301 3404 quam
318 3328 395 3403 hac,
418 3338 605 3406 propterca
626 3326 718 3405 quod
742 3327 845 3388 huius
866 3327 961 3387 urbis
978 3326 1121 3387 iuuenes
1142 3325 1212 3386 sint
1237 3324 1429 3387 admodum

198 3433 370 3494 distracti.
388 3432 452 3495 Vir
470 3433 622 3512 quidam,
641 3434 810 3495 sacerdos
823 3443 926 3510 atque
938 3431 1162 3519 uenerabilis,
1177 3431 1363 3494 desiderat
1375 3449 1432 3492 no·

197 3539 250 3600 bis
267 3539 399 3600 donare
415 3539 557 3601 domum
571 3541 724 3619 amplam
741 3539 854 3609 nimis,
872 3550 906 3600 et
923 3555 1111 3617 puerorum
1124 3538 1278 3614 collegio
1292 3539 1432 3600 concin-

199 3663 281 3706 nam
296 3646 395 3707 satis:
414 3656 668 3721 verumtamen,
686 3657 788 3725 prout
810 3656 862 3708 est
878 3645 1049 3723 singulari
1072 3645 1272 3706 humilitate
1296 3645 1433 3724 praedi·

197 3764 264 3826 tus,
282 3752 379 3813 timet
395 3753 525 3815 donum
549 3753 641 3831 apud
662 3770 699 3814 sc
722 3765 836 3828 tcnue,
859 3751 952 3832 apud
975 3749 1089 3813 Deum
1110 3768 1195 3812 uero
1218 3753 1432 3826 maximum,

198 3877 243 3920 ne
260 3859 325 3920 sibi
342 3861 541 3938 repellatur.

259 3963 389 4043 Agitur
404 3977 599 4044 praeterea,
617 3976 650 4027 et
667 3967 759 4027 serio
780 3967 931 4044 quidem,
954 3967 1044 4027 inter
1067 3965 1168 4026 huius
1191 3965 1354 4028 ciuitatis
1375 3984 1434 4045 gu·

202 4074 407 4134 bernatores
423 4091 578 4152 quonam
600 4074 664 4151 ipsi
681 4075 785 4134 modo
806 4073 947 4135 domum
967 4073 1012 4135 ad
1032 4073 1172 4149 linguas
1193 4072 1431 4152 interpretan-

202 4180 266 4241 das
282 4181 550 4242 accommodam
566 4178 734 4241 Societati
747 4180 882 4257 possint
898 4198 1036 4259 parare.
1051 4179 1178 4241 Comes
1193 4177 1204 4207 '
1219 4189 1344 4243 autem
1357 4200 1434 4243 con·

201 4287 298 4348 uenit
314 4303 394 4348 cum
410 4288 477 4349 illis
492 4287 646 4365 egregie.
666 4285 829 4348 Creditur
846 4287 951 4348 etiam
972 4288 1093 4348 oculos
1116 4304 1176 4347 cos
1196 4286 1386 4350 intendere
1402 4289 1433 4349 in

240 4564 248 4595 ¹
279 4564 430 4607 carcerum.

241 4637 251 4667 ²
280 4636 363 4690 Supra
374 4637 458 4680 dictus
469 4637 560 4680 Comes
571 4638 601 4680 de
614 4635 730 4680 Tendilla
