3210 5392
189 441 244 502 482
583 443 1036 510 Lmrnnnnouaoarunsrasss

250 587 452 651 Conuersae
473 587 614 650 interim
637 587 810 651 moniales
829 606 868 651 se
889 589 926 651 in
945 586 1137 653 Societatis
1160 597 1288 651 nostra

189 695 342 757 tualibus
357 695 547 772 exercitiiS,
563 693 706 758 admota
732 694 879 758 Patrum
894 712 1015 775 opera,
1032 709 1219 772 exercent,
1241 713 1289 758 mr

188 818 256 881 que
271 817 501 881 progressum
515 801 659 864 faciunt.
684 801 773 865 Cum
790 801 1003 882 quibusdam
1023 802 1136 864 exeis
1151 813 1289 880 aegroti

188 908 316 971 medici
344 909 477 971 nullam
502 908 716 986 sponderent
747 909 914 985 salutem,
941 907 1010 971 nisi
1046 926 1092 971 ex
1116 908 1289 972 habitatio

188 1013 442 1093 egrederentur
473 1013 695 1077 exhilarandi
728 1014 836 1077 animi
864 1014 982 1093 gratia
1015 1031 1097 1077 cum
1120 1000 1289 1094 'consang

187 1121 285 1201 ipsae
300 1138 370 1184 uno
386 1139 447 1183 ore
463 1121 665 1184 mortalium
675 1121 786 1184 vitam
798 1120 914 1184 Deum
926 1138 1036 1201 penes
1047 1138 1137 1196 esse,
1149 1139 1289 1202 eamqm

188 1229 292 1291 modo
316 1227 492 1307 expediat)
515 1227 748 1306 elargiturum
769 1227 832 1303 eis,
853 1237 1039 1291 aestuante
1057 1228 1186 1307 spiritu
1201 1240 1288 1291 cont

187 1345 279 1398 sunt.
297 1333 414 1414 Atque
431 1334 605 1414 praesidio
620 1334 730 1397 diuini
744 1334 898 1397 numinis
919 1334 1087 1410 munitae,
1115 1351 1182 1414 pro
1196 1335 1289 1398 nihii

186 1442 233 1504 tis
248 1441 366 1504 mundi
382 1441 700 1519 commoditatibus,
728 1441 1051 1504 animaduertentes
1066 1440 1219 1505 arduum
1235 1460 1289 1505 effi

187 1549 319 1628 regulis
336 1549 619 1627 draconibusque
643 1547 847 1627 habitando,
873 1564 950 1610 sese
972 1549 1132 1627 integras
1158 1565 1289 1612 seruat

186 1665 252 1733 sto,
279 1653 496 1717 medicorum
523 1654 708 1717 consilium
729 1655 980 1733 exploserunt,
1007 1655 1254 1735 commorique
1281 1657 1289 1718 i

185 1762 290 1840 gione
306 1762 424 1841 potius
435 1761 526 1824 inter
538 1779 621 1824 suas
633 1762 668 1823 in
680 1760 820 1824 Christo
832 1777 974 1823 sorores
986 1762 1188 1824 maluerunt
1199 1771 1289 1825 statt

185 1885 264 1948 que;
281 1869 317 1932 in
332 1868 557 1947 maximaque
572 1884 691 1930 rerum
706 1867 907 1930 diuinarum
929 1867 1143 1946 cognitione,
1161 1868 1218 1931 sui
1234 1869 1289 1948 ips

185 1976 366 2054 spectione
392 1984 426 2037 et
450 1975 643 2054 spiritualis
667 1974 789 2053 gaudii
814 1973 1026 2054 perfusione,
1048 1974 1164 2037 morbi
1188 1974 1289 2038 afflic

185 2099 298 2162 aequo
314 2081 433 2144 animo
448 2082 640 2161 perferunt.

244 2188 418 2251 Paschate
434 2188 594 2267 proxime
610 2187 754 2267 delapso
769 2205 840 2250 non
853 2188 1023 2266 exiguum
1038 2184 1285 2252 confitentium

184 2312 262 2357 rum
288 2295 333 2358 ad
352 2294 545 2357 Dominum
565 2294 780 2374 Episcopum
799 2293 1059 2374 Dominumque
1081 2293 1289 2374 Inquisitore

182 2411 254 2465 tres
276 2401 389 2464 nostri
409 2401 556 2463 missum
577 2409 758 2479 curarunt,
787 2410 823 2462 ut
843 2399 1015 2479 quosdam
1035 2399 1141 2463 fidem
1164 2401 1289 2481 impug

182 2509 437 2572 denunciarent
462 2508 718 2587 deferrentque.
745 2507 813 2570 Hic
839 2524 991 2587 namque
1015 2509 1244 2587 promulgata
1271 2509 1289 2571 u

182 2597 455 2679 communicatio
481 2615 516 2677 in
548 2616 642 2693 illos,
674 2614 752 2694 qui,
783 2614 961 2676 hominem
993 2614 1134 2677 haeresi
1159 2616 1289 2679 adhaer

181 2723 344 2799 scienteS,
359 2740 428 2784 non
441 2721 560 2784 statim
573 2729 773 2800 retegerent
789 2720 951 2800 apudque
962 2718 1117 2800 judicem
1134 2719 1289 2785 deferrer

181 2829 249 2892 heu
266 2829 468 2892 mortalium
484 2827 729 2890 temeritatem!
746 2826 983 2889 execrandam
1001 2828 1260 2905 arrogantiam!
1277 2847 1289 2907 c

181 2953 269 3015 quos
291 2936 435 2997 humani
455 2933 597 3012 generis
617 2934 791 3013 pessimus
813 2933 925 2994 hostis
945 2933 980 2995 in
1006 2934 1098 2996 hanc
1125 2950 1289 2998 excomm

180 3041 312 3104 tionem
333 3042 459 3103 misere
480 3040 703 3120 prolabentes
718 3039 849 3101 inuasit
872 3057 914 3101 ac
929 3039 1143 3102 deuastauit!
1167 3040 1236 3119 Qui
1251 3060 1289 3103 nt

179 3167 297 3229 quam,
319 3158 521 3210 nostrorum
542 3147 686 3209 Patrum
703 3145 1006 3208 adhortationibus
1019 3157 1289 3226 occurrenteS,s

180 3258 210 3317 le
236 3253 447 3318 Sanctorum
472 3253 622 3315 ecclesia
651 3251 800 3329 viduari,
824 3269 930 3330 quam
948 3251 1131 3315 hominum
1151 3254 1269 3331 gratia

181 3361 405 3440 respondent.
425 3358 606 3422 Orandum
622 3377 686 3438 pro
702 3358 752 3420 eis
768 3367 834 3419 etc.

240 3466 408 3544 Mutinae,
427 3466 459 3528 V
476 3465 553 3527 idus
569 3465 653 3528 Maii
672 3466 758 3527 1555.

239 3571 307 3634 Per
323 3573 435 3634 nostri
450 3571 491 3634 R.
509 3571 546 3632 P.
561 3572 857 3634 commissionem.

240 3678 336 3740 Tuae
353 3678 572 3741 obedientiae
588 3677 856 3757 indignissimus
871 3677 975 3755 tilius,

884 3889 1042 3971 Jonuuns
1065 3889 1246 3956 laxamus
