<?xml version="1.0" encoding="UTF-8"?>
<!DOCTYPE html PUBLIC "-//W3C//DTD XHTML 1.0 Transitional//EN"
    "http://www.w3.org/TR/xhtml1/DTD/xhtml1-transitional.dtd">
<html xmlns="http://www.w3.org/1999/xhtml" xml:lang="en" lang="en">
 <head>
  <title>
</title>
<meta http-equiv="Content-Type" content="text/html;charset=utf-8" />
  <meta name='ocr-system' content='tesseract 3.04.00' />
  <meta name='ocr-capabilities' content='ocr_page ocr_carea ocr_par ocr_line ocrx_word'/>
</head>
<body>
  <div class='ocr_page' id='page_1' title='image "./litteraequadrim02jesugoog_0110.png"; bbox 0 0 3210 5392; ppageno 0'>
   <div class='ocr_carea' id='block_1_1' title="bbox 718 416 1416 476">
    <p class='ocr_par' dir='ltr' id='par_1_1' title="bbox 718 416 1416 476">
     <span class='ocr_line' id='line_1_1' title="bbox 718 416 1416 476; baseline -0.001 0"><span class='ocrx_word' id='word_1_1' title='bbox 718 416 783 476; x_wconf 80' lang='lat' dir='ltr'>An.</span> <span class='ocrx_word' id='word_1_2' title='bbox 809 417 880 476; x_wconf 75' lang='lat'>1554</span> <span class='ocrx_word' id='word_1_3' title='bbox 1378 418 1416 475; x_wconf 76' lang='lat'>99</span> 
     </span>
    </p>
   </div>
   <div class='ocr_carea' id='block_1_2' title="bbox 176 556 1419 4709">
    <p class='ocr_par' dir='ltr' id='par_1_2' title="bbox 176 556 1416 2233">
     <span class='ocr_line' id='line_1_2' title="bbox 176 556 1415 642; baseline -0.002 -12"><span class='ocrx_word' id='word_1_4' title='bbox 176 565 218 629; x_wconf 85' lang='lat' dir='ltr'>P.</span> <span class='ocrx_word' id='word_1_5' title='bbox 250 559 487 629; x_wconf 87' lang='lat' dir='ltr'>Prouincialis</span> <span class='ocrx_word' id='word_1_6' title='bbox 515 556 646 626; x_wconf 84' lang='lat' dir='ltr'>noster</span> <span class='ocrx_word' id='word_1_7' title='bbox 664 562 760 642; x_wconf 85' lang='lat' dir='ltr'><strong>Mag.</strong></span> <span class='ocrx_word' id='word_1_8' title='bbox 786 562 877 626; x_wconf 87' lang='lat' dir='ltr'>Miro</span> <span class='ocrx_word' id='word_1_9' title='bbox 898 563 1071 642; x_wconf 87' lang='lat' dir='ltr'>peruenit.</span> <span class='ocrx_word' id='word_1_10' title='bbox 1100 561 1168 642; x_wconf 90' lang='lat' dir='ltr'>Qui</span> <span class='ocrx_word' id='word_1_11' title='bbox 1194 580 1259 626; x_wconf 90' lang='lat' dir='ltr'>suo</span> <span class='ocrx_word' id='word_1_12' title='bbox 1284 563 1415 627; x_wconf 86' lang='lat' dir='ltr'>fratres</span> 
     </span>
     <span class='ocr_line' id='line_1_3' title="bbox 179 666 1414 749; baseline 0.002 -16"><span class='ocrx_word' id='word_1_13' title='bbox 179 687 309 735; x_wconf 84' lang='lat' dir='ltr'>omnes</span> <span class='ocrx_word' id='word_1_14' title='bbox 327 669 484 734; x_wconf 89' lang='lat' dir='ltr'>aduentu</span> <span class='ocrx_word' id='word_1_15' title='bbox 509 684 639 749; x_wconf 90' lang='lat' dir='ltr'>magna</span> <span class='ocrx_word' id='word_1_16' title='bbox 668 669 705 732; x_wconf 94' lang='lat' dir='ltr'>in</span> <span class='ocrx_word' id='word_1_17' title='bbox 729 666 884 732; x_wconf 93' lang='lat' dir='ltr'>Domino</span> <span class='ocrx_word' id='word_1_18' title='bbox 908 670 1151 736; x_wconf 84' lang='lat' dir='ltr'>consolatione</span> <span class='ocrx_word' id='word_1_19' title='bbox 1176 668 1309 749; x_wconf 87' lang='lat' dir='ltr'>affecit,</span> <span class='ocrx_word' id='word_1_20' title='bbox 1339 680 1414 735; x_wconf 92' lang='lat' dir='ltr'>tum</span> 
     </span>
     <span class='ocr_line' id='line_1_4' title="bbox 180 775 1414 860; baseline -0.001 -18"><span class='ocrx_word' id='word_1_21' title='bbox 180 777 352 860; x_wconf 85' lang='lat' dir='ltr'>priuatim</span> <span class='ocrx_word' id='word_1_22' title='bbox 366 777 540 857; x_wconf 85' lang='lat' dir='ltr'>singulos,</span> <span class='ocrx_word' id='word_1_23' title='bbox 556 785 632 840; x_wconf 91' lang='lat' dir='ltr'>tum</span> <span class='ocrx_word' id='word_1_24' title='bbox 645 793 769 839; x_wconf 91' lang='lat' dir='ltr'>omnes</span> <span class='ocrx_word' id='word_1_25' title='bbox 783 775 886 839; x_wconf 91' lang='lat' dir='ltr'>simul</span> <span class='ocrx_word' id='word_1_26' title='bbox 901 775 1097 857; x_wconf 71' lang='lat' dir='ltr'>alloquens</span> <span class='ocrx_word' id='word_1_27' title='bbox 1111 786 1145 840; x_wconf 90' lang='lat' dir='ltr'>et</span> <span class='ocrx_word' id='word_1_28' title='bbox 1160 793 1231 842; x_wconf 91' lang='lat' dir='ltr'>uno</span> <span class='ocrx_word' id='word_1_29' title='bbox 1243 786 1349 858; x_wconf 90' lang='lat' dir='ltr'>atque</span> <span class='ocrx_word' id='word_1_30' title='bbox 1363 795 1414 841; x_wconf 81' lang='lat' dir='ltr'>xx</span> 
     </span>
     <span class='ocr_line' id='line_1_5' title="bbox 181 882 1413 965; baseline -0.001 -16"><span class='ocrx_word' id='word_1_31' title='bbox 181 885 308 949; x_wconf 89' lang='lat' dir='ltr'>diebus</span> <span class='ocrx_word' id='word_1_32' title='bbox 326 886 433 965; x_wconf 83' lang='lat' dir='ltr'>(quos</span> <span class='ocrx_word' id='word_1_33' title='bbox 451 883 547 964; x_wconf 90' lang='lat' dir='ltr'>apud</span> <span class='ocrx_word' id='word_1_34' title='bbox 559 900 627 947; x_wconf 88' lang='lat' dir='ltr'>nos</span> <span class='ocrx_word' id='word_1_35' title='bbox 640 892 880 947; x_wconf 89' lang='lat' dir='ltr'>commoratus</span> <span class='ocrx_word' id='word_1_36' title='bbox 894 883 976 962; x_wconf 88' lang='lat' dir='ltr'>est),</span> <span class='ocrx_word' id='word_1_37' title='bbox 991 882 1146 964; x_wconf 85' lang='lat' dir='ltr'>quotidie</span> <span class='ocrx_word' id='word_1_38' title='bbox 1161 882 1234 947; x_wconf 84' lang='lat' dir='ltr'>fere</span> <span class='ocrx_word' id='word_1_39' title='bbox 1250 883 1293 948; x_wconf 93' lang='lat' dir='ltr'>de</span> <span class='ocrx_word' id='word_1_40' title='bbox 1308 886 1413 948; x_wconf 89' lang='lat' dir='ltr'>rebus</span> 
     </span>
     <span class='ocr_line' id='line_1_6' title="bbox 181 990 1414 1073; baseline 0 -18"><span class='ocrx_word' id='word_1_41' title='bbox 181 992 401 1073; x_wconf 86' lang='lat' dir='ltr'>spiritalibus</span> <span class='ocrx_word' id='word_1_42' title='bbox 418 990 465 1055; x_wconf 90' lang='lat' dir='ltr'>ad</span> <span class='ocrx_word' id='word_1_43' title='bbox 483 990 624 1066; x_wconf 71' lang='lat' dir='ltr'>fratres</span> <span class='ocrx_word' id='word_1_44' title='bbox 644 1007 777 1071; x_wconf 89' lang='lat' dir='ltr'>magna</span> <span class='ocrx_word' id='word_1_45' title='bbox 791 1008 872 1054; x_wconf 91' lang='lat' dir='ltr'>cum</span> <span class='ocrx_word' id='word_1_46' title='bbox 887 991 1045 1071; x_wconf 91' lang='lat' dir='ltr'>ipsorum</span> <span class='ocrx_word' id='word_1_47' title='bbox 1059 991 1301 1055; x_wconf 85' lang='lat' dir='ltr'>consolatione</span> <span class='ocrx_word' id='word_1_48' title='bbox 1320 992 1414 1055; x_wconf 90' lang='lat' dir='ltr'>acin</span> 
     </span>
     <span class='ocr_line' id='line_1_7' title="bbox 181 1088 1413 1180; baseline -0.001 -17"><span class='ocrx_word' id='word_1_49' title='bbox 181 1098 338 1163; x_wconf 90' lang='lat' dir='ltr'>Domino</span> <span class='ocrx_word' id='word_1_50' title='bbox 353 1098 610 1176; x_wconf 88' lang='lat' dir='ltr'>aedificatione,</span> <span class='ocrx_word' id='word_1_51' title='bbox 626 1098 837 1162; x_wconf 84' lang='lat' dir='ltr'>familiarem</span> <span class='ocrx_word' id='word_1_52' title='bbox 849 1088 1047 1161; x_wconf 85' lang='lat' dir='ltr'>sermone&#39;m</span> <span class='ocrx_word' id='word_1_53' title='bbox 1059 1098 1205 1165; x_wconf 84' lang='lat' dir='ltr'>babens.</span> <span class='ocrx_word' id='word_1_54' title='bbox 1219 1098 1314 1163; x_wconf 90' lang='lat' dir='ltr'>Intra</span> <span class='ocrx_word' id='word_1_55' title='bbox 1329 1115 1413 1180; x_wconf 91' lang='lat' dir='ltr'>quo-</span> 
     </span>
     <span class='ocr_line' id='line_1_8' title="bbox 179 1197 1414 1285; baseline 0 -16"><span class='ocrx_word' id='word_1_56' title='bbox 179 1223 263 1269; x_wconf 90' lang='lat' dir='ltr'>rum</span> <span class='ocrx_word' id='word_1_57' title='bbox 277 1206 385 1270; x_wconf 87' lang='lat' dir='ltr'>etiam</span> <span class='ocrx_word' id='word_1_58' title='bbox 403 1205 541 1270; x_wconf 91' lang='lat' dir='ltr'>dierum</span> <span class='ocrx_word' id='word_1_59' title='bbox 553 1214 627 1269; x_wconf 91' lang='lat' dir='ltr'>tam</span> <span class='ocrx_word' id='word_1_60' title='bbox 651 1205 760 1268; x_wconf 89' lang='lat' dir='ltr'>breue</span> <span class='ocrx_word' id='word_1_61' title='bbox 774 1197 928 1285; x_wconf 86' lang='lat' dir='ltr'>spatium</span> <span class='ocrx_word' id='word_1_62' title='bbox 953 1205 1031 1282; x_wconf 89' lang='lat' dir='ltr'>illa,</span> <span class='ocrx_word' id='word_1_63' title='bbox 1048 1205 1225 1285; x_wconf 91' lang='lat' dir='ltr'>inquibus</span> <span class='ocrx_word' id='word_1_64' title='bbox 1241 1204 1338 1269; x_wconf 89' lang='lat' dir='ltr'>dubii</span> <span class='ocrx_word' id='word_1_65' title='bbox 1353 1206 1414 1270; x_wconf 90' lang='lat' dir='ltr'>ali·</span> 
     </span>
     <span class='ocr_line' id='line_1_9' title="bbox 177 1311 1414 1393; baseline -0.001 -17"><span class='ocrx_word' id='word_1_66' title='bbox 177 1312 268 1393; x_wconf 90' lang='lat' dir='ltr'>quid</span> <span class='ocrx_word' id='word_1_67' title='bbox 286 1312 402 1376; x_wconf 85' lang='lat' dir='ltr'>inesse</span> <span class='ocrx_word' id='word_1_68' title='bbox 420 1312 620 1391; x_wconf 87' lang='lat' dir='ltr'>videbatur,</span> <span class='ocrx_word' id='word_1_69' title='bbox 647 1311 693 1375; x_wconf 89' lang='lat' dir='ltr'>ad</span> <span class='ocrx_word' id='word_1_70' title='bbox 712 1312 934 1390; x_wconf 91' lang='lat' dir='ltr'>singulorum</span> <span class='ocrx_word' id='word_1_71' title='bbox 962 1311 1157 1375; x_wconf 91' lang='lat' dir='ltr'>ministeria</span> <span class='ocrx_word' id='word_1_72' title='bbox 1183 1312 1218 1375; x_wconf 91' lang='lat' dir='ltr'>in</span> <span class='ocrx_word' id='word_1_73' title='bbox 1243 1311 1414 1392; x_wconf 86' lang='lat' dir='ltr'>majorem</span> 
     </span>
     <span class='ocr_line' id='line_1_10' title="bbox 181 1416 1414 1498; baseline -0.001 -15"><span class='ocrx_word' id='word_1_74' title='bbox 181 1419 309 1484; x_wconf 90' lang='lat' dir='ltr'>Diuini</span> <span class='ocrx_word' id='word_1_75' title='bbox 325 1417 486 1484; x_wconf 90' lang='lat' dir='ltr'>Nominis</span> <span class='ocrx_word' id='word_1_76' title='bbox 504 1419 657 1498; x_wconf 84' lang='lat' dir='ltr'>gloriam</span> <span class='ocrx_word' id='word_1_77' title='bbox 671 1416 889 1498; x_wconf 88' lang='lat' dir='ltr'>exequenda,</span> <span class='ocrx_word' id='word_1_78' title='bbox 910 1417 1040 1482; x_wconf 92' lang='lat' dir='ltr'>Diuino</span> <span class='ocrx_word' id='word_1_79' title='bbox 1060 1416 1179 1482; x_wconf 84' lang='lat' dir='ltr'>fautus</span> <span class='ocrx_word' id='word_1_80' title='bbox 1194 1419 1338 1496; x_wconf 84' lang='lat' dir='ltr'>auxilio,</span> <span class='ocrx_word' id='word_1_81' title='bbox 1355 1436 1414 1482; x_wconf 87' lang='lat' dir='ltr'>ex-</span> 
     </span>
     <span class='ocr_line' id='line_1_11' title="bbox 180 1524 1415 1608; baseline -0.002 -18"><span class='ocrx_word' id='word_1_82' title='bbox 180 1527 329 1608; x_wconf 89' lang='lat' dir='ltr'>pediuit.</span> <span class='ocrx_word' id='word_1_83' title='bbox 353 1524 471 1607; x_wconf 90' lang='lat' dir='ltr'>Atque</span> <span class='ocrx_word' id='word_1_84' title='bbox 484 1526 534 1589; x_wconf 92' lang='lat' dir='ltr'>ita</span> <span class='ocrx_word' id='word_1_85' title='bbox 559 1535 678 1590; x_wconf 90' lang='lat' dir='ltr'>actum</span> <span class='ocrx_word' id='word_1_86' title='bbox 699 1534 752 1589; x_wconf 91' lang='lat' dir='ltr'>est</span> <span class='ocrx_word' id='word_1_87' title='bbox 778 1535 829 1604; x_wconf 93' lang='lat' dir='ltr'>vt,</span> <span class='ocrx_word' id='word_1_88' title='bbox 854 1525 950 1589; x_wconf 92' lang='lat' dir='ltr'>omni</span> <span class='ocrx_word' id='word_1_89' title='bbox 969 1525 1213 1605; x_wconf 86' lang='lat' dir='ltr'>ambiguitatis</span> <span class='ocrx_word' id='word_1_90' title='bbox 1234 1526 1415 1589; x_wconf 88' lang='lat' dir='ltr'>anxietate</span> 
     </span>
     <span class='ocr_line' id='line_1_12' title="bbox 179 1629 1413 1713; baseline -0.002 -16"><span class='ocrx_word' id='word_1_91' title='bbox 179 1642 338 1711; x_wconf 89' lang='lat' dir='ltr'>remota,</span> <span class='ocrx_word' id='word_1_92' title='bbox 362 1629 501 1697; x_wconf 90' lang='lat' dir='ltr'>summa</span> <span class='ocrx_word' id='word_1_93' title='bbox 520 1649 659 1713; x_wconf 88' lang='lat' dir='ltr'>semper</span> <span class='ocrx_word' id='word_1_94' title='bbox 676 1649 758 1696; x_wconf 91' lang='lat' dir='ltr'>cum</span> <span class='ocrx_word' id='word_1_95' title='bbox 772 1631 879 1696; x_wconf 89' lang='lat' dir='ltr'>animi</span> <span class='ocrx_word' id='word_1_96' title='bbox 904 1649 1008 1713; x_wconf 91' lang='lat' dir='ltr'>pace,</span> <span class='ocrx_word' id='word_1_97' title='bbox 1031 1641 1104 1696; x_wconf 90' lang='lat' dir='ltr'>tam</span> <span class='ocrx_word' id='word_1_98' title='bbox 1126 1633 1293 1696; x_wconf 89' lang='lat' dir='ltr'>literariis</span> <span class='ocrx_word' id='word_1_99' title='bbox 1307 1649 1413 1713; x_wconf 92' lang='lat' dir='ltr'>quam</span> 
     </span>
     <span class='ocr_line' id='line_1_13' title="bbox 179 1738 1416 1822; baseline -0.001 -18"><span class='ocrx_word' id='word_1_100' title='bbox 179 1740 402 1822; x_wconf 87' lang='lat' dir='ltr'>spiritalibus</span> <span class='ocrx_word' id='word_1_101' title='bbox 427 1740 607 1804; x_wconf 90' lang='lat' dir='ltr'>exercitiis</span> <span class='ocrx_word' id='word_1_102' title='bbox 620 1748 657 1803; x_wconf 93' lang='lat' dir='ltr'>et</span> <span class='ocrx_word' id='word_1_103' title='bbox 676 1739 884 1803; x_wconf 89' lang='lat' dir='ltr'>vaeauerint</span> <span class='ocrx_word' id='word_1_104' title='bbox 910 1748 945 1802; x_wconf 93' lang='lat' dir='ltr'>et</span> <span class='ocrx_word' id='word_1_105' title='bbox 970 1748 1100 1803; x_wconf 88' lang='lat' dir='ltr'>vacent</span> <span class='ocrx_word' id='word_1_106' title='bbox 1118 1739 1257 1803; x_wconf 84' lang='lat' dir='ltr'>fratres.</span> <span class='ocrx_word' id='word_1_107' title='bbox 1279 1738 1416 1803; x_wconf 91' lang='lat' dir='ltr'>Diebus</span> 
     </span>
     <span class='ocr_line' id='line_1_14' title="bbox 180 1845 1415 1927; baseline -0.002 -15"><span class='ocrx_word' id='word_1_108' title='bbox 180 1848 329 1912; x_wconf 84' lang='lat' dir='ltr'>veneris</span> <span class='ocrx_word' id='word_1_109' title='bbox 343 1845 381 1911; x_wconf 89' lang='lat' dir='ltr'>P.</span> <span class='ocrx_word' id='word_1_110' title='bbox 398 1846 472 1911; x_wconf 92' lang='lat' dir='ltr'>Leo</span> <span class='ocrx_word' id='word_1_111' title='bbox 487 1855 560 1911; x_wconf 92' lang='lat' dir='ltr'>tam</span> <span class='ocrx_word' id='word_1_112' title='bbox 575 1847 621 1911; x_wconf 93' lang='lat' dir='ltr'>ad</span> <span class='ocrx_word' id='word_1_113' title='bbox 635 1864 712 1926; x_wconf 83' lang='lat' dir='ltr'>n08,</span> <span class='ocrx_word' id='word_1_114' title='bbox 726 1847 786 1927; x_wconf 92' lang='lat' dir='ltr'>qui</span> <span class='ocrx_word' id='word_1_115' title='bbox 800 1847 836 1910; x_wconf 93' lang='lat' dir='ltr'>in</span> <span class='ocrx_word' id='word_1_116' title='bbox 852 1846 1023 1926; x_wconf 90' lang='lat' dir='ltr'>Collegio,</span> <span class='ocrx_word' id='word_1_117' title='bbox 1050 1864 1157 1927; x_wconf 90' lang='lat' dir='ltr'>quam</span> <span class='ocrx_word' id='word_1_118' title='bbox 1172 1846 1218 1910; x_wconf 90' lang='lat' dir='ltr'>ad</span> <span class='ocrx_word' id='word_1_119' title='bbox 1239 1846 1336 1925; x_wconf 90' lang='lat' dir='ltr'>illos,</span> <span class='ocrx_word' id='word_1_120' title='bbox 1354 1847 1415 1927; x_wconf 90' lang='lat' dir='ltr'>qui</span> 
     </span>
     <span class='ocr_line' id='line_1_15' title="bbox 180 1953 1415 2035; baseline -0.001 -18"><span class='ocrx_word' id='word_1_121' title='bbox 180 1955 219 2018; x_wconf 92' lang='lat' dir='ltr'>in</span> <span class='ocrx_word' id='word_1_122' title='bbox 233 1954 342 2018; x_wconf 91' lang='lat' dir='ltr'>domo</span> <span class='ocrx_word' id='word_1_123' title='bbox 356 1955 576 2035; x_wconf 89' lang='lat' dir='ltr'>probationis</span> <span class='ocrx_word' id='word_1_124' title='bbox 589 1963 790 2033; x_wconf 88' lang='lat' dir='ltr'>versantur,</span> <span class='ocrx_word' id='word_1_125' title='bbox 808 1954 1038 2017; x_wconf 87' lang='lat' dir='ltr'>domesticam</span> <span class='ocrx_word' id='word_1_126' title='bbox 1055 1971 1097 2017; x_wconf 92' lang='lat' dir='ltr'>ac</span> <span class='ocrx_word' id='word_1_127' title='bbox 1112 1953 1323 2017; x_wconf 86' lang='lat' dir='ltr'>familiarem</span> <span class='ocrx_word' id='word_1_128' title='bbox 1333 1971 1415 2018; x_wconf 90' lang='lat' dir='ltr'>con·</span> 
     </span>
     <span class='ocr_line' id='line_1_16' title="bbox 178 2060 1415 2141; baseline -0.002 -15"><span class='ocrx_word' id='word_1_129' title='bbox 178 2063 324 2126; x_wconf 88' lang='lat' dir='ltr'>cionem</span> <span class='ocrx_word' id='word_1_130' title='bbox 348 2063 464 2127; x_wconf 89' lang='lat' dir='ltr'>habet.</span> <span class='ocrx_word' id='word_1_131' title='bbox 492 2061 611 2126; x_wconf 86' lang='lat' dir='ltr'>Aliam</span> <span class='ocrx_word' id='word_1_132' title='bbox 635 2062 720 2126; x_wconf 93' lang='lat' dir='ltr'>item</span> <span class='ocrx_word' id='word_1_133' title='bbox 734 2060 906 2140; x_wconf 79' lang='lat' dir='ltr'>eJusmodi</span> <span class='ocrx_word' id='word_1_134' title='bbox 920 2062 1010 2124; x_wconf 91' lang='lat' dir='ltr'>alius</span> <span class='ocrx_word' id='word_1_135' title='bbox 1028 2060 1134 2125; x_wconf 89' lang='lat' dir='ltr'>Pater</span> <span class='ocrx_word' id='word_1_136' title='bbox 1155 2061 1305 2141; x_wconf 92' lang='lat' dir='ltr'>singulis</span> <span class='ocrx_word' id='word_1_137' title='bbox 1319 2077 1415 2125; x_wconf 88' lang='lat' dir='ltr'>men·</span> 
     </span>
     <span class='ocr_line' id='line_1_17' title="bbox 179 2169 571 2233; baseline -0.005 0"><span class='ocrx_word' id='word_1_138' title='bbox 179 2170 284 2233; x_wconf 90' lang='lat' dir='ltr'>sibus</span> <span class='ocrx_word' id='word_1_139' title='bbox 298 2169 342 2232; x_wconf 91' lang='lat' dir='ltr'>de</span> <span class='ocrx_word' id='word_1_140' title='bbox 361 2169 571 2232; x_wconf 89' lang='lat' dir='ltr'>obedientia.</span> 
     </span>
    </p>

    <p class='ocr_par' dir='ltr' id='par_1_3' title="bbox 179 2273 1417 2888">
     <span class='ocr_line' id='line_1_18' title="bbox 245 2273 1415 2356; baseline -0.001 -18"><span class='ocrx_word' id='word_1_141' title='bbox 245 2274 381 2339; x_wconf 92' lang='lat' dir='ltr'>Diebus</span> <span class='ocrx_word' id='word_1_142' title='bbox 395 2292 481 2339; x_wconf 89' lang='lat' dir='ltr'>uero</span> <span class='ocrx_word' id='word_1_143' title='bbox 495 2273 633 2338; x_wconf 83' lang='lat' dir='ltr'>festinis</span> <span class='ocrx_word' id='word_1_144' title='bbox 647 2293 668 2338; x_wconf 89' lang='lat' dir='ltr'>a</span> <span class='ocrx_word' id='word_1_145' title='bbox 684 2292 807 2351; x_wconf 90' lang='lat' dir='ltr'>coena,</span> <span class='ocrx_word' id='word_1_146' title='bbox 824 2274 951 2354; x_wconf 90' lang='lat' dir='ltr'>quietis</span> <span class='ocrx_word' id='word_1_147' title='bbox 963 2273 1038 2355; x_wconf 86' lang='lat' dir='ltr'>jam</span> <span class='ocrx_word' id='word_1_148' title='bbox 1052 2284 1198 2356; x_wconf 85' lang='lat' dir='ltr'>peracta</span> <span class='ocrx_word' id='word_1_149' title='bbox 1213 2274 1314 2351; x_wconf 89' lang='lat' dir='ltr'>hora,</span> <span class='ocrx_word' id='word_1_150' title='bbox 1331 2282 1415 2337; x_wconf 87' lang='lat' dir='ltr'>tem-</span> 
     </span>
     <span class='ocr_line' id='line_1_19' title="bbox 179 2380 1417 2465; baseline -0.001 -19"><span class='ocrx_word' id='word_1_151' title='bbox 179 2401 252 2465; x_wconf 91' lang='lat' dir='ltr'>pus</span> <span class='ocrx_word' id='word_1_152' title='bbox 276 2382 419 2464; x_wconf 90' lang='lat' dir='ltr'>aliquod</span> <span class='ocrx_word' id='word_1_153' title='bbox 443 2382 691 2445; x_wconf 89' lang='lat' dir='ltr'>collationibus</span> <span class='ocrx_word' id='word_1_154' title='bbox 714 2382 931 2462; x_wconf 89' lang='lat' dir='ltr'>spiritalibus</span> <span class='ocrx_word' id='word_1_155' title='bbox 952 2381 1198 2463; x_wconf 90' lang='lat' dir='ltr'>impendimus.</span> <span class='ocrx_word' id='word_1_156' title='bbox 1226 2380 1345 2464; x_wconf 88' lang='lat' dir='ltr'>Atque</span> <span class='ocrx_word' id='word_1_157' title='bbox 1360 2382 1417 2445; x_wconf 91' lang='lat' dir='ltr'>his</span> 
     </span>
     <span class='ocr_line' id='line_1_20' title="bbox 180 2487 1417 2571; baseline -0.002 -17"><span class='ocrx_word' id='word_1_158' title='bbox 180 2489 329 2571; x_wconf 90' lang='lat' dir='ltr'>quidem</span> <span class='ocrx_word' id='word_1_159' title='bbox 349 2489 548 2552; x_wconf 90' lang='lat' dir='ltr'>deuotionis</span> <span class='ocrx_word' id='word_1_160' title='bbox 567 2498 711 2553; x_wconf 91' lang='lat' dir='ltr'>nostrae</span> <span class='ocrx_word' id='word_1_161' title='bbox 736 2487 958 2552; x_wconf 89' lang='lat' dir='ltr'>adminiculis</span> <span class='ocrx_word' id='word_1_162' title='bbox 978 2489 1125 2568; x_wconf 88' lang='lat' dir='ltr'>vtimur,</span> <span class='ocrx_word' id='word_1_163' title='bbox 1153 2487 1194 2551; x_wconf 91' lang='lat' dir='ltr'>R.</span> <span class='ocrx_word' id='word_1_164' title='bbox 1222 2489 1258 2552; x_wconf 92' lang='lat' dir='ltr'>in</span> <span class='ocrx_word' id='word_1_165' title='bbox 1272 2488 1417 2553; x_wconf 88' lang='lat' dir='ltr'>Christo</span> 
     </span>
     <span class='ocr_line' id='line_1_21' title="bbox 182 2587 1414 2677; baseline -0.001 -17"><span class='ocrx_word' id='word_1_166' title='bbox 182 2595 265 2672; x_wconf 50' lang='grc' dir='ltr'>ΡΑ,</span> <span class='ocrx_word' id='word_1_167' title='bbox 282 2604 424 2675; x_wconf 90' lang='lat' dir='ltr'>praeter</span> <span class='ocrx_word' id='word_1_168' title='bbox 439 2587 581 2658; x_wconf 84' lang='lat' dir='ltr'>solitum</span> <span class='ocrx_word' id='word_1_169' title='bbox 595 2594 768 2658; x_wconf 90' lang='lat' dir='ltr'>orationis</span> <span class='ocrx_word' id='word_1_170' title='bbox 783 2603 921 2674; x_wconf 90' lang='lat' dir='ltr'>tempus</span> <span class='ocrx_word' id='word_1_171' title='bbox 936 2604 971 2657; x_wconf 91' lang='lat' dir='ltr'>et</span> <span class='ocrx_word' id='word_1_172' title='bbox 986 2595 1188 2672; x_wconf 67' lang='lat' dir='ltr'>conciones</span> <span class='ocrx_word' id='word_1_173' title='bbox 1205 2613 1296 2677; x_wconf 89' lang='lat' dir='ltr'>quae</span> <span class='ocrx_word' id='word_1_174' title='bbox 1312 2596 1348 2659; x_wconf 93' lang='lat' dir='ltr'>in</span> <span class='ocrx_word' id='word_1_175' title='bbox 1364 2614 1414 2660; x_wconf 88' lang='lat' dir='ltr'>re-</span> 
     </span>
     <span class='ocr_line' id='line_1_22' title="bbox 182 2700 1414 2782; baseline -0.001 -16"><span class='ocrx_word' id='word_1_176' title='bbox 182 2702 332 2766; x_wconf 87' lang='lat' dir='ltr'>lectorio</span> <span class='ocrx_word' id='word_1_177' title='bbox 344 2701 530 2778; x_wconf 84' lang='lat' dir='ltr'>habentur,</span> <span class='ocrx_word' id='word_1_178' title='bbox 544 2718 587 2764; x_wconf 92' lang='lat' dir='ltr'>ac</span> <span class='ocrx_word' id='word_1_179' title='bbox 595 2700 676 2779; x_wconf 88' lang='lat' dir='ltr'>alia,</span> <span class='ocrx_word' id='word_1_180' title='bbox 691 2717 782 2780; x_wconf 92' lang='lat' dir='ltr'>quae</span> <span class='ocrx_word' id='word_1_181' title='bbox 793 2718 839 2764; x_wconf 83' lang='lat' dir='ltr'>ex</span> <span class='ocrx_word' id='word_1_182' title='bbox 850 2701 1073 2781; x_wconf 91' lang='lat' dir='ltr'>superiorum</span> <span class='ocrx_word' id='word_1_183' title='bbox 1082 2710 1157 2764; x_wconf 91' lang='lat' dir='ltr'>tum</span> <span class='ocrx_word' id='word_1_184' title='bbox 1168 2702 1414 2782; x_wconf 86' lang='lat' dir='ltr'>permissione,</span> 
     </span>
     <span class='ocr_line' id='line_1_23' title="bbox 183 2806 1058 2888; baseline -0.003 -16"><span class='ocrx_word' id='word_1_185' title='bbox 183 2820 261 2873; x_wconf 89' lang='lat' dir='ltr'>tum</span> <span class='ocrx_word' id='word_1_186' title='bbox 276 2809 437 2888; x_wconf 87' lang='lat' dir='ltr'>consilio,</span> <span class='ocrx_word' id='word_1_187' title='bbox 453 2816 577 2871; x_wconf 89' lang='lat' dir='ltr'>sancte</span> <span class='ocrx_word' id='word_1_188' title='bbox 591 2807 719 2887; x_wconf 91' lang='lat' dir='ltr'>pieque</span> <span class='ocrx_word' id='word_1_189' title='bbox 734 2806 864 2870; x_wconf 81' lang='lat' dir='ltr'>fratres</span> <span class='ocrx_word' id='word_1_190' title='bbox 878 2814 1058 2870; x_wconf 84' lang='lat' dir='ltr'>exercent.</span> 
     </span>
    </p>

    <p class='ocr_par' dir='ltr' id='par_1_4' title="bbox 188 2911 1417 3317">
     <span class='ocr_line' id='line_1_24' title="bbox 245 2911 1415 2997; baseline 0.001 -18"><span class='ocrx_word' id='word_1_191' title='bbox 245 2914 301 2979; x_wconf 64' lang='lat' dir='ltr'>P!</span> <span class='ocrx_word' id='word_1_192' title='bbox 315 2915 492 2996; x_wconf 79' lang='lat' dir='ltr'>Georgius</span> <span class='ocrx_word' id='word_1_193' title='bbox 507 2911 694 2989; x_wconf 88' lang='lat' dir='ltr'>Serranus,</span> <span class='ocrx_word' id='word_1_194' title='bbox 711 2930 880 2994; x_wconf 89' lang='lat' dir='ltr'>percursa</span> <span class='ocrx_word' id='word_1_195' title='bbox 897 2915 967 2978; x_wconf 92' lang='lat' dir='ltr'>iam</span> <span class='ocrx_word' id='word_1_196' title='bbox 982 2915 1078 2977; x_wconf 90' lang='lat' dir='ltr'>circa</span> <span class='ocrx_word' id='word_1_197' title='bbox 1089 2915 1173 2997; x_wconf 90' lang='lat' dir='ltr'>Julii</span> <span class='ocrx_word' id='word_1_198' title='bbox 1185 2914 1290 2979; x_wconf 90' lang='lat' dir='ltr'>finem</span> <span class='ocrx_word' id='word_1_199' title='bbox 1301 2915 1415 2980; x_wconf 87' lang='lat' dir='ltr'>Trini-</span> 
     </span>
     <span class='ocr_line' id='line_1_25' title="bbox 188 3019 1416 3102; baseline 0.002 -18"><span class='ocrx_word' id='word_1_200' title='bbox 188 3023 270 3085; x_wconf 88' lang='lat' dir='ltr'>tatis</span> <span class='ocrx_word' id='word_1_201' title='bbox 283 3021 444 3100; x_wconf 89' lang='lat' dir='ltr'>materia,</span> <span class='ocrx_word' id='word_1_202' title='bbox 458 3020 718 3101; x_wconf 81' lang='lat' dir='ltr'>Incarnationis</span> <span class='ocrx_word' id='word_1_203' title='bbox 730 3021 939 3101; x_wconf 89' lang='lat' dir='ltr'>mysterium</span> <span class='ocrx_word' id='word_1_204' title='bbox 948 3019 997 3083; x_wconf 85' lang='lat'>3.⁰</span> <span class='ocrx_word' id='word_1_205' title='bbox 1013 3019 1091 3085; x_wconf 90' lang='lat' dir='ltr'>Kal.</span> <span class='ocrx_word' id='word_1_206' title='bbox 1105 3021 1258 3101; x_wconf 89' lang='lat' dir='ltr'>Augusti</span> <span class='ocrx_word' id='word_1_207' title='bbox 1269 3039 1416 3102; x_wconf 90' lang='lat' dir='ltr'>aggres-</span> 
     </span>
     <span class='ocr_line' id='line_1_26' title="bbox 191 3128 1417 3208; baseline 0.004 -18"><span class='ocrx_word' id='word_1_208' title='bbox 191 3144 250 3191; x_wconf 89' lang='lat' dir='ltr'>sus</span> <span class='ocrx_word' id='word_1_209' title='bbox 262 3138 324 3192; x_wconf 91' lang='lat' dir='ltr'>est.</span> <span class='ocrx_word' id='word_1_210' title='bbox 351 3128 417 3193; x_wconf 92' lang='lat' dir='ltr'>Cui</span> <span class='ocrx_word' id='word_1_211' title='bbox 440 3128 583 3191; x_wconf 90' lang='lat' dir='ltr'>lectioni</span> <span class='ocrx_word' id='word_1_212' title='bbox 611 3137 650 3191; x_wconf 91' lang='lat' dir='ltr'>ut</span> <span class='ocrx_word' id='word_1_213' title='bbox 681 3142 875 3208; x_wconf 91' lang='lat' dir='ltr'>prosperus</span> <span class='ocrx_word' id='word_1_214' title='bbox 900 3144 1087 3191; x_wconf 90' lang='lat' dir='ltr'>successus</span> <span class='ocrx_word' id='word_1_215' title='bbox 1120 3129 1417 3195; x_wconf 89' lang='lat' dir='ltr'>clementissimus</span> 
     </span>
     <span class='ocr_line' id='line_1_27' title="bbox 195 3232 1416 3317; baseline 0.002 -20"><span class='ocrx_word' id='word_1_216' title='bbox 195 3232 358 3298; x_wconf 89' lang='lat' dir='ltr'>Dominus</span> <span class='ocrx_word' id='word_1_217' title='bbox 373 3234 486 3312; x_wconf 89' lang='lat' dir='ltr'>daret,</span> <span class='ocrx_word' id='word_1_218' title='bbox 499 3235 560 3314; x_wconf 92' lang='lat' dir='ltr'>qui</span> <span class='ocrx_word' id='word_1_219' title='bbox 574 3234 684 3315; x_wconf 90' lang='lat' dir='ltr'>ipsius</span> <span class='ocrx_word' id='word_1_220' title='bbox 698 3243 800 3298; x_wconf 92' lang='lat' dir='ltr'>erant</span> <span class='ocrx_word' id='word_1_221' title='bbox 812 3234 986 3315; x_wconf 91' lang='lat' dir='ltr'>discipuli,</span> <span class='ocrx_word' id='word_1_222' title='bbox 999 3232 1135 3312; x_wconf 87' lang='lat' dir='ltr'>Patres,</span> <span class='ocrx_word' id='word_1_223' title='bbox 1149 3235 1185 3297; x_wconf 93' lang='lat' dir='ltr'>in</span> <span class='ocrx_word' id='word_1_224' title='bbox 1196 3234 1271 3315; x_wconf 91' lang='lat' dir='ltr'>ejus</span> <span class='ocrx_word' id='word_1_225' title='bbox 1286 3245 1416 3317; x_wconf 89' lang='lat' dir='ltr'>myste-</span> 
     </span>
    </p>

    <p class='ocr_par' dir='ltr' id='par_1_5' title="bbox 198 3339 1416 3953">
     <span class='ocr_line' id='line_1_28' title="bbox 198 3339 1416 3422; baseline 0.004 -20"><span class='ocrx_word' id='word_1_226' title='bbox 198 3340 236 3402; x_wconf 88' lang='lat' dir='ltr'>rii</span> <span class='ocrx_word' id='word_1_227' title='bbox 257 3341 626 3405; x_wconf 87' lang='lat' dir='ltr'>commemorationem</span> <span class='ocrx_word' id='word_1_228' title='bbox 646 3357 789 3404; x_wconf 88' lang='lat' dir='ltr'>sacrum</span> <span class='ocrx_word' id='word_1_229' title='bbox 814 3339 947 3419; x_wconf 86' lang='lat' dir='ltr'>fecere;</span> <span class='ocrx_word' id='word_1_230' title='bbox 973 3339 1102 3404; x_wconf 86' lang='lat' dir='ltr'>fratres</span> <span class='ocrx_word' id='word_1_231' title='bbox 1124 3358 1226 3420; x_wconf 89' lang='lat' dir='ltr'>uero,</span> <span class='ocrx_word' id='word_1_232' title='bbox 1256 3340 1416 3422; x_wconf 88' lang='lat' dir='ltr'>ejusdem</span> 
     </span>
     <span class='ocr_line' id='line_1_29' title="bbox 200 3444 1415 3529; baseline 0.004 -20"><span class='ocrx_word' id='word_1_233' title='bbox 200 3445 357 3528; x_wconf 88' lang='lat' dir='ltr'>discipuli,</span> <span class='ocrx_word' id='word_1_234' title='bbox 373 3447 565 3512; x_wconf 91' lang='lat' dir='ltr'>Dominum</span> <span class='ocrx_word' id='word_1_235' title='bbox 580 3447 710 3527; x_wconf 85' lang='lat' dir='ltr'>singuli</span> <span class='ocrx_word' id='word_1_236' title='bbox 725 3464 767 3510; x_wconf 90' lang='lat' dir='ltr'>ea</span> <span class='ocrx_word' id='word_1_237' title='bbox 782 3444 825 3510; x_wconf 90' lang='lat' dir='ltr'>de</span> <span class='ocrx_word' id='word_1_238' title='bbox 850 3464 889 3510; x_wconf 91' lang='lat' dir='ltr'>re</span> <span class='ocrx_word' id='word_1_239' title='bbox 904 3448 1149 3524; x_wconf 78' lang='lat' dir='ltr'>obsecranteS,</span> <span class='ocrx_word' id='word_1_240' title='bbox 1169 3449 1341 3529; x_wconf 90' lang='lat' dir='ltr'>nouisque</span> <span class='ocrx_word' id='word_1_241' title='bbox 1357 3468 1415 3514; x_wconf 91' lang='lat' dir='ltr'>ac·</span> 
     </span>
     <span class='ocr_line' id='line_1_30' title="bbox 204 3552 1416 3637; baseline 0.007 -25"><span class='ocrx_word' id='word_1_242' title='bbox 204 3554 284 3616; x_wconf 87' lang='lat' dir='ltr'>censi</span> <span class='ocrx_word' id='word_1_243' title='bbox 293 3554 475 3619; x_wconf 91' lang='lat' dir='ltr'>desideriis</span> <span class='ocrx_word' id='word_1_244' title='bbox 486 3554 533 3618; x_wconf 92' lang='lat' dir='ltr'>ad</span> <span class='ocrx_word' id='word_1_245' title='bbox 543 3552 877 3635; x_wconf 87' lang='lat' dir='ltr'>id,quodDominus</span> <span class='ocrx_word' id='word_1_246' title='bbox 885 3553 1009 3632; x_wconf 89' lang='lat' dir='ltr'>largiri</span> <span class='ocrx_word' id='word_1_247' title='bbox 1019 3553 1239 3634; x_wconf 88' lang='lat' dir='ltr'>dignaretur,</span> <span class='ocrx_word' id='word_1_248' title='bbox 1250 3567 1416 3637; x_wconf 91' lang='lat' dir='ltr'>prompto</span> 
     </span>
     <span class='ocr_line' id='line_1_31' title="bbox 207 3659 1415 3742; baseline 0.004 -21"><span class='ocrx_word' id='word_1_249' title='bbox 207 3659 304 3724; x_wconf 83' lang='lat' dir='ltr'>animo</span> <span class='ocrx_word' id='word_1_250' title='bbox 317 3660 598 3742; x_wconf 89' lang='lat' dir='ltr'>suscipiendum,</span> <span class='ocrx_word' id='word_1_251' title='bbox 616 3660 740 3724; x_wconf 90' lang='lat' dir='ltr'>iisdem</span> <span class='ocrx_word' id='word_1_252' title='bbox 754 3659 871 3723; x_wconf 89' lang='lat' dir='ltr'>missis</span> <span class='ocrx_word' id='word_1_253' title='bbox 891 3659 1137 3725; x_wconf 86' lang='lat' dir='ltr'>interfuerunt.</span> <span class='ocrx_word' id='word_1_254' title='bbox 1160 3661 1281 3742; x_wconf 89' lang='lat' dir='ltr'>Neque</span> <span class='ocrx_word' id='word_1_255' title='bbox 1300 3664 1415 3726; x_wconf 91' lang='lat' dir='ltr'>solum</span> 
     </span>
     <span class='ocr_line' id='line_1_32' title="bbox 207 3761 1415 3847; baseline 0.007 -22"><span class='ocrx_word' id='word_1_256' title='bbox 207 3761 304 3832; x_wconf 85' lang='lat' dir='ltr'>inhac</span> <span class='ocrx_word' id='word_1_257' title='bbox 326 3769 489 3847; x_wconf 88' lang='lat' dir='ltr'>lectione,</span> <span class='ocrx_word' id='word_1_258' title='bbox 514 3783 640 3831; x_wconf 90' lang='lat' dir='ltr'>verum</span> <span class='ocrx_word' id='word_1_259' title='bbox 664 3777 700 3830; x_wconf 92' lang='lat' dir='ltr'>et</span> <span class='ocrx_word' id='word_1_260' title='bbox 719 3766 798 3830; x_wconf 89' lang='lat' dir='ltr'>aliis</span> <span class='ocrx_word' id='word_1_261' title='bbox 823 3767 987 3830; x_wconf 91' lang='lat' dir='ltr'>omnibus</span> <span class='ocrx_word' id='word_1_262' title='bbox 1008 3769 1300 3832; x_wconf 89' lang='lat' dir='ltr'>constitutionum</span> <span class='ocrx_word' id='word_1_263' title='bbox 1325 3769 1415 3833; x_wconf 90' lang='lat' dir='ltr'>ordo</span> 
     </span>
     <span class='ocr_line' id='line_1_33' title="bbox 207 3883 514 3953; baseline 0.007 -18"><span class='ocrx_word' id='word_1_264' title='bbox 207 3883 323 3953; x_wconf 79' lang='lat' dir='ltr'>semper</span> <span class='ocrx_word' id='word_1_265' title='bbox 336 3884 514 3939; x_wconf 89' lang='lat' dir='ltr'>seruatur.</span> 
     </span>
    </p>

    <p class='ocr_par' dir='ltr' id='par_1_6' title="bbox 212 3977 1419 4709">
     <span class='ocr_line' id='line_1_34' title="bbox 254 3977 1417 4062; baseline 0.006 -21"><span class='ocrx_word' id='word_1_266' title='bbox 254 3977 385 4047; x_wconf 86' lang='lat' dir='ltr'>Praeter</span> <span class='ocrx_word' id='word_1_267' title='bbox 399 3998 549 4046; x_wconf 90' lang='lat' dir='ltr'>casuum</span> <span class='ocrx_word' id='word_1_268' title='bbox 562 3998 648 4045; x_wconf 90' lang='lat' dir='ltr'>uero</span> <span class='ocrx_word' id='word_1_269' title='bbox 673 3980 912 4045; x_wconf 87' lang='lat' dir='ltr'>conscientiae</span> <span class='ocrx_word' id='word_1_270' title='bbox 937 3980 1043 4062; x_wconf 90' lang='lat' dir='ltr'>(quae</span> <span class='ocrx_word' id='word_1_271' title='bbox 1058 3982 1093 4045; x_wconf 93' lang='lat' dir='ltr'>in</span> <span class='ocrx_word' id='word_1_272' title='bbox 1118 3982 1277 4061; x_wconf 89' lang='lat' dir='ltr'>Collegio</span> <span class='ocrx_word' id='word_1_273' title='bbox 1292 3994 1417 4048; x_wconf 91' lang='lat' dir='ltr'>nostro</span> 
     </span>
     <span class='ocr_line' id='line_1_35' title="bbox 212 4077 1414 4170; baseline 0.005 -22"><span class='ocrx_word' id='word_1_274' title='bbox 212 4077 348 4167; x_wconf 82' lang='lat' dir='ltr'>habetur)</span> <span class='ocrx_word' id='word_1_275' title='bbox 362 4088 649 4170; x_wconf 91' lang='lat' dir='ltr'>praelectionem,</span> <span class='ocrx_word' id='word_1_276' title='bbox 665 4089 824 4151; x_wconf 92' lang='lat' dir='ltr'>nonnulli</span> <span class='ocrx_word' id='word_1_277' title='bbox 839 4087 946 4152; x_wconf 90' lang='lat' dir='ltr'>etiam</span> <span class='ocrx_word' id='word_1_278' title='bbox 961 4107 1006 4152; x_wconf 85' lang='lat' dir='ltr'>ex</span> <span class='ocrx_word' id='word_1_279' title='bbox 1027 4090 1160 4153; x_wconf 90' lang='lat' dir='ltr'>nostris</span> <span class='ocrx_word' id='word_1_280' title='bbox 1184 4091 1220 4154; x_wconf 92' lang='lat' dir='ltr'>in</span> <span class='ocrx_word' id='word_1_281' title='bbox 1241 4091 1414 4155; x_wconf 75' lang='lat' dir='ltr'>uniuersi-</span> 
     </span>
     <span class='ocr_line' id='line_1_36' title="bbox 213 4192 1413 4275; baseline 0.009 -26"><span class='ocrx_word' id='word_1_282' title='bbox 213 4193 449 4261; x_wconf 87' lang='lat' dir='ltr'>tateaDoctore</span> <span class='ocrx_word' id='word_1_283' title='bbox 460 4192 867 4275; x_wconf 88' lang='lat' dir='ltr'>Morgouejo,canonum</span> <span class='ocrx_word' id='word_1_284' title='bbox 879 4195 914 4258; x_wconf 93' lang='lat' dir='ltr'>in</span> <span class='ocrx_word' id='word_1_285' title='bbox 926 4195 1050 4260; x_wconf 89' lang='lat' dir='ltr'>eadem</span> <span class='ocrx_word' id='word_1_286' title='bbox 1061 4197 1413 4262; x_wconf 73' lang='lat' dir='ltr'>uniuersitatelecto·</span> 
     </span>
     <span class='ocr_line' id='line_1_37' title="bbox 213 4299 1416 4385; baseline -0.002 -15"><span class='ocrx_word' id='word_1_287' title='bbox 213 4306 256 4370; x_wconf 60' lang='lat'>¹⁹1</span> <span class='ocrx_word' id='word_1_288' title='bbox 268 4312 369 4383; x_wconf 84' lang='lat' dir='ltr'>eaput,</span> <span class='ocrx_word' id='word_1_289' title='bbox 385 4300 488 4383; x_wconf 88' lang='lat' dir='ltr'>cujus</span> <span class='ocrx_word' id='word_1_290' title='bbox 502 4302 641 4366; x_wconf 90' lang='lat' dir='ltr'>initium</span> <span class='ocrx_word' id='word_1_291' title='bbox 656 4311 725 4381; x_wconf 89' lang='lat' dir='ltr'>est,</span> <span class='ocrx_word' id='word_1_292' title='bbox 747 4299 861 4366; x_wconf 80' lang='lat' dir='ltr'>Omns</span> <span class='ocrx_word' id='word_1_293' title='bbox 880 4319 1075 4374; x_wconf 80' lang='lat' dir='ltr'>vrnrusoua</span> <span class='ocrx_word' id='word_1_294' title='bbox 1097 4321 1218 4377; x_wconf 68' lang='lat' dir='ltr'>saxos</span> <span class='ocrx_word' id='word_1_295' title='bbox 1239 4304 1282 4367; x_wconf 84' lang='lat' dir='ltr'>de</span> <span class='ocrx_word' id='word_1_296' title='bbox 1290 4306 1416 4385; x_wconf 84' lang='lat' dir='ltr'>poem&#39;-</span> 
     </span>
     <span class='ocr_line' id='line_1_38' title="bbox 215 4398 1419 4493; baseline 0.007 -25"><span class='ocrx_word' id='word_1_297' title='bbox 215 4398 311 4485; x_wconf 63' lang='lat' dir='ltr'>teuta,</span> <span class='ocrx_word' id='word_1_298' title='bbox 332 4411 491 4475; x_wconf 90' lang='lat' dir='ltr'>audiunt.</span> <span class='ocrx_word' id='word_1_299' title='bbox 518 4409 582 4475; x_wconf 88' lang='lat' dir='ltr'>Est</span> <span class='ocrx_word' id='word_1_300' title='bbox 601 4409 659 4473; x_wconf 91' lang='lat' dir='ltr'>ille</span> <span class='ocrx_word' id='word_1_301' title='bbox 678 4408 822 4490; x_wconf 91' lang='lat' dir='ltr'>quidem</span> <span class='ocrx_word' id='word_1_302' title='bbox 845 4408 902 4472; x_wconf 93' lang='lat' dir='ltr'>vir</span> <span class='ocrx_word' id='word_1_303' title='bbox 918 4418 1014 4472; x_wconf 89' lang='lat' dir='ltr'>certe</span> <span class='ocrx_word' id='word_1_304' title='bbox 1029 4409 1189 4474; x_wconf 89' lang='lat' dir='ltr'>eruditus</span> <span class='ocrx_word' id='word_1_305' title='bbox 1208 4423 1243 4475; x_wconf 93' lang='lat' dir='ltr'>et</span> <span class='ocrx_word' id='word_1_306' title='bbox 1268 4413 1339 4493; x_wconf 86' lang='lat' dir='ltr'>qui,</span> <span class='ocrx_word' id='word_1_307' title='bbox 1356 4432 1419 4476; x_wconf 90' lang='lat' dir='ltr'>va·</span> 
     </span>
     <span class='ocr_line' id='line_1_39' title="bbox 215 4507 1418 4599; baseline 0.007 -23"><span class='ocrx_word' id='word_1_308' title='bbox 215 4507 360 4582; x_wconf 55' lang='lat' dir='ltr'>cationum</span> <span class='ocrx_word' id='word_1_309' title='bbox 379 4527 564 4582; x_wconf 88' lang='lat' dir='ltr'>transacto</span> <span class='ocrx_word' id='word_1_310' title='bbox 584 4526 754 4596; x_wconf 90' lang='lat' dir='ltr'>tempore,</span> <span class='ocrx_word' id='word_1_311' title='bbox 780 4515 915 4596; x_wconf 91' lang='lat' dir='ltr'>primae</span> <span class='ocrx_word' id='word_1_312' title='bbox 940 4515 1146 4581; x_wconf 89' lang='lat' dir='ltr'>cathedram</span> <span class='ocrx_word' id='word_1_313' title='bbox 1171 4521 1418 4599; x_wconf 89' lang='lat' dir='ltr'>praelecturus</span> 
     </span>
     <span class='ocr_line' id='line_1_40' title="bbox 219 4606 1414 4709; baseline 0.022 -43"><span class='ocrx_word' id='word_1_314' title='bbox 219 4606 263 4673; x_wconf 89' lang='lat' dir='ltr'>sit.</span> <span class='ocrx_word' id='word_1_315' title='bbox 275 4614 365 4701; x_wconf 82' lang='lat' dir='ltr'>cujus</span> <span class='ocrx_word' id='word_1_316' title='bbox 378 4643 424 4689; x_wconf 90' lang='lat' dir='ltr'>ex</span> <span class='ocrx_word' id='word_1_317' title='bbox 438 4624 591 4690; x_wconf 88' lang='lat' dir='ltr'>lectione</span> <span class='ocrx_word' id='word_1_318' title='bbox 606 4641 678 4688; x_wconf 92' lang='lat' dir='ltr'>non</span> <span class='ocrx_word' id='word_1_319' title='bbox 693 4621 905 4686; x_wconf 89' lang='lat' dir='ltr'>mediocrem</span> <span class='ocrx_word' id='word_1_320' title='bbox 921 4623 1050 4687; x_wconf 86' lang='lat' dir='ltr'>fratres</span> <span class='ocrx_word' id='word_1_321' title='bbox 1065 4624 1218 4689; x_wconf 80' lang='lat' dir='ltr'>fructum</span> <span class='ocrx_word' id='word_1_322' title='bbox 1230 4630 1414 4709; x_wconf 86' lang='lat' dir='ltr'>colligunt.</span> 
     </span>
    </p>
   </div>
   <div class='ocr_carea' id='block_1_3' title="bbox 0 0 1617 5392">
    <p class='ocr_par' dir='ltr' id='par_1_7' title="bbox 0 0 1617 5392">
     <span class='ocr_line' id='line_1_41' title="bbox 0 0 1617 5392; baseline 0 0"><span class='ocrx_word' id='word_1_323' title='bbox 0 0 1617 5392; x_wconf 95' lang='lat' dir='ltr'> </span> 
     </span>
    </p>
   </div>
  </div>
 </body>
</html>
