3210 5392
651 448 713 506 ΑΝ.
736 449 805 508 tnta
1291 447 1345 505 427

124 592 181 653 uel
192 593 291 655 animi
306 594 361 655 uel
373 594 534 673 corporis
550 593 656 673 quieti
672 593 757 656 dare
773 595 936 670 solemus
951 611 1044 656 nunc
1057 594 1266 674 intempesta
1282 613 1343 656 no-

122 706 179 759 cte
194 700 315 762 uocati.
341 698 516 762 Immensa
538 709 655 763 tamen
672 699 803 764 Christi
828 700 969 762 bonitas
984 718 1048 763 sua
1068 718 1134 763 nos
1155 702 1341 763 clementia

120 801 171 865 ita
186 806 276 869 fouet
290 816 324 869 et
339 817 490 883 recreat,
508 816 547 869 ut
561 806 660 869 oneri
675 823 899 886 nequaquam
920 806 1201 882 succumbamus
1224 823 1342 885 quam-

118 925 224 988 quam
239 932 259 976 a
274 914 421 977 medicis
436 914 674 992 proclametur
690 912 803 992 majus
824 913 907 975 illud
928 930 1005 976 esse
1021 929 1127 991 quam
1147 923 1185 975 ut
1205 930 1225 974 a
1241 913 1341 975 nobis

114 1020 280 1083 sustineri
295 1022 406 1100 possit
423 1030 484 1083 aut
499 1020 635 1095 debeat;
650 1037 715 1082 nec
728 1020 856 1082 mirum
867 1019 980 1082 uideri
993 1019 1023 1082 si
1035 1020 1130 1081 uires
1142 1037 1206 1081 nos
1219 1036 1338 1098 corpo·

113 1121 168 1185 ris
180 1127 258 1190 talia
271 1136 442 1190 conantes
454 1125 618 1190 deficiant
633 1126 835 1205 aliquando.
852 1125 1108 1188 Verumtamen
1124 1126 1154 1188 si
1169 1128 1265 1188 salus
1281 1143 1339 1188 no-

111 1236 193 1294 stra
205 1232 440 1312 auxiliumque
456 1245 616 1296 nostrum
632 1231 794 1295 Christus
809 1242 872 1310 cst,
890 1249 993 1312 quem
1005 1232 1219 1295 timebimus?
1236 1232 1339 1310 Quod

111 1334 145 1395 Si
161 1341 252 1402 uires
267 1341 430 1419 corporis
446 1339 680 1416 amiserimus
697 1339 775 1418 quis
791 1356 862 1400 non
878 1340 1061 1418 praeclare
1077 1354 1197 1414 secum
1220 1349 1338 1402 actum

111 1447 259 1522 putabit,
277 1464 357 1509 cum
377 1447 412 1508 in
428 1444 502 1524 ejus
523 1446 693 1508 honorem
712 1445 950 1508 ualetudinem
972 1463 1072 1508 suam
1094 1446 1301 1524 impenderit
1317 1464 1338 1507 a

110 1560 188 1624 quo
201 1563 344 1632 accepta
359 1562 429 1623 est,
447 1570 467 1613 a
488 1569 556 1632 quo
577 1553 672 1615 uelut
695 1552 833 1631 aquilae
850 1550 994 1630 juuenta
1010 1553 1257 1615 renouabitur?
1272 1553 1339 1615 Per

109 1649 279 1721 finitimos
294 1660 398 1722 etiam
416 1659 564 1738 populos
580 1657 768 1721 Societatis
783 1660 878 1722 fama
894 1659 942 1720 ita
958 1659 1169 1737 percrebuit,
1187 1669 1223 1721 ut
1239 1660 1338 1722 multi

106 1752 188 1831 jam
195 1782 233 1827 ea
245 1768 356 1828 solum
365 1766 481 1843 gratia
491 1764 708 1827 Placentiam
716 1766 888 1837 uenerint,
898 1775 934 1827 ut
944 1765 1102 1828 alicuiex
1114 1767 1245 1828 nostris
1257 1784 1336 1828 con-

108 1860 304 1947 fiterentur;
315 1873 406 1952 quod
419 1873 448 1934 si
460 1872 584 1934 Patres
595 1872 704 1952 aliqui
715 1890 757 1934 eo
769 1873 1002 1950 mitterentur,
1016 1883 1112 1935 certo
1124 1872 1255 1935 scimus
1264 1875 1334 1952 plu·

110 1971 243 2041 simum
262 1980 341 2042 illos
359 1980 527 2058 spiritalis
539 1978 675 2041 fructus
691 1981 856 2041 lecturos.
877 1978 981 2041 Pater
1007 1992 1123 2042 tamen
1147 1978 1336 2042 Villanoua

107 2090 187 2147 non
200 2085 303 2148 audet
315 2085 380 2148 hoc
397 2098 554 2165 tempore
567 2085 712 2148 Patrum
724 2102 906 2148 numerum
919 2087 1137 2162 imminuere,
1153 2086 1212 2166 qui
1226 2089 1335 2149 multo

105 2186 227 2254 minor
241 2203 415 2277 estquam
430 2205 467 2255 ut
483 2192 588 2255 messi
604 2192 765 2269 sufficiat,
781 2209 888 2272 quam
901 2191 1074 2255 Dominus
1090 2190 1192 2255 affert
1208 2193 1243 2255 in
1259 2210 1334 2255 ma·

103 2302 183 2359 nus
196 2292 401 2362 messorum.

175 2404 277 2469 Venit
302 2406 348 2468 nd
373 2423 449 2477 nos,
474 2405 628 2468 nondum
653 2416 778 2468 exacta
803 2405 1106 2486 quadragessima,
1136 2406 1333 2486 Episcopus

100 2495 347 2589 Placentinus,
365 2513 452 2575 satis
467 2513 608 2592 quidem
623 2512 667 2575 ab
683 2513 809 2576 ouibus
829 2523 1047 2593 expectatus,
1070 2513 1127 2575 cui
1146 2513 1335 2576 aduenien-

98 2608 145 2689 ti,
170 2636 258 2682 nouo
274 2619 425 2699 quodam
441 2620 611 2698 applausu
628 2628 661 2682 et
676 2620 809 2682 laetitia
828 2622 1003 2694 exultans
1024 2620 1191 2683 uniuersa
1207 2621 1333 2683 ciuitas

95 2718 298 2789 aduentum
324 2725 568 2804 congratulari
590 2725 683 2802 uisa,
705 2725 799 2805 quod
824 2724 1037 2789 Societatem
1060 2726 1153 2788 domi
1176 2728 1332 2806 excepis-

93 2833 178 2910 Set,
201 2833 301 2913 quasi
324 2850 437 2895 nouas
462 2831 635 2912 quasdam
655 2832 752 2895 iaces
778 2833 933 2895 admouit
959 2845 997 2894 ut
1022 2833 1088 2895 hoc
1114 2851 1202 2912 opus
1222 2836 1331 2895 multo

90 2921 277 3001 illustrius
291 2938 430 3009 efficiat,
454 2938 682 3018 pluribusque
699 2939 869 3018 operariis
890 2952 1019 3018 augeat
1036 2957 1141 3019 quam
1158 2941 1331 3020 principio

89 3042 289 3108 Statuerat.
307 3045 429 3126 Itaque
444 3062 525 3108 cum
540 3045 690 3125 primurn
712 3046 777 3108 sibi
792 3045 889 3108 licuit
904 3063 967 3125 per
986 3047 1234 3124 ualetudinem,
1251 3064 1331 3110 cum

87 3130 274 3215 Praetore
288 3161 323 3215 et
338 3151 608 3230 Magistratibus
636 3151 792 3215 ciuitatis
812 3153 936 3215 urbem
960 3155 1097 3228 lustrat,
1119 3153 1150 3216 si
1171 3152 1262 3215 sorte
1285 3156 1331 3215 lo·

87 3257 311 3339 cusaliquis
326 3268 493 3321 occurrat
516 3258 574 3321 ubi
600 3259 768 3336 ecclesia,
793 3259 992 3337 collegium,
1015 3259 1215 3339 gymnasia,
1240 3277 1330 3322 com·

84 3362 208 3428 mode
223 3366 359 3446 possint
375 3363 566 3443 aedificari,
584 3383 628 3427 ne
644 3383 713 3445 qua
732 3383 790 3428 res
810 3366 1057 3445 impedimento
1078 3366 1122 3429 sit
1145 3368 1333 3446 quominus

83 3468 204 3537 ⁰Deri
218 3472 318 3535 detur
340 3472 489 3549 initium,
509 3481 547 3535 ut
567 3472 632 3534 sibi
655 3469 770 3550 ajebat
792 3473 827 3535 in
855 3473 985 3552 optatis
1010 3490 1099 3536 esse.
1124 3472 1225 3553 Quod
1251 3491 1331 3536 cum

82 3554 222 3639 facere
237 3579 313 3657 ipse
329 3578 444 3655 uellet,
460 3596 530 3641 non
551 3578 675 3641 leuiter
694 3579 800 3641 etiam
816 3590 868 3641 est
883 3581 1074 3642 multorum
1094 3596 1256 3643 sermone
1282 3582 1330 3643 in·

83 3663 314 3748 flammatus.
329 3683 442 3747 Orare
457 3683 627 3748 Rectores
643 3685 795 3748 ciuitatis
810 3686 896 3748 nihil
914 3697 1069 3749 moretur
1085 3687 1144 3749 ubi
1166 3689 1225 3751 ubi
1247 3690 1330 3751 uelit

83 3768 330 3854 fundamenta
344 3790 476 3870 jacere.
489 3790 577 3854 Pars
592 3793 755 3871 proprias
767 3792 903 3870 domos,
920 3794 950 3864 si
966 3811 1054 3873 opus
1070 3807 1174 3873 esset,
1192 3797 1328 3875 partiri,

84 3892 192 3957 pars
210 3909 327 3961 autem
348 3898 508 3975 integras
527 3895 697 3962 Societati
719 3899 887 3978 polliceri.
910 3899 968 3962 Ad
990 3917 1165 3963 summam
1185 3902 1330 3963 inuenta

86 3998 168 4058 est
179 4000 207 4066 in
222 4005 308 4067 urbe
324 4020 409 4067 area
425 4004 469 4066 ad
485 4003 718 4067 edificandum
734 4005 928 4084 aptissima,
950 4008 1061 4069 altera
1077 4007 1132 4070 sui
1144 4017 1244 4088 parte
1257 4025 1328 4070 mu·

90 4106 187 4169 rum
199 4122 360 4191 tangens.
378 4110 513 4175 Ciuitas
529 4122 665 4174 tantum
682 4112 759 4190 agri
782 4124 883 4175 extra
899 4114 1022 4176 urbem
1045 4115 1140 4178 dedit
1160 4126 1329 4194 quantum

88 4211 249 4280 petitum
264 4229 334 4281 est:
351 4219 387 4281 in
403 4219 480 4297 ipso
496 4228 615 4281 autem
630 4236 741 4296 muro,
758 4236 827 4298 quo
843 4222 958 4283 nullus
974 4231 1027 4283 est
1047 4222 1082 4284 in
1108 4222 1163 4284 his
1178 4223 1326 4298 regioni·

89 4299 176 4377 bus
188 4325 434 4403 praestantior,
447 4323 593 4403 januam
613 4325 743 4405 aperiri
768 4327 949 4405 permittit,
972 4345 1062 4407 quae
1083 4328 1127 4390 ad
1149 4328 1270 4391 hortos
1294 4330 1328 4392 in

89 4407 191 4487 (¹³10
218 4447 304 4511 agro
332 4432 434 4495 nobis
463 4432 701 4495 conserendus
730 4450 794 4495 nos
820 4436 934 4496 solum
968 4433 1073 4497 ducat
1103 4445 1137 4497 et
1169 4436 1327 4514 reducat,

90 4530 245 4600 Omnem
259 4548 445 4618 praeterea
462 4556 607 4618 operam
629 4557 805 4619 propenso
829 4540 980 4620 quodam
1003 4541 1121 4604 animo
1136 4552 1171 4605 et
1192 4543 1329 4606 liberali

92 4634 259 4708 quadam
272 4646 500 4725 gratitudine,
517 4646 548 4708 si
563 4664 631 4726 qua
648 4648 682 4709 in
699 4665 736 4710 re
751 4648 918 4727 prodesse
939 4650 1060 4728 possit,
1077 4651 1213 4729 pastori
1233 4651 1328 4731 polli-
