3210 5392
577 424 747 483 Lmrsaae
761 440 1031 493 Quaoarnasraus

336 940 547 991 Praecedenrium
561 940 708 996 Hieronymi
719 943 750 986 de
764 943 873 997 Ripalda
888 944 1035 987 litterarum
1048 943 1131 987 latina
1149 945 1235 986 versio
1251 945 1267 982 Ι.

245 1629 321 1693 R.‘¹e
344 1632 378 1693 in
395 1630 535 1694 Christo
552 1629 667 1693 Pater.

245 1736 371 1801 Gratia
386 1748 420 1801 et
435 1755 506 1818 pax
520 1735 664 1799 Domini
675 1737 787 1799 nostri
801 1737 885 1819 Jesu
900 1735 1033 1802 Christi
1046 1739 1091 1802 sit
1108 1755 1249 1820 semper
1264 1741 1298 1802 in
1309 1729 1403 1802 πεί

186 1844 360 1907 omnibus,
377 1844 503 1907 Amen.

243 1950 371 2014 Noster
386 1950 424 2013 P.
443 1949 578 2014 Doctor
594 1949 755 2030 Baptista
776 1950 956 2030 profectus
978 1963 1031 2015 est
1056 1951 1293 2033 Complutum,
1313 1960 1348 2016 ut

183 2056 358 2137 quaedam
382 2065 505 2136 ageret
530 2057 678 2136 negocia
702 2057 814 2120 nostri
835 2056 984 2138 Collegii
1009 2058 1283 2140 complutensis,
1308 2071 1403 2141 qua

183 2173 283 2226 tanta
308 2165 508 2226 animorum
522 2163 655 2225 laetitia
678 2163 807 2225 fratres
831 2165 925 2227 illius
947 2164 1095 2245 Collegii
1121 2178 1349 2247 exceperunt,

182 2279 304 2350 aperte
321 2271 542 2333 declararent
557 2270 784 2350 desyderium
799 2288 979 2350 magnum,
997 2290 1066 2352 quo
1081 2273 1153 2336 iam
1165 2291 1187 2336 a
1202 2276 1312 2338 multo
1327 2284 1377 2337 te:

183 2393 270 2456 pore
285 2378 330 2440 ad
345 2395 425 2441 eum
441 2394 551 2457 usque
567 2378 658 2441 diem
674 2377 925 2456 flagrauerant,
952 2377 1126 2442 aduentus
1151 2381 1240 2444 eius.
1263 2380 1332 2445 Sed
1349 2396 1403 2443 ι’,

181 2493 404 2563 peruenerat,
429 2501 510 2546 cum
524 2484 570 2546 ad
584 2500 664 2546 eum
679 2485 745 2561 sui,
763 2502 868 2564 quam
883 2484 959 2564 ipse
979 2486 1160 2566 uoluisset,
1182 2488 1403 2551 studiosior:

185 2601 425 2669 accesserunt,
452 2592 510 2671 qui
532 2608 669 2653 summo
694 2592 810 2654 studio
837 2590 1076 2671 efflagitarunt
1102 2606 1139 2656 ut
1165 2594 1291 2657 diebus
1314 2595 1403 2657 fes-

184 2699 355 2777 proximis
379 2697 583 2760 Natiuitatis
606 2697 748 2760 Domini
776 2699 880 2761 uellet
908 2698 1000 2777 apud
1023 2716 1062 2762 se
1086 2700 1219 2764 habere
1241 2700 1403 2782 quasdffi

184 2806 384 2867 conciones:
401 2822 463 2867 eas
479 2804 612 2879 habuit,
630 2815 675 2881 et,
697 2816 734 2867 ut
753 2806 854 2867 nobis
869 2805 929 2885 qui
949 2806 1182 2870 interfuerant
1201 2807 1273 2871 illie
1287 2821 1403 2871 teuc

184 2912 327 2987 tiarunt,
344 2928 476 2989 magno
496 2911 697 2973 auditorum
717 2912 889 2991 applausu
911 2912 1051 2974 fuerunt
1076 2924 1261 2994 exceptae,
1278 2915 1334 2978 cui
1354 2926 1403 2976 Ι

183 3019 247 3081 fuit
263 3028 472 3097 argumento
488 3034 639 3096 magnus
654 3035 821 3081 numerus
836 3035 969 3096 eorum,
987 3021 1045 3098 qui
1062 3036 1143 3082 eum
1159 3020 1313 3084 audituri
1328 3031 1403 3084 cc:

182 3126 383 3187 currebant.
400 3124 540 3187 Etcum
554 3141 619 3186 nec
636 3136 774 3186 rectore
788 3125 869 3187 illus
884 3125 1099 3201 academiae,
1117 3144 1183 3189 nec
1203 3126 1403 3190 doctoril'

183 3232 271 3309 aliis,
286 3248 417 3310 magna
432 3231 610 3309 grauitate
627 3230 721 3307 uiriS,
746 3231 938 3310 quidquam
961 3231 1139 3310 denegare
1156 3232 1263 3297 Pater
1278 3251 1403 3314 poss·

181 3349 329 3401 coactus
344 3349 396 3399 cst
418 3337 543 3399 horum
569 3337 732 3416 precibus
757 3347 791 3399 et
816 3355 923 3400 suasu
949 3355 1055 3418 saepe
1082 3341 1272 3420 perpaucis
1287 3341 1403 3404 diei:

181 3446 397 3507 concionari.
416 3443 604 3507 Caeterum
619 3445 685 3506 hac
702 3444 744 3506 de
761 3463 798 3507 re
814 3445 992 3523 copiosius
1007 3447 1137 3508 certior
1149 3446 1208 3510 fiet
1221 3447 1261 3511 T.
1275 3447 1350 3513 Ra·

182 3569 245 3631 per
260 3551 426 3630 epistolas
446 3549 597 3613 fratrum
612 3550 925 3629 Complutensium,
943 3551 1060 3631 quide
1079 3569 1129 3631 re,
1151 3571 1260 3634 quam
1279 3555 1342 3635 ipsi
1390 3563 1403 3571 ·

182 3657 308 3733 derint,
326 3658 456 3719 certius
471 3658 624 3720 scribent
640 3675 746 3736 quam
762 3675 837 3734 nos,
855 3659 915 3738 qui
931 3660 1038 3733 (uelut
1053 3659 1139 3737 dixi)
1155 3671 1298 3740 praeter
1311 3679 1371 3724 au.
1382 3674 1403 3708 ¹

181 3774 255 3827 tum
270 3764 441 3826 habemus
456 3765 551 3826 nihil.
570 3763 677 3827 Venit
693 3765 817 3826 deinde
834 3764 1019 3844 Compluto
1034 3764 1205 3845 Concam,
1223 3769 1346 3850 ibique,

179 3872 350 3934 Doctoris
365 3870 550 3949 Vergarae
566 3872 785 3951 aliorumque
806 3871 863 3950 pio
884 3871 1070 3950 desyderio
1090 3873 1324 3953 satisfaceret,
1345 3880 1403 3936 5

180 3978 319 4057 quoties
335 3977 565 4039 concionatus
582 3987 645 4054 est,
663 3976 807 4056 ejusque
823 3979 896 4039 vita
913 3987 946 4039 et
956 3977 1117 4041 doctrina
1133 3979 1183 4057 (ut
1201 3982 1379 4061 eademq
1401 3989 1403 3992 ’

180 4085 282 4164 coepi
297 4086 469 4146 breuitate
485 4100 560 4146 rem
575 4084 782 4163 prosequar)
799 4102 868 4146 non
885 4085 1001 4146 minus
1025 4094 1151 4163 gratae
1176 4087 1288 4167 fuere,
1300 4094 1403 4170 qu‘d

180 4192 318 4253 fuerant
334 4191 412 4253 aliis
428 4191 463 4252 in
479 4190 577 4269 locis,
595 4194 630 4252 in
650 4192 775 4271 quibus
792 4208 919 4253 munus
944 4191 1037 4254 idem
1058 4194 1298 4271 praestiterat.
1317 4195 1403 4259 Τί

181 4299 270 4376 dem,
288 4316 424 4361 summo
441 4307 474 4360 et
490 4298 624 4360 itineris
646 4307 678 4360 et
696 4299 882 4377 asperrimi
902 4298 1071 4378 temporis
1095 4300 1239 4382 labore,
1262 4302 1403 4367 Caesfi

181 4415 370 4483 augustam
388 4405 559 4483 peruenit,
577 4405 636 4466 ubi
651 4405 768 4466 statim
784 4405 816 4466 ei
836 4407 1001 4484 templum
1024 4406 1182 4470 oblatum
1197 4419 1262 4487 est,
1284 4411 1319 4473 in
1336 4416 1403 4490 (1

210 4646 216 4675 ¹
248 4644 433 4698 Autographae
445 4644 538 4697 duplici
552 4644 621 4693 folio,
632 4654 675 4685 nn,
690 4643 730 4685 lo?
740 4650 764 4685 et
775 4644 823 4684 iol.
