3210 5392
248 439 300 497 148
632 437 804 495 errsnan
823 451 1095 504 Quapnlunsrans

245 600 332 663 pore
357 592 417 644 aut
441 583 531 644 loco.
552 580 675 644 Lectio
696 580 808 660 Pauli,
835 581 1038 661 aliquandiu
1066 581 1284 659 intermissa,
1311 580 1480 661 proximo

174 688 176 693 ’
245 706 367 752 mense
381 697 561 767 resumpta
585 699 649 763 est,
672 705 887 768 quamquam
908 705 979 751 non
997 689 1193 763 abeodem,
1210 704 1315 768 aquo
1332 695 1416 751 ante
1432 688 1480 752 le·

244 796 406 875 gebatur,
418 795 535 858 Patre.
551 792 624 858 Nec
637 795 768 858 habent
782 796 876 875 quod
898 795 941 858 de
957 796 1058 859 uerbi
1072 794 1139 859 Dei
1155 795 1302 875 penuria
1318 794 1480 859 Messani

245 911 450 983 querantur.
467 902 557 965 Tres
570 901 671 965 Pauli
693 903 863 982 epistolas
882 903 1172 983 interpretantur,
1194 903 1313 982 plures
1335 903 1481 966 concio·

244 1019 387 1087 nantur,
406 1008 466 1071 alii
487 1008 595 1071 etiam
615 1008 685 1071 alia
704 1010 837 1088 legunt.
859 1007 933 1071 Nec
957 1009 1128 1072 inutiliter
1152 1009 1313 1087 omnino;
1333 1018 1481 1088 praeter

243 1117 339 1178 enim
356 1132 429 1192 eos,
453 1115 513 1196 qui
533 1115 627 1195 apud
647 1132 712 1179 nos
731 1115 953 1195 confitentur,
974 1116 1034 1197 qui
1059 1134 1146 1179 sane
1165 1115 1264 1180 multi
1286 1126 1381 1195 sunt,
1397 1117 1480 1180 aliis

243 1239 383 1302 quoque
398 1221 434 1284 in
449 1223 589 1300 templis
604 1222 767 1302 permulti
781 1221 983 1300 audiuntur;
999 1234 1033 1286 et
1055 1222 1091 1285 in
1106 1221 1371 1302 Assumptionis
1386 1222 1480 1287 festo

245 1328 376 1391 Beatae
392 1328 554 1407 Virginis
569 1328 811 1408 praedicatum
826 1328 937 1391 estin
957 1329 1025 1391 hac
1048 1329 1134 1391 urbe
1149 1346 1220 1392 non
1235 1329 1354 1392 minus
1368 1345 1479 1409 quam

244 1435 299 1498 bis
313 1435 408 1497 mille
419 1434 579 1498 homines
601 1434 646 1497 ad
662 1434 1063 1500 sacrumEucharistiae
1079 1445 1342 1499 sacramentum
1357 1453 1479 1499 acces·

244 1543 347 1604 sisse.
370 1540 467 1605 Idem
481 1541 564 1605 fecit
579 1553 613 1604 et
629 1541 775 1620 Prorex,
793 1542 851 1621 qui
866 1541 907 1605 R.
924 1540 962 1604 P.
980 1541 1136 1606 Antonio
1157 1541 1287 1617 Vinch,
1304 1542 1398 1622 quod
1414 1541 1482 1606 Re·

245 1648 421 1711 verendus
442 1647 480 1710 P.
504 1646 733 1727 Praepositus
758 1648 910 1725 abesset,
934 1660 987 1712 est
1007 1648 1200 1712 confessus.
1228 1649 1480 1713 Ferdinnndus

244 1773 394 1834 quoque,
412 1755 488 1818 eius
510 1754 630 1830 frater,
655 1754 844 1828 confitendi
865 1755 1221 1837 communicandique
1235 1772 1348 1819 causa
1361 1773 1406 1819 ea
1422 1755 1480 1820 die

245 1879 284 1922 se
300 1861 345 1924 ad
370 1861 558 1940 collegium
583 1870 743 1924 nostrum
759 1861 919 1924 contulit.
936 1861 1057 1942 Neque
1071 1879 1157 1925 nero
1173 1879 1285 1942 parua
1304 1862 1340 1925 in
1355 1864 1480 1943 pleris-

245 1985 314 2048 que
329 1985 464 2047 eorum,
481 1969 542 2047 qui
557 1967 650 2048 apud
665 1986 731 2030 nos
752 1969 1026 2046 communicant,
1042 1969 1199 2032 cernitur
1213 1969 1368 2048 deuotio;
1384 1971 1479 2033 hanc

244 2075 340 2137 enim
354 2084 389 2137 et
403 2076 609 2154 lachrymae
624 2084 658 2136 et
673 2075 826 2151 habitus,
844 2084 878 2137 et
889 2076 1061 2155 imprimis
1075 2075 1201 2139 mutati
1215 2093 1344 2155 mores,
1361 2085 1478 2140 osten-

246 2183 345 2245 dunt.
359 2181 450 2244 Nam
464 2192 545 2245 sunt
562 2182 688 2261 quibus
700 2198 720 2242 a
733 2182 890 2261 peccatis
901 2182 956 2260 (de
972 2183 1180 2246 mortalibus
1192 2183 1329 2264 loquor)
1346 2182 1478 2246 disces·

245 2290 335 2351 sisse
355 2306 426 2351 non
446 2300 499 2350 est
521 2289 619 2350 satis:
643 2286 688 2350 ad
710 2288 970 2367 assequendum
990 2288 1217 2368 perfectionis
1240 2289 1380 2369 apicem
1406 2308 1479 2353 non

245 2396 391 2474 segnius
406 2412 512 2474 quam
533 2395 646 2474 quiin
668 2395 894 2458 monasteriis
914 2395 1068 2474 perfecte
1089 2396 1224 2474 uiuunt,
1245 2396 1416 2476 aspirant,
1439 2408 1479 2459 ut

244 2520 316 2582 qua
332 2519 368 2564 re
384 2519 422 2564 se
438 2499 514 2563 Deo
530 2501 688 2563 cariores
704 2501 778 2563 fore
793 2511 929 2581 putent,
942 2518 1021 2563 eam
1037 2511 1157 2582 agant,
1170 2502 1257 2565 uelit
1274 2502 1363 2566 nolit
1379 2520 1479 2567 mun-

245 2610 312 2671 dus
324 2618 358 2672 et
370 2627 465 2672 caro.
480 2608 568 2684 Hoc,
583 2608 664 2688 quia
677 2626 747 2670 non
759 2609 802 2670 de
814 2626 884 2671 uno
894 2619 955 2671 aut
967 2611 1078 2672 altero
1087 2627 1211 2673 uerum
1221 2610 1479 2689 est,sigillatim

244 2734 317 2780 non
332 2725 428 2779 tento
443 2714 572 2777 dicere.
589 2714 677 2778 Illud
692 2715 833 2790 habet0,
849 2714 890 2777 R.
908 2713 959 2791 P,
977 2716 1012 2777 in
1028 2715 1231 2779 uniuersum
1247 2735 1319 2780 non
1340 2734 1480 2797 paucos

244 2841 336 2901 esse,
350 2833 384 2886 et
399 2841 460 2885 eos
472 2822 684 2885 conditionis
700 2840 770 2884 non
786 2821 937 2898 infimae,
954 2823 1090 2901 quibus,
1108 2823 1137 2885 si
1153 2821 1236 2903 quid
1251 2824 1393 2886 aduersi
1417 2841 1480 2887 ac-

245 2931 383 3007 ciderit,
400 2930 430 2993 si
449 2938 617 3007 aegrotos
640 2945 718 2991 esse
737 2929 938 3007 contigerit,
964 2929 1090 2991 maiori
1111 2947 1149 2991 se
1164 2930 1272 2992 animi
1287 2929 1480 2993 liberalita-

245 3049 281 3100 te
296 3048 330 3101 et
345 3038 522 3100 hilaritate
537 3035 614 3098 Deo
631 3035 791 3112 offerunt,
809 3053 914 3115 quam
929 3037 1034 3098 scribi
1049 3037 1172 3116 possit.
1186 3036 1262 3115 Quo
1276 3036 1391 3099 minus
1408 3036 1479 3100 for·

244 3155 341 3207 tasse
353 3143 436 3207 illud
451 3143 681 3223 reputabitur,
698 3142 791 3222 quod
803 3152 922 3204 tamen
941 3153 994 3205 est
1016 3142 1201 3206 Messanae
1221 3159 1402 3222 magnum,
1417 3161 1480 3207 no·

244 3252 333 3313 biles
347 3260 531 3314 matronas
549 3250 619 3311 iam
641 3249 806 3311 didicisse
826 3266 971 3311 suorum
991 3260 1141 3312 mortem
1164 3249 1347 3313 moderate
1368 3250 1477 3328 serre,

245 3375 359 3438 eaque
384 3357 503 3419 iacere
528 3354 687 3432 desiisse,
717 3372 808 3434 quae
833 3356 930 3418 urhis
956 3356 1060 3418 huius
1085 3373 1195 3435 more,
1224 3365 1262 3419 ut
1290 3357 1480 3421 tritissima

245 3466 297 3528 ita
308 3476 343 3527 et
358 3464 571 3544 turpissim0,
590 3471 694 3524 antea
710 3463 881 3539 solebant,
899 3462 1018 3542 siquis
1034 3480 1187 3526 eorume
1202 3464 1294 3527 uiuis
1306 3464 1481 3528 decessis-

245 3581 311 3636 set.
328 3572 372 3635 Et
387 3587 600 3650 quamquam
622 3586 786 3650 propero,
811 3585 899 3647 rogo
924 3580 1042 3631 tamen
1063 3579 1102 3633 ut
1121 3570 1225 3633 unius
1247 3571 1481 3634 mulierculae

243 3679 371 3742 audias
393 3677 640 3740 constantiam.
658 3676 744 3755 Erat
759 3676 847 3738 haec
862 3676 898 3738 in
912 3677 998 3738 urbe
1013 3693 1084 3738 non
1099 3678 1234 3755 ignota;
1251 3688 1400 3758 accepta
1417 3695 1480 3741 au-

244 3796 317 3848 tem
338 3786 403 3848 sub
418 3800 605 3863 uesperum
631 3783 814 3844 cuiusdam
833 3782 973 3844 sabbati
992 3782 1153 3861 coniugis
1173 3794 1298 3862 morte,
1314 3801 1419 3864 quem
1440 3786 1480 3848 in

243 3893 386 3957 Christo
402 3891 569 3969 diligebat
585 3889 780 3967 (eratenim
796 3901 829 3951 et
846 3889 920 3969 ipse
935 3890 989 3951 uir
1009 3890 1098 3968 pius,
1120 3908 1162 3952 ac
1182 3899 1256 3953 tum
1269 3892 1481 3971 negotiatio-

244 4001 299 4063 nis
316 3999 435 4078 gratia
452 4013 599 4078 peregre
616 3995 819 4076 proiectus),
837 4008 980 4075 repente
995 3994 1039 4058 D.
1057 3995 1241 4060 Francisci
1256 3997 1479 4063 habitumin·

243 4108 331 4184 duit,
345 4124 399 4184 ac,
413 4104 533 4168 mundi
547 4103 856 4183 superstitionibus
870 4103 957 4165 nihil
969 4112 1118 4181 morata,
1131 4120 1174 4165 ea
1185 4102 1373 4182 dominica,
1386 4122 1482 4184 quae

244 4214 405 4294 proxime
430 4220 580 4290 sequuta
595 4220 660 4286 est,
678 4210 723 4272 ad
738 4211 907 4288 templum
918 4219 1079 4272 nostrum
1100 4209 1263 4290 accessit,
1285 4211 1481 4292 auditaque

243 4321 429 4397 concione,
455 4318 674 4396 caeterisque
699 4333 763 4396 pro
783 4333 881 4379 more
902 4333 966 4378 suo
981 4314 1097 4392 sactiS,
1115 4315 1259 4379 domum
1274 4317 1389 4397 rediit,
1406 4336 1480 4399 quo

243 4445 325 4490 cum
340 4428 431 4489 irent
445 4423 546 4504 quasi
562 4423 813 4486 consolationis
834 4423 966 4502 aliquid
988 4423 1161 4485 allaturae
1183 4424 1274 4486 aliae
1296 4424 1479 4501 muliereS,

242 4533 330 4597 nihil
354 4533 436 4595 fletu
456 4541 490 4594 et
517 4530 713 4610 lachrymis
738 4546 827 4608 opus
848 4547 937 4609 esse,
963 4529 1078 4609 magis
1098 4538 1217 4592 autem
1236 4528 1314 4594 Deo
1338 4532 1481 4611 gratias

242 4641 413 4720 agendas,
430 4640 528 4701 uultu
543 4637 683 4719 quidem
700 4638 894 4718 moderato,
912 4638 1029 4701 animo
1045 4654 1131 4701 uero
1146 4637 1254 4701 etiam
1269 4637 1305 4701 in
1319 4638 1482 4705 Domino
