3210 5392
656 109 720 166 ΑΝ.
743 109 812 165 lasa
1297 108 1352 165 tta

100 249 216 314 idern
232 264 401 332 praestet,
419 263 456 315 ut
475 253 645 316 foeliciter
668 270 811 315 cursum
828 264 862 316 et
877 255 971 316 uitae
997 263 1031 315 et
1049 254 1219 316 uirtutum
1235 255 1347 317 absol·

99 368 219 435 nant,
235 359 392 440 mihique
406 360 501 422 uires
516 359 694 438 adhibeat,
712 361 839 441 quibus
854 361 986 440 possim
1010 360 1133 423 Patres
1156 370 1189 423 et
1204 361 1350 424 Fratres

100 464 182 527 hos
206 467 255 529 ita
274 475 458 529 currentes
483 467 630 547 insequi,
659 485 770 548 eaque
791 477 986 548 praestare,
1011 467 1055 529 ad
1078 485 1169 547 quae
1194 486 1273 530 mea
1295 486 1349 530 me

99 573 262 635 uocatio
278 573 424 652 obligat,
442 592 485 637 ac
501 583 539 636 ut
554 592 596 637 ea
611 575 752 655 assequi
763 577 915 651 valeam,
933 591 1024 654 quae
1039 584 1076 637 tu
1092 574 1127 637 in
1142 574 1212 637 tuis
1224 575 1350 638 ouibus

98 679 291 742 ardenter
312 680 518 760 desyderas,
543 698 666 743 omnes
692 689 863 761 quotquot
888 697 1010 743 sumus
1025 681 1070 743 ad
1096 681 1131 743 id
1150 681 1265 760 ipsum
1284 699 1350 743 nos

98 792 205 848 tuae
219 786 449 850 Paternitatis
464 787 681 850 orationibus
704 797 738 850 et
760 787 944 851 sacrificiis
969 788 1269 866 commendamus,
1293 805 1350 850 ue·

96 890 179 954 luti
205 902 239 956 te
255 893 375 958 facere
390 894 479 957 citra
494 894 768 958 haesitationem
783 896 969 959 credimus.

173 999 382 1078 Valentiae,
399 1000 564 1065 Calendis
580 1001 675 1081 Maii,
693 1021 786 1066 anno
804 1003 890 1066 1555.

170 1106 279 1171 Tuae
297 1106 391 1171 R.<¹⁸¹e
411 1107 642 1172 Paternitatis
656 1126 784 1173 seruus
800 1110 1066 1189 indignissimus
1083 1110 1118 1172 in
1133 1109 1288 1187 Christo,

693 1324 926 1388 Hmaouruus
947 1343 994 1387 oa
1015 1323 1189 1387 Rffaroa.

587 1963 909 2048 CCCLXXXII

167 2305 347 2365 Antonius
361 2305 529 2367 Cordeses

216 2403 308 2463 Patri
320 2402 449 2477 Ignatio
464 2404 505 2463 de
515 2404 654 2478 Loyola.

250 2501 390 2575 Gaudia,
407 2503 420 2561 1
435 2502 514 2578 Maji
530 2503 599 2562 1555
611 2504 631 2560 ¹.

725 2764 757 2873 †

184 3029 271 3112 Muy
285 3032 363 3097 R.⁶⁰
372 3033 486 3096 Padre
502 3051 546 3095 en
559 3032 790 3114 Jesuchristo.

184 3138 237 3203 La
258 3140 399 3220 gracia,
427 3157 529 3203 amor
553 3159 577 3221 y
599 3159 666 3221 paz
691 3141 733 3204 de
758 3141 953 3223 Jesucristo
978 3151 1123 3204 nuestro
1151 3141 1264 3205 Senor
1294 3161 1354 3206 sea

56 3225 281 3327 Sielnpre
297 3264 340 3310 en
355 3249 386 3310 el
402 3246 520 3310 anima
535 3248 578 3310 de
593 3245 639 3311 V.
653 3246 691 3309 P.
708 3267 732 3328 y
747 3248 790 3310 de
805 3249 920 3311 todos.
938 3248 1064 3312 Amen.

188 3352 238 3417 La
252 3364 416 3435 presente
431 3371 469 3417 es
484 3371 571 3434 para
587 3353 652 3417 dar
661 3356 761 3417 auiso
778 3354 852 3418 aV.
871 3354 908 3417 P.
926 3356 969 3418 de
984 3357 1018 3418 lo
1030 3374 1096 3436 que
1108 3358 1140 3420 el
1152 3355 1274 3433 Senot,
1289 3374 1354 3436 por

51 3441 145 3507 ⁸¹1
180 3456 334 3539 bondad,
351 3465 373 3523 a
387 3461 504 3540 gloria
519 3478 608 3542 suya
623 3464 669 3524 ha
686 3463 818 3525 obrado
834 3480 878 3526 en
893 3464 946 3525 los
961 3474 1087 3544 quatro
1102 3481 1217 3527 meses
1232 3481 1351 3542 passa·

53 3537 199 3625 dos
210 3583 249 3631 en
264 3578 361 3631 estas
377 3579 497 3646 partes
512 3586 578 3649 por
592 3569 645 3632 los
660 3567 793 3631 Padres
804 3588 829 3649 y
843 3569 1043 3632 Hermanos
1059 3571 1158 3633 desta
1173 3587 1269 3633 casa.

186 3666 502 3755 Eprimeramente
517 3676 552 3737 la
566 3673 764 3754 frequentia
780 3675 822 3738 de
839 3677 891 3738 las
907 3676 1147 3740 consessiones
1162 3695 1186 3756 y
1201 3693 1353 3739 commu·

56 3759 248 3844 lliones
263 3799 308 3845 en
323 3790 468 3844 nuestra
483 3781 621 3861 yglesia
637 3781 683 3843 ha
698 3782 774 3845 sido
789 3783 926 3861 grande
941 3800 1007 3863 por
1021 3785 1055 3845 la
1070 3783 1211 3846 bondad
1226 3783 1281 3845 del
1296 3781 1352 3846 Se-

54 3857 200 3941 ¹¹01·
216 3885 315 3952 Hase
331 3886 520 3967 predicatio
536 3888 834 3952 ordinariamente
850 3907 894 3952 en
909 3898 1054 3952 nuestra
1071 3889 1209 3970 yglesia
1225 3892 1278 3952 los
1295 3890 1355 3952 do-

53 3971 264 4068 ruillgos
285 4012 310 4074 y
333 3992 454 4057 fiestas
467 4011 512 4056 en
527 3995 558 4057 el
574 3995 703 4075 tiempo
719 3999 820 4057 antes
835 4014 859 4075 y
874 3996 1024 4076 despues
1038 3995 1082 4058 de
1097 3998 1131 4058 la
1153 4013 1353 4076 quaresma,

50 4077 183 4149 ⁰0¹1
198 4101 336 4165 mucho
349 4117 523 4164 concurso
535 4101 578 4164 de
592 4111 709 4180 gente.
726 4100 821 4180 Digo
833 4107 935 4165 antes
950 4104 1146 4183 ydespues‚
1164 4120 1298 4183 porque
1311 4121 1355 4166 en

71 4216 335 4269 N..-

122 4310 138 4342 .
185 4334 391 4396 Autompnae
401 4340 496 4396 duplici
507 4343 576 4397 tolio,
587 4344 670 4398 primo
681 4354 704 4386 n.
713 4343 760 4393 ott,
769 4344 853 4386 altero
864 4354 913 4386 non
924 4349 1069 4388 numerato.
