3240 5386
586 451 757 514 erroxxn
771 469 1042 523 ooxnnmssrruts

652 1132 970 1217 CDXXXVIII

252 1475 420 1535 Robertus
434 1475 651 1548 Clayssonius

289 1573 378 1631 Patri
391 1572 520 1646 ignatio
535 1573 575 1631 de
590 1573 728 1646 Loyola.

322 1669 486 1741 Billiomo,
502 1670 536 1729 15
549 1670 750 1732 Novembris
766 1672 836 1730 1555
848 1672 868 1730 ¹.

256 1981 331 2047 Pax
348 1982 491 2048 Domini
507 1983 574 2048 Dei
588 1985 701 2048 nostri
714 1984 799 2067 Jesu
810 1983 943 2049 Christi
955 1983 1113 2064 perfecta
1125 1999 1191 2045 nos
1203 1980 1307 2044 donet
1320 1977 1401 2042 liber·

196 2099 279 2154 tate.
296 2090 424 2155 Amen.

255 2197 490 2262 Gratissimus
506 2197 649 2263 Domini
664 2199 876 2280 Hieronymi
891 2198 1007 2263 Bassii
1023 2208 1131 2278 atque
1146 2196 1237 2260 adeo
1262 2189 1407 2272 Magistri

195 2302 290 2366 Petri
304 2303 447 2368 Canalis
461 2307 473 2340 ¹
488 2304 661 2369 aduentus
677 2323 732 2369 me
746 2323 885 2369 summa
904 2304 1039 2368 laetitia
1062 2302 1252 2376 recreauit,
1274 2312 1409 2380 quorum

195 2419 343 2490 vterque
368 2412 541 2491 singulari
569 2412 741 2476 modestia
766 2430 832 2475 nec
859 2410 1001 2491 vulgari
1024 2409 1222 2473 eruditione
1249 2421 1413 2471 summam

149 2608 153 2613 '
195 2515 335 2595 frugem
350 2516 386 2579 in
401 2518 468 2581 hac
483 2519 728 2583 Aruernorum
747 2519 894 2599 regione
914 2514 1152 2597 colligendam
1173 2514 1261 2578 mihi
1286 2513 1414 2609 pollice·

194 2631 263 2685 tur.
280 2623 388 2704 Atqui
404 2624 440 2687 in
455 2625 524 2688 hac
545 2624 739 2689 Biliomaea
763 2624 971 2702 Academia,
997 2623 1177 2686 vberrimo
1204 2622 1416 2684 incremento

193 2728 452 2807 florentissima,
469 2731 544 2811 ipse
560 2731 675 2794 adhuc
690 2732 797 2807 soluS,
814 2730 1066 2810 Agricolarum
1077 2737 1222 2792 nostrae
1236 2726 1419 2791 societatis

193 2836 349 2899 subsidio
365 2837 562 2912 destitutus,
580 2836 718 2917 pondus
733 2836 801 2900 diei
817 2847 851 2900 et
871 2846 991 2899 aestus
1010 2835 1169 2915 perferre
1192 2849 1320 2911 cogor.
1336 2832 1421 2896 Nam

193 2941 294 3004 R.mus
319 2941 413 3005 Dim
435 2942 596 3005 Antistes
622 2943 937 3020 ClaromontanuS,
965 2942 1063 3004 hisce
1089 2940 1294 3003 rationibus
1322 2940 1422 3002 addu-

192 3060 282 3126 ctus,
300 3059 373 3112 tum
398 3050 491 3129 quod
516 3049 757 3129 professorum
783 3050 840 3111 hic
865 3066 968 3128 copia
995 3047 1040 3110 ad
1065 3047 1174 3110 ferias
1202 3064 1321 3127 vsque
1345 3046 1424 3109 Divi

187 3156 335 3237 Joannis
351 3157 530 3236 Baptistae
545 3157 628 3219 anni
643 3157 795 3236 proximi
816 3156 954 3218 abunde
974 3163 1151 3235 suppetat,
1172 3154 1309 3233 quibus
1332 3151 1426 3216 adid

189 3280 300 3342 vsque
316 3263 484 3341 temporis
500 3262 648 3325 docendi
665 3280 791 3325 munus
812 3279 1012 3342 propagare
1032 3262 1182 3323 liberum
1205 3270 1261 3322 est
1284 3279 1333 3323 ex
1349 3278 1425 3324 con·

188 3369 363 3445 uentione,
378 3378 452 3430 tum
467 3369 560 3447 quod
576 3369 700 3431 domus
716 3380 820 3448 atque
846 3370 1002 3447 supellex
1018 3367 1224 3429 necessaria
1252 3368 1428 3446 paulatim

189 3475 314 3537 leuiori
335 3475 512 3552 impendio
539 3476 779 3555 comparanda
804 3477 860 3553 sit;
888 3475 996 3538 ΠΜ
1015 3474 1281 3553 Hieronymum
1310 3474 1429 3538 Clara·

189 3582 431 3643 montensibus
447 3583 653 3660 assignauit,
671 3592 710 3644 vt
729 3582 950 3644 xenodochio
976 3580 1106 3642 labenti
1123 3580 1181 3659 pia
1200 3581 1429 3645 institutione

188 3688 369 3767 suppetias
383 3687 486 3764 ferat,
504 3705 545 3749 ac
562 3688 773 3767 Magistrum
789 3688 931 3751 Petrum
946 3684 1171 3766 Euscopiae⁵
1193 3687 1294 3767 apud
1320 3707 1361 3751 se
1377 3689 1430 3752 de·

188 3794 286 3871 tinet,
317 3804 355 3855 vt
383 3795 602 3857 commodius
635 3796 876 3875 maturiusque
898 3794 1137 3857 valetudinem
1167 3808 1367 3873 recuperet
1398 3797 1430 3858 in

186 3908 269 3962 aere
284 3911 359 3963 tum
373 3902 598 3963 serenissimo
613 3913 686 3964 tum
702 3903 964 3977 amoenissim0‚
984 3918 1089 3981 quem
1105 3910 1228 3962 tamen
1246 3902 1432 3965 interdum

186 4025 241 4070 me
256 4008 431 4069 inuisendi
446 4009 562 4086 gratia
579 4008 764 4070 Biliomum
780 4025 817 4070 se
833 4009 1023 4070 missurum
1039 4007 1186 4085 recepit.

247 4112 411 4176 Proximo
428 4112 601 4176 Paschate
617 4113 812 4193 Collegium
829 4113 997 4176 Societati
1015 4113 1228 4192 erigendum
1251 4115 1345 4178 mihi
1363 4119 1433 4197 pol·

185 4222 320 4299 licetur,
335 4220 507 4300 jussitque
523 4233 560 4283 vt
576 4220 620 4282 ad
636 4220 888 4284 Paternitatem
908 4232 1005 4283 tuam
1027 4221 1149 4282 literas
1165 4225 1432 4299 transmittam,

186 4328 312 4407 quibus
327 4329 505 4390 senarium
520 4325 762 4407 professorum
777 4345 974 4405 numerum,
997 4338 1036 4389 vt
1055 4326 1256 4405 minimum,
1282 4333 1434 4394 scholae

227 4534 234 4560 l
266 4534 456 4586 Autographae
468 4534 492 4575 in
503 4533 564 4575 folio
575 4533 678 4585 duplici,
691 4544 732 4574 nn.
743 4532 780 4575 231
793 4541 818 4575 et
830 4533 879 4575 232.

226 4608 236 4635 ³
264 4604 297 4647 Hi
308 4605 355 4647 duo
368 4604 449 4647 Roma
463 4606 495 4646 ab
506 4604 608 4657 ignatio
621 4604 756 4647 Biliomum
769 4605 801 4646 ad
813 4603 955 4657 Collegium
967 4603 1138 4647 inchoandum
1150 4604 1225 4647 missi
1238 4613 1316 4649 sunt.

227 4674 239 4703 ³
266 4674 331 4718 Vide
344 4687 431 4729 supra,
441 4686 504 4730 pag.
518 4675 566 4728 osb,
577 4682 664 4718 annot.
674 4676 695 4718 3.
