3210 5392
641 439 705 496 Aa.
727 437 797 496 15434
824 455 826 457 ’
1305 439 1347 497 73

108 584 206 662 dica,
223 584 336 664 peria
363 584 447 663 qual
465 601 549 647 cosa
572 585 680 648 molto
694 584 801 648 buon'
827 583 936 648 odore
958 584 1049 647 della
1074 583 1296 664 Compagnia
1310 586 1348 648 si

110 706 242 771 sparge
257 708 322 771 per
336 691 371 754 la
384 691 482 755 citta.
496 691 556 755 Ma
570 691 670 756 accio
685 700 793 754 metra
807 689 887 770 fine,
904 701 1028 754 vostra
1043 689 1226 754 Paternita
1240 692 1344 772 sapia

110 798 178 862 che
192 815 281 861 sono
295 799 516 879 paratissimi
541 814 606 879 per
629 798 769 879 pigiiar‘
793 799 1047 878 aliegramente
1068 797 1153 877 ogni
1177 814 1264 862 cosa
1278 815 1344 879 per

110 907 134 967 l’
151 905 276 969 honor’
295 905 328 968 d’
345 903 445 971 iddio
459 906 659 970 benedetto.

171 1010 305 1092 Questo
320 1013 367 1076 ho
381 1015 502 1077 uoluto
517 1012 593 1078 dire
608 1013 651 1077 de
665 1013 691 1077 li
711 1014 794 1077 miei
819 1014 856 1077 in
874 1012 991 1077 Cristo
1017 1012 1251 1076 amantissimi
1271 1010 1342 1076 fra·

109 1120 199 1184 tellit
217 1121 318 1184 accio
333 1130 456 1184 vostra
472 1120 653 1185 Paternita
667 1120 759 1188 neda
772 1123 892 1202 quant’
911 1121 1108 1200 allegrezza
1120 1130 1154 1183 et
1168 1136 1344 1200 speranza

109 1225 237 1291 debbia
252 1228 393 1308 pigliar'
410 1228 448 1292 di
461 1228 577 1309 questi
595 1228 674 1293 suoi
688 1228 783 1292 serui
806 1225 961 1307 indegni.
985 1226 1012 1290 ll
1027 1227 1091 1291 che
1111 1227 1252 1302 fornit0,
1271 1245 1343 1290 non

109 1338 195 1400 rest’
212 1335 306 1399 altro
320 1352 359 1399 se
373 1353 445 1399 non
458 1336 484 1399 il
496 1334 656 1416 pardono
667 1335 712 1399 de
725 1346 850 1399 vostra
863 1335 1042 1400 Paternita
1056 1344 1092 1398 et
1103 1335 1168 1398 che
1181 1336 1214 1397 la
1223 1334 1348 1398 diuina

111 1444 221 1507 bonta
235 1444 270 1506 ci
284 1443 441 1523 perdone
455 1452 547 1507 tutto
561 1442 617 1506 cio
631 1443 698 1507 che
712 1459 776 1523 per
792 1444 826 1506 la
841 1452 964 1506 nostra
978 1442 1189 1522 negligenza
1201 1442 1349 1505 habbia-

112 1566 173 1613 mo
186 1551 321 1614 lassato
332 1549 368 1613 di
381 1549 471 1629 iare,
489 1549 676 1614 inuocand'
687 1560 722 1615 et
732 1550 917 1614 bramand'
932 1550 956 1613 ii
968 1549 1088 1613 diuino
1098 1548 1227 1628 fauor',
1245 1549 1348 1612 accio
1433 1551 1435 1554 ⁴

112 1659 179 1721 che
194 1656 386 1721 iacilment'
400 1658 425 1720 il
438 1673 503 1720 suo
518 1658 629 1721 voler'
654 1658 907 1737 cognosciamo
922 1667 956 1721 et
971 1655 1242 1738 perfettamente
1261 1666 1346 1719 met·

112 1764 208 1827 tiam’
224 1765 262 1827 in
275 1762 408 1828 efletto.
420 1763 552 1829 Nostro
567 1761 709 1843 Signor’
726 1780 866 1844 sempre
891 1764 924 1827 ci
941 1773 1049 1844 tegna
1071 1764 1186 1827 coola
1206 1780 1271 1827 sua
1287 1781 1345 1843 po·
1462 1752 1464 1755 ’

112 1880 208 1934 tente
221 1887 330 1934 mano
344 1869 389 1933 de
403 1869 657 1948 misericordia,
674 1881 710 1935 et
724 1887 762 1934 se
777 1871 910 1951 degna,
927 1871 1028 1933 accio
1043 1870 1172 1950 meglio
1187 1871 1219 1933 le
1234 1869 1352 1933 seruir

113 1979 309 2058 possiamo,
326 1977 535 2043 concederci
551 1964 609 2042 un’
627 1978 766 2058 integra
778 1978 894 2042 sanita
910 1979 1093 2059 spirituale
1104 1986 1139 2042 et
1150 1978 1348 2057 corporale.

174 2084 220 2149 Di
234 2084 392 2149 Modena
407 2102 428 2148 a
442 2084 467 2148 li
481 2084 521 2148 29
533 2085 567 2149 d’
585 2083 751 2164 Augusto
769 2085 857 2149 1554.

176 2191 220 2255 D.
238 2191 286 2256 V.
304 2189 343 2256 P.
366 2208 471 2256 seruo
487 2192 644 2271 minimo,

836 2406 990 2471 Groanar
1012 2405 1188 2470 Vanamo.

180 2731 274 2793 Loco
303 2726 626 2809 superscriptionis
653 2726 739 2788 haec
765 2727 804 2788 in
835 2733 966 2806 quarto
996 2725 1137 2806 pagina
1161 2725 1356 2804 leguntur:

122 2833 210 2896 1554.
228 2831 307 2896 R.d⁰
328 2832 368 2896 P.
386 2834 534 2914 ignatio,
553 2832 714 2898 Modena.
733 2832 761 2896 il
776 2833 1055 2912 Quadrimestro.

180 2942 228 3005 Ei
243 2941 318 3005 alia
334 2956 455 3003 manu.
473 2939 519 3003 Di
533 2939 701 3019 Modena,
713 2939 754 3003 29
769 2941 803 3003 di
820 2939 958 3020 Agosto
977 2941 1065 3003 1554.

1090 3156 1132 3236 Q.
1156 3154 1192 3220 s,
