3210 5392
579 427 752 489 errsasa
769 445 1041 499 Quanamssms

243 1445 392 1505 Erardus
406 1447 616 1509 Avantianus

280 1545 370 1605 Patri
383 1545 511 1619 ignatio
525 1546 566 1606 de
579 1547 717 1622 Loyola.

314 1642 458 1717 Vienna,
470 1644 506 1702 26
519 1644 713 1704 Decembris
729 1645 799 1706 1555
811 1646 831 1705 “.

760 1854 835 1937 Jns.

249 2067 373 2132 Gratia
389 2086 435 2133 ex
448 2086 520 2149 pax
534 2068 679 2133 Domini
693 2071 807 2133 nostri
821 2068 905 2151 jesu
920 2067 1052 2133 Christi
1068 2069 1114 2132 sit
1129 2070 1371 2134 nobiscumsen·

187 2191 261 2254 per.
278 2174 403 2238 Amen.
677 2184 680 2189 “

249 2281 296 2345 Ut
320 2293 402 2345 tuae
429 2298 617 2362 pareamus
640 2282 826 2362 voluntati,
847 2281 952 2345 Pater
973 2281 1009 2346 in
1029 2281 1173 2347 Christo
1192 2274 1371 2353 Reverende,

188 2388 345 2450 conabor
358 2388 513 2452 breuiter
526 2404 736 2469 percensere
751 2400 845 2469 quae
855 2388 924 2451 hoc
938 2388 1205 2469 quadrimestri,
1220 2387 1321 2470 gratia
1336 2382 1373 2444 iu·

188 2503 293 2558 uante
309 2494 438 2575 diuina,
455 2495 525 2558 sint
540 2493 584 2558 ad
599 2493 730 2559 Christi
749 2493 893 2559 Domini
917 2496 1071 2575 gloriam
1089 2495 1333 2569 illustrandam.
1347 2494 1373 2548 et

186 2602 429 2680 proximorum
444 2601 724 2666 aedificationem
738 2602 1017 2682 promouendam
1039 2620 1061 2665 a
1081 2604 1215 2667 nostris
1228 2598 1374 2684 praeclare

186 2718 300 2785 gesta.

245 2813 284 2877 In
299 2816 422 2896 primis
437 2814 531 2897 quod
546 2816 591 2879 ad
606 2815 748 2879 scholas
766 2825 918 2895 spectat,
940 2814 1026 2878 nihii
1046 2814 1091 2878 ad
1111 2831 1155 2879 ea
1175 2809 1374 2879 adiiciendum

187 2921 399 3001 existimaui,
416 2940 507 3002 quae
521 2923 693 3002 proximis
705 2922 817 2985 literis
829 2931 910 2984 sunt
922 2921 967 2984 ad
978 2921 1149 2985 Vestram
1159 2921 1374 3003 paternitatem

187 3027 297 3091 fusius
313 3031 459 3109 perlata.
477 3027 567 3091 Nam
583 3037 733 3109 pergunt
748 3046 845 3091 more
860 3037 1029 3091 consueto
1049 3029 1199 3092 studiosi
1213 3027 1315 3093 nostri
1326 3022 1374 3086 sin·

184 3136 279 3212 gulis
293 3136 470 3198 mensibus
487 3135 655 3212 confiteri,
670 3152 773 3198 sacro
786 3134 942 3217 quotidie
954 3136 1126 3199 interesse
1139 3137 1266 3200 missae
1278 3129 1373 3201 officio,

182 3241 218 3303 in
234 3242 363 3321 pietate
378 3260 419 3304 ac
434 3244 544 3306 literis
558 3243 656 3306 iuxta
671 3260 891 3323 promouere.
909 3241 1028 3306 Vnum
1039 3254 1178 3307 tantum
1189 3262 1244 3307 me
1254 3251 1375 3306 remora·

183 3355 252 3425 tur,
274 3349 459 3426 quominus
479 3349 525 3412 ad
550 3349 684 3430 reliqua
712 3366 766 3411 me
790 3349 911 3411 statim
937 3348 1131 3412 conferam.
1147 3349 1194 3413 Hi
1209 3341 1375 3426 enimpiam

183 3453 373 3533 quamdam
390 3456 611 3534 tragoediam
625 3472 735 3535 nuper
749 3455 784 3517 in
801 3455 891 3517 atrio
908 3455 1011 3517 huius
1025 3457 1235 3519 monasterii
1245 3453 1375 3521 exhibue-

184 3570 276 3639 runt,
294 3573 368 3624 tum
384 3573 422 3624 vt
437 3560 634 3625 studiorum
649 3578 793 3624 suorum
809 3560 950 3640 aliquod
965 3561 1110 3624 ederent
1126 3563 1307 3642 specimen,
1322 3565 1374 3617 tum

183 3677 222 3729 vt
247 3685 268 3729 a
295 3669 427 3730 saeculi
453 3668 610 3730 vanitate
634 3676 874 3747 spectatorum
900 3669 1037 3729 animos
1063 3679 1268 3731 auocarent.
1294 3662 1375 3739 quue

184 3782 282 3836 tanto
299 3791 379 3835 cum
394 3774 565 3854 applausu
583 3772 744 3836 effectum
759 3782 822 3850 est,
840 3784 878 3835 vt
891 3790 1011 3836 rumor
1023 3790 1086 3853 per
1099 3784 1211 3838 totam
1227 3773 1374 3838 ciuitatem

221 4017 229 4048 ¹
260 4014 457 4068 autographae,
470 4020 541 4056 totae
552 4023 628 4055 manu
638 4011 733 4056 Ernrdl
745 4013 770 4056 in
781 4013 874 4066 duplici
889 4013 958 4066 solio,
976 4024 1018 4056 nn.
1035 4012 1074 4056 ¹90
1083 4020 1110 4056 et
1128 4015 1175 4057 ¹91.
1192 4013 1339 4066 Subscriptse
1351 3999 1375 4043 ⁸⁰

184 4087 445 4131 Erardoiuereanno
456 4085 515 4137 laod
527 4084 571 4127 sed
587 4092 632 4127 aut
647 4085 701 4138 ipse
718 4091 763 4127 aut
779 4084 853 4138 alius,
870 4091 940 4128 certe
956 4085 1086 4138 antiquus,
1102 4093 1260 4139 postremum
1273 4078 1376 4129 unruerllm

181 4159 331 4202 emendavit
347 4157 463 4201 scribens
481 4156 540 4199 1555.
556 4154 646 4199 Manus
663 4162 749 4199 tamen
765 4166 882 4208 romana,
900 4166 966 4208 quae
983 4155 1024 4199 hls
1040 4158 1211 4201 monumentis
1227 4148 1377 4208 inscriptioni·

183 4229 391 4284 superimposuit,
403 4229 461 4271 huic
472 4229 592 4281 apposuit
603 4239 696 4270 annum
708 4226 767 4270 1556.
778 4227 822 4274 At.
831 4238 889 4270 cum
900 4239 989 4270 uerum
1000 4227 1034 4270 sit
1045 4226 1185 4282 Erardum,
1201 4229 1339 4272 novitiorum
1350 4215 1377 4257 5¹¹·

183 4301 375 4345 stituendorum
389 4310 494 4343 munere
510 4300 634 4354 deposito,
649 4298 750 4341 Vienna
765 4298 873 4342 Romam
887 4305 990 4342 aestate
1005 4300 1065 4342 anni
1077 4299 1129 4342 1556
1143 4300 1222 4344 fuisse
1232 4288 1378 4354 promerdit

182 4373 290 4416 Lauretl
301 4373 446 4415 substitisse
462 4370 540 4422 (Vide
552 4371 665 4415 Posaucr
680 4370 832 4423 Chronicon‚
844 4378 866 4415 t.
878 4372 924 4424 vr).
935 4369 980 4413 vix
995 4370 1099 4414 dublum
1114 4382 1171 4414 esse
1186 4379 1269 4427 potest
1284 4366 1331 4424 quin
1340 4361 1378 4402 1¹ss

183 4446 289 4488 litterae
300 4443 437 4497 postremis
448 4443 507 4485 anni
520 4443 671 4486 iiiddlebus
687 4443 780 4486 luerint
795 4443 918 4495 scriptae:
934 4441 1052 4495 quamvis
1068 4453 1130 4485 vere
1146 4444 1239 4487 mirum
1255 4449 1291 4486 est
1303 4433 1377 4482 ιιιιΙΙιω

184 4527 271 4558 rerum
280 4516 306 4559 ln
317 4515 358 4557 his
370 4515 466 4557 litteris
477 4521 658 4557 enarraturum
670 4515 767 4557 iactam
777 4513 885 4565 reperiri
897 4525 942 4556 nec
953 4524 969 4555 a
980 4513 1097 4557 Potaaco
1108 4524 1155 4557 nec
1167 4515 1200 4558 ab
1210 4514 1346 4558 ortamno·
1386 4551 1393 4565 ,

223 4587 295 4631 Omni
310 4595 400 4631 carent
417 4587 643 4641 superscriptione
661 4587 706 4630 sod
720 4588 741 4629 si
752 4597 814 4629 vere
829 4586 942 4639 scriptae
957 4592 1016 4629 sunt
1030 4597 1097 4629 anno
1113 4586 1173 4640 1555,
1190 4589 1284 4632 nulium
1296 4575 1376 4626 dubinm
1415 4582 1420 4586 “

177 4672 236 4704 esse
248 4667 334 4715 potest
345 4661 405 4712 quin
413 4662 447 4704 ad
456 4659 586 4715 ignatium
597 4661 674 4705 datae
685 4662 789 4705 suerint.
