3210 5392
634 478 637 484 .
752 420 816 479 ΑΝ.
839 420 908 478 1555
1392 420 1442 478 471

190 563 275 641 pit.
294 565 395 629 Ultro
411 565 571 645 citroque
586 565 752 628 familiari
766 566 938 644 producto
954 565 999 628 ad
1015 566 1146 628 iustum
1172 565 1341 644 temporis
1364 583 1440 645 spa-

197 670 305 735 tium
330 673 514 753 colloqui0,
531 673 754 752 tandemque,
782 674 858 752 ipsa
881 674 932 734 roi
951 673 1101 735 veritate
1116 672 1225 751 probe
1250 673 1441 750 intellecta,

202 775 361 843 Patrem
375 779 531 843 studiose
546 780 681 843 monuit
697 789 745 858 vt,
770 780 1030 860 quamprimum
1052 780 1238 842 commode
1255 778 1332 842 fieri
1347 788 1440 858 pote·

199 883 275 962 rit,
292 885 493 966 Principum
513 903 556 950 ac
571 885 817 950 Praelatorum
842 886 1042 950 testimonia
1058 886 1094 949 in
1119 894 1261 949 nostrae
1284 883 1440 965 Congre-

201 991 371 1065 gationis
382 992 619 1074 patrocinium
633 993 737 1055 nobis
753 993 992 1072 impetremus,

278 1095 353 1176 Qua
367 1100 622 1179 pollicitatione
637 1097 743 1162 Pater
762 1109 884 1162 noster
903 1116 941 1162 se
961 1099 1009 1161 illi
1029 1100 1228 1178 obstrinxit,
1250 1110 1311 1163 tua
1331 1117 1439 1181 opera

208 1207 448 1279 praestanda.
466 1205 652 1285 Quumque
667 1205 766 1269 R.tile
781 1215 862 1268 tuae
886 1206 1017 1285 literas,
1035 1206 1207 1286 simulque
1222 1206 1320 1270 Patri
1333 1208 1440 1270 tradi-

203 1314 290 1372 tam
304 1313 437 1392 negotii
452 1313 548 1392 apud
563 1313 679 1391 ipsum
694 1312 872 1375 tractandi
892 1311 1106 1390 methodum,
1128 1321 1233 1393 atque
1249 1314 1337 1376 adeo
1360 1332 1440 1376 cen-

203 1426 336 1482 suram
356 1420 594 1499 theologicam
614 1419 839 1499 perlegisset,
864 1420 1014 1498 benigne
1041 1419 1218 1498 pollicitus
1236 1428 1290 1482 est
1311 1437 1349 1482 se
1369 1420 1437 1484 Do·

194 1528 330 1588 ctores
343 1527 531 1605 theologos
545 1536 801 1590 conuenturum
816 1543 923 1606 super
935 1543 1064 1589 causae
1076 1536 1221 1589 nostrae
1233 1536 1436 1612 controuer-

202 1623 275 1703 sia,
293 1645 333 1695 vt
348 1633 480 1697 editam
495 1650 683 1697 censuram
698 1633 893 1712 corrigant,
909 1633 1073 1696 veritatis
1089 1643 1291 1713 compertae
1306 1635 1434 1699 studio.

190 1725 351 1807 Optime
365 1757 453 1820 erga
468 1757 534 1803 uos
551 1740 717 1804 affectum
738 1757 776 1803 se
791 1741 948 1821 praebet,
977 1758 1084 1821 seque
1099 1741 1334 1804 Reuerentiae
1356 1751 1437 1806 tuae

201 1835 367 1909 officiose
381 1847 623 1910 commendari
639 1846 857 1926 efflagitauit.

266 1945 395 2016 Itidem
414 1953 501 2016 facit
520 1953 623 2016 R.mus
638 1952 812 2016 Dominus
834 1953 1109 2017 Clarmontanus
1133 1954 1309 2034 AntisteS,
1331 1972 1373 2018 ac
1393 1954 1432 2018 Il·

200 2043 332 2122 lustris
345 2060 401 2123 vir
417 2059 591 2123 Dominus
612 2059 657 2122 du
678 2059 788 2137 Mont,
810 2076 892 2122 cum
911 2060 1078 2123 vniuerso
1098 2059 1248 2124 fratrum
1267 2062 1430 2142 collegi0,

165 2254 168 2258 Ι
201 2166 515 2246 promptissimam
536 2165 774 2231 obedientiam
792 2165 869 2231 ΡΨ
887 2178 970 2231 tuae
990 2168 1137 2247 imperio
1156 2168 1333 2232 humiliter
1355 2167 1436 2232 offe-

199 2271 322 2335 rente.

263 2370 443 2443 Dominus
456 2380 560 2462 Jesus
575 2391 610 2444 te
624 2389 768 2445 nostrae
784 2383 889 2445 saluti
904 2382 962 2444 diu
974 2391 1091 2445 seruet
1104 2383 1326 2462 incolumem,
1340 2383 1435 2463 apud

190 2483 313 2548 quem
325 2486 511 2550 sacrificiis
521 2497 556 2550 et
568 2488 787 2551 orationibus
801 2489 872 2551 tuis
883 2489 1047 2568 pusillum
1056 2491 1148 2552 hunc
1160 2505 1308 2568 gregem
1323 2500 1434 2562 tuum.

200 2569 583 2674 Parisiislatitantem,
600 2594 843 2658 commendari
858 2596 1026 2675 digneris

261 2690 372 2779 Vale,
390 2701 426 2764 in
440 2699 583 2764 Christo
598 2701 683 2783 Jesu
698 2701 803 2765 Pater
823 2703 1155 2782 obseruandissime,
1179 2720 1259 2766 cum
1273 2719 1435 2766 numero-

190 2786 349 2869 siSsimo
363 2806 486 2886 gregis
501 2808 639 2870 romani
654 2817 768 2886 coetu,
791 2808 891 2871 cuius
905 2827 971 2890 ope
986 2826 1147 2872 crescere
1165 2809 1371 2889 propediem
1398 2810 1434 2872 in

190 2890 325 2976 'Gallia
339 2914 443 2976 nobis
456 2914 585 2993 licebit,
602 2923 676 2978 tum
691 2913 867 2978 Auinione
881 2914 902 2994 ¹,
919 2925 992 2978 tum
1007 2916 1169 2979 Billomii.
1186 2915 1312 2980 Arnen.

255 3007 387 3083 Tertio
403 3019 489 3083 Maii
506 3020 594 3099 1555,
610 3020 767 3101 Parisiis,
784 3040 830 3085 ex
843 3022 989 3085 aedibus
1002 3021 1273 3086 Clarmontanis.

254 3115 525 3191 Commissione
541 3127 611 3191 R.‹1¹
626 3127 663 3191 P.
681 3130 795 3192 nostri
809 3128 952 3192 Domini
966 3129 1149 3193 Paschasii
1163 3130 1306 3193 Broetii.

365 3233 461 3296 R.dae
478 3232 707 3298 Paternitatis
722 3244 805 3298 tuae
819 3236 986 3315 indignus
1000 3237 1103 3314 filius,

808 3448 995 3513 Roasarus
1017 3449 1268 3515 Cravssomus.

242 3645 571 3741 superscriptio
553 3678 591 3723 m
607 3668 738 3742 quarta
749 3662 911 3742 pagina:
925 3663 966 3727 R.
971 3663 1035 3707 ‘¹⁰
1026 3683 1062 3727 in
1076 3664 1218 3728 Christo
1239 3665 1337 3728 Patri
1361 3666 1430 3729 Do·

169 3736 454 3849 ¹¹¹¹1101gnatio
476 3768 520 3831 de
535 3766 685 3849 Loyola,
701 3767 909 3851 Praeposito
934 3770 1101 3834 Generali
1120 3770 1308 3835 Societatis
1323 3774 1429 3836 nomi-

165 3835 226 3906 ¹¹¹⁸
247 3860 420 3953 Jesu,1n
436 3873 633 3939 aedibusS.
651 3875 786 3939 Manae
801 3877 844 3940 de
862 3875 1001 3941 Strada.

1078 3984 1224 4048 Romae.

582 4089 619 4153 di
633 4099 736 4171 porto
750 4109 821 4153 vno
837 4091 983 4154 carlino.

223 4183 345 4255 Ala
358 4212 484 4258 manu:
501 4196 589 4260 1555.
607 4195 765 4276 ParisiiS,
783 4195 1067 4276 Quadrimestres
1081 4196 1117 4277 iij
1134 4198 1229 4261 Maii.

224 4282 385 4364 Manet
398 4301 597 4382 vestigium
611 4319 711 4367 cerae
725 4304 855 4367 rubrae
870 4303 999 4383 sigilli.

162 4421 400 4480 N

162 4561 416 4690 multatum
430 4577 486 4633 jam
500 4583 555 4623 tum
573 4580 607 4624 ab
625 4587 747 4624 autumno
763 4581 928 4636 praecedenti
948 4583 978 4624 de
997 4581 1112 4635 Colleglo
1128 4583 1153 4625 ln
1170 4583 1233 4626 urbe
1250 4583 1425 4629 Avenlonensi
