3240 5386
212 448 267 507 724
599 447 770 505 Limenai:
789 464 1062 515 ounnnrursrnns

212 605 249 656 ut
271 594 401 655 rectius
421 602 540 672 posset
562 601 758 672 praestare,
779 592 929 672 singulis
950 595 1238 663 hebdomadibus
1265 603 1462 666 confiteba-

212 715 279 779 tur;
302 701 396 780 quod
417 701 546 764 bonum
566 699 766 778 intelligens
786 709 957 778 quantum
977 713 1085 782 esset,
1102 706 1221 769 noluit
1238 724 1456 786 germanam

211 825 311 871 suam
326 825 368 870 eo
384 825 518 885 carere,
536 808 592 870 cui
607 806 719 870 suasit
734 815 772 869 ut
789 807 882 870 idem
896 809 991 887 quod
1007 810 1085 890 ipsa
1105 823 1334 891 praestaret.

269 915 469 992 Praeterea,
484 932 564 978 cum
576 916 631 977 his
643 932 753 994 prope
765 915 895 994 elapsis
906 915 1030 980 diebus
1043 917 1087 979 ad
1101 920 1303 999 quemdam
1315 935 1452 987 nostro·

209 1040 286 1086 rum
299 1023 508 1085 accessisset
522 1022 576 1084 uir
588 1022 742 1101 quidam,
759 1023 820 1102 qui
836 1032 1065 1087 contraxerat
1078 1027 1358 1094 matrimonium
1372 1049 1450 1095 cum

209 1127 280 1190 filia
295 1146 370 1206 sua,
388 1146 506 1209 quarn,
523 1145 604 1190 cum
619 1128 719 1190 duxit
730 1145 890 1206 uxorem,
905 1129 1095 1208 ignorabat
1107 1132 1220 1197 filiam
1236 1152 1345 1199 suam
1360 1156 1446 1207 esse,

209 1245 285 1297 erat
301 1235 395 1296 enim
408 1244 492 1297 nata
508 1251 553 1296 ex
567 1234 777 1312 concubium
794 1234 855 1296 sed
868 1246 992 1314 postea
1005 1254 1043 1300 re
1054 1240 1213 1318 cognita,
1233 1242 1385 1322 quidam
1396 1263 1447 1307 sa·

208 1341 333 1404 cerdos
352 1359 432 1404 eum
454 1341 605 1403 absoluit
627 1350 770 1420 propter
794 1343 915 1404 nescio
939 1360 1046 1423 quam
1070 1345 1225 1425 bullam,
1249 1367 1318 1428 per
1340 1368 1444 1430 quarn

206 1448 375 1511 sacerdos
389 1448 616 1511 existimabat
631 1448 701 1510 tale
717 1446 817 1509 nefas
834 1465 938 1527 posse
954 1450 1102 1515 absolui:
1119 1453 1213 1517 unde
1229 1456 1288 1518 uir
1304 1456 1372 1520 iste
1388 1457 1441 1521 de-

206 1566 338 1618 cernet
360 1572 424 1618 sex
443 1565 503 1618 aut
528 1554 705 1617 decernet
725 1564 860 1633 septem
883 1556 986 1618 annis
1013 1561 1308 1626 communicauit.
1338 1562 1443 1627 Pater

206 1680 288 1726 eum
302 1663 489 1725 certiorem
503 1662 587 1725 lecit
601 1659 645 1724 de
660 1661 817 1740 periculo
833 1663 973 1725 animae
988 1681 1085 1742 suae,
1102 1674 1137 1728 et
1157 1666 1208 1728 ita
1230 1669 1292 1731 vir
1311 1670 1441 1734 dimisit

208 1786 366 1832 uxorem.

265 1876 310 1939 Et
329 1877 418 1938 haec
435 1886 532 1952 sunt,
555 1893 645 1955 quae
666 1878 763 1954 potui
786 1885 868 1938 tuae
893 1874 987 1938 ΚΜ
1005 1876 1216 1941 Paternitati
1238 1881 1286 1944 de
1309 1885 1437 1946 nostris

205 1983 367 2046 Patribus
381 1983 548 2046 scribere:
564 1983 608 2045 de
623 1981 845 2045 scholasticis
860 1983 909 2045 nil
922 1993 977 2046 est
992 1984 1087 2064 quod
1097 1985 1227 2063 dicam,
1241 1989 1315 2052 nisi
1327 2007 1390 2053 eos
1403 1991 1436 2054 in

203 2090 329 2169 spiritu
344 2088 553 2167 obedientia,
571 2089 692 2167 literis,
710 2089 902 2167 modestia,
920 2091 956 2152 in
975 2091 1051 2153 dies
1071 2090 1263 2170 proficere:
1287 2096 1438 2176 singulis

201 2197 323 2259 diebus
344 2196 529 2259 dominicis
549 2194 784 2259 defenduntur
804 2196 1001 2275 positiones
1026 2214 1089 2260 seu
1113 2198 1278 2264 scholae:
1302 2203 1350 2266 ad
1372 2204 1438 2267 has

200 2304 299 2365 multi
314 2302 518 2365 scholastici
533 2303 677 2364 veniunt
691 2302 963 2381 argumentandi
978 2305 1106 2382 gratia,
1132 2314 1166 2367 et
1186 2314 1238 2369 tot
1263 2321 1305 2371 ut
1328 2328 1433 2390 saepe.

199 2427 269 2472 non
284 2409 365 2472 licet
380 2409 570 2488 vnicuique
585 2426 783 2489 proponere
798 2409 864 2471 nisi
876 2410 958 2488 duo,
973 2421 1034 2473 aut
1046 2410 1091 2474 ad
1103 2428 1283 2477 summum
1301 2418 1372 2479 tria
1385 2435 1435 2480 ar·

197 2526 381 2594 gumenta‚
398 2526 435 2579 ut
452 2515 615 2594 omnibus
630 2525 768 2596 tempus
790 2527 953 2596 suppetat
976 2520 1270 2596 argumentandi:
1291 2523 1328 2586 in
1344 2523 1434 2588 Aca·

196 2623 313 2685 demia
331 2621 351 2701 ¹,
369 2623 403 2685 in
419 2621 592 2685 modestia
612 2633 647 2684 et
666 2623 702 2684 in
718 2622 841 2700 literis
863 2640 966 2685 nemo
981 2623 1061 2686 illos
1080 2637 1245 2704 superat:
1263 2639 1342 2693 tres
1356 2643 1436 2695 sunt

196 2728 339 2793 admissi
355 2730 391 2792 in
406 2728 600 2806 Societate;
617 2746 769 2809 quorum
783 2746 875 2792 vnus
891 2730 926 2792 in
942 2729 1114 2793 latinitate
1128 2734 1285 2798 multum
1302 2739 1435 2801 exerci-

195 2846 302 2913 tatuS,
320 2836 389 2899 duo
413 2838 572 2898 ualentes
594 2835 770 2897 dialectici
792 2845 826 2897 et
845 2836 1059 2915 philosophi;
1082 2838 1142 2916 qui
1163 2849 1199 2901 et
1220 2859 1291 2905 nos
1314 2862 1437 2909 omnes

195 2944 428 3023 indignissimi
451 2943 511 3005 filii
532 2943 581 3004 tui
601 2943 730 3004 obnixe
755 2945 987 3021 postulamus
1016 2953 1052 3005 ut
1078 2961 1099 3006 a
1126 2944 1204 3008 Deo
1232 2960 1311 3029 opt.
1341 2970 1434 3016 max.

193 3068 330 3129 semper
351 3050 401 3128 (ut
420 3050 519 3126 facis)
541 3059 651 3128 petas,
676 3059 711 3110 ut
731 3050 766 3110 in
786 3050 844 3111 uia
864 3050 1112 3113 mandatorum
1136 3061 1170 3113 et
1195 3058 1434 3124 consiliorum

193 3158 268 3220 eius
283 3157 424 3219 assidue
439 3173 504 3218 nos
520 3173 764 3218 exerceamus.

252 3264 340 3325 Vale
356 3264 391 3325 in
408 3262 549 3324 Christo
564 3262 647 3342 Jesu
662 3262 815 3325 Domino
832 3273 965 3324 nostro,

309 3370 507 3443 Valentiae‚
524 3369 544 3429 4
560 3370 625 3430 cal.
643 3368 806 3448 januarii
827 3370 914 3430 1555.

350 3476 617 3553 indignissimus
634 3492 771 3551 seruus,

743 3688 879 3750 Pernus
903 3688 1076 3751 Luooicus
1099 3689 1262 3757 Beuren.

246 4008 513 4085 Superscrr'ptio
529 4008 566 4068 ιἰι
583 4014 714 4085 qzccirta
732 4007 898 4086 pagina:
920 4007 1124 4069 Admodum
1146 4006 1374 4081 Reuerendo
1399 4023 1433 4082 in

184 4114 245 4174 ,Ἢ
276 4114 370 4176 Patri
400 4114 445 4176 M.
477 4115 636 4192 ignatio,
668 4115 875 4192 Praeposito
906 4114 1064 4191 generali
1095 4113 1297 4183 Societatis
1330 4126 1429 4205 jesu.

185 4219 347 4282 Romam.

243 4327 465 4388 Atiniarum:
485 4327 570 4388 1555.
589 4326 766 4389 Valentia.
784 4327 1071 4405 Quadrimestres
1086 4326 1126 4389 29
1141 4326 1382 4402 Decembris,

186 4486 396 4494 —-—.—-

222 4569 228 4597 ¹
258 4567 375 4619 intellige
389 4567 557 4609 t'alcntinnm
570 4566 788 4611 Universitatem.
