3240 5386
703 473 766 529 ΑΝ.
790 473 858 529 lam
1338 470 1392 530 563

169 621 281 683 dudio
297 619 470 680 insistere.
487 616 641 695 Legibus
656 616 888 695 praescriptis
900 634 1022 678 omnes
1038 632 1116 678 sese
1138 614 1389 691 submiserunt,

169 728 291 807 quibus
306 724 522 804 praecipitur
537 725 601 786 sub
626 742 739 803 poena
764 723 955 785 constituta
970 740 1014 784 ne
1035 723 1071 785 in
1093 723 1224 785 scholis
1245 723 1387 786 omnino

169 838 291 909 lurent,
308 849 396 894 neue
411 832 492 893 illuc
507 831 659 893 inferant
673 825 835 892 scurrilia
851 847 912 891 scu
928 829 1113 892 inhonesta
1136 831 1280 908 scripta;
1303 840 1336 894 et
1351 830 1385 892 in

169 956 316 1011 summa,
334 957 377 1001 ne
388 938 496 1001 uerbo
505 939 560 999 uel
571 936 666 999 facto
679 946 818 1014 practer
832 937 1052 998 honestatem
1065 935 1253 1017 quicquam
1266 948 1386 1015 agant.

169 1047 322 1110 Utuntur
341 1053 457 1107 autem
472 1054 703 1123 praeceptore
717 1043 827 1106 fratre
843 1052 964 1105 nostro
980 1041 1141 1122 Philippo
1159 1041 1178 1119 ¹,
1201 1042 1246 1105 ad
1266 1043 1301 1105 id
1317 1060 1389 1105 mu·
1466 1075 1468 1081 ·

169 1154 263 1215 neris
288 1152 390 1214 ualde
417 1151 589 1230 apposito.
606 1150 643 1212 ln
664 1149 863 1213 confitendo
885 1159 919 1211 et
944 1166 1087 1213 sacrum
1105 1148 1279 1212 audiendo
1294 1168 1390 1213 corn·

169 1276 311 1322 munem
325 1260 361 1321 in
376 1257 536 1320 omnibus
556 1268 750 1335 sequuntur
765 1258 935 1335 regulam.

228 1365 398 1444 Magnum
413 1381 497 1426 sane
513 1365 721 1442 applausum
742 1375 775 1426 et
796 1364 956 1426 fauorem
978 1365 1096 1444 populi
1116 1363 1257 1427 videtur
1277 1365 1392 1428 conci·

169 1474 256 1535 liare
280 1472 411 1534 nostris
436 1471 567 1533 scholis
592 1471 755 1533 recitatio
781 1472 965 1534 doctrinae
990 1471 1216 1548 christianae,
1245 1490 1352 1552 quam
1368 1472 1393 1534 ii

169 1579 287 1660 puelli,
304 1579 458 1657 quisunt
473 1596 516 1640 ex
533 1577 759 1640 inferioribus
779 1579 865 1641 locis
887 1579 1030 1641 scholae
1049 1589 1206 1658 nostrae,
1228 1590 1393 1644 exercent

169 1686 374 1766 germanice
396 1685 430 1746 in
452 1686 581 1764 templo
608 1696 729 1747 nostro
755 1704 838 1748 mox
860 1686 957 1749 finita
979 1687 1150 1749 concione
1175 1689 1391 1764 germanica.

169 1793 258 1872 Quis
273 1804 391 1855 autern
412 1790 590 1871 profectus
614 1793 780 1868 omnium,
808 1793 866 1872 qui
888 1794 1018 1871 partim
1042 1810 1087 1855 ex
1112 1794 1396 1858 confessionibus

171 1900 372 1973 menstruis,
391 1901 520 1978 partim
540 1916 584 1960 ex
606 1898 795 1961 ordinariis
815 1900 1024 1978 quibusdam
1047 1901 1257 1965 lectionibus
1277 1919 1395 1965 sacra-

170 2024 249 2070 rum
263 2023 381 2069 rerum
394 2008 589 2084 proueniat,
608 2006 710 2068 facile
726 2015 841 2085 potest
857 2007 1033 2070 coniicere
1049 2009 1110 2089 qui
1124 2009 1281 2087 ipsorum
1295 2026 1396 2089 prae·

172 2126 357 2193 ceptorum
378 2115 413 2176 in
435 2113 594 2176 docendo
614 2114 761 2176 attendit
785 2113 1002 2192 diligentiam
1023 2126 1057 2177 et
1078 2132 1267 2193 puerorum
1288 2116 1325 2178 in
1347 2117 1397 2178 di·

172 2221 305 2283 scendo
317 2221 511 2284 studiosam
526 2221 757 2284 alacritatem.
771 2220 894 2283 Fidem
915 2221 1018 2284 huius
1034 2222 1084 2285 rei
1100 2222 1194 2285 haud
1209 2224 1398 2286 obscuram

172 2327 309 2389 iaciunt
325 2337 398 2389 tres
413 2326 666 2405 adolescentes
690 2328 750 2406 qui
765 2345 810 2389 ex
824 2328 980 2390 honestis
996 2329 1200 2407 parentibus
1214 2329 1301 2406 nati,
1318 2347 1398 2393 cum

171 2434 415 2496 sublimiorem
430 2435 544 2496 locum
560 2435 595 2495 in
622 2451 786 2513 suprema
814 2437 928 2496 classe
952 2436 1095 2497 scholae
1115 2446 1257 2498 nostrae
1279 2436 1398 2516 adepti

171 2550 304 2615 essent,
327 2538 494 2602 Societati
514 2551 656 2602 nostrae
671 2558 709 2602 se
731 2541 960 2617 deuouerunt,
979 2551 1012 2603 et
1032 2542 1068 2603 in
1090 2541 1181 2604 sesto
1207 2541 1397 2622 Deiparae,

174 2646 439 2726 Assumptionis
465 2646 641 2725 Virginis,
665 2646 817 2721 Pragam
843 2664 968 2709 uersus
1000 2647 1044 2710 D.
1061 2647 1243 2712 Canisium
1261 2647 1272 2678 ’
1288 2649 1400 2712 secuti

174 2764 267 2829 sunt,
285 2763 323 2814 ut
338 2752 397 2815 ubi
412 2753 495 2831 (sic)
510 2752 639 2815 fratres
654 2770 698 2815 ex
714 2752 808 2816 Urbe
823 2752 936 2817 Roma
958 2764 1126 2817 uenturos
1151 2756 1342 2836 excipiant,
1366 2766 1400 2818 et

176 2862 312 2939 pariter
327 2877 407 2922 cum
422 2860 490 2922 illis
505 2859 547 2935 (si
562 2859 761 2922 obedientia
777 2860 987 2939 permiserit)
1010 2861 1045 2923 in
1061 2879 1153 2924 nouo
1168 2863 1228 2926 illo
1243 2862 1401 2942 Collegio

176 2967 281 3030 sedes
297 2966 488 3029 obtineant.
505 2966 549 3028 Et
564 2965 861 3045 quemadmodum
885 2968 973 3030 haec
998 2978 1119 3031 nostra
1135 2969 1258 3031 schola
1273 2971 1402 3032 crescit

177 3076 273 3137 sama
289 3082 323 3135 et
338 3073 431 3154 bona
446 3073 620 3151 opinione,
638 3073 687 3135 ita
699 3072 802 3135 facile
818 3074 997 3153 colligitur
1011 3084 1045 3137 et
1060 3093 1207 3138 numero
1220 3077 1401 3140 scholasti·

176 3197 303 3242 corum
320 3179 355 3242 in
370 3179 445 3241 dies
461 3180 631 3241 maiorem
645 3178 732 3256 fieri,
754 3198 904 3259 quorum
924 3181 1109 3244 multitudo
1134 3182 1205 3245 iam
1225 3181 1287 3245 300
1311 3193 1344 3246 et
1370 3183 1400 3261 8,

175 3287 349 3349 fratribus
364 3286 494 3348 nostris
509 3286 705 3348 iunioribus
721 3288 889 3365 exceptis,
907 3289 1162 3367 complectitur.

239 3394 340 3457 Nunc
355 3410 440 3456 uero
455 3392 629 3472 quaedam
643 3393 688 3456 ad
703 3396 851 3457 alteram
863 3405 999 3474 partem
1012 3396 1116 3459 huius
1124 3397 1292 3476 epistolae
1301 3397 1404 3478 perti·

174 3502 299 3565 nentia
315 3501 468 3563 breuiter
483 3500 679 3581 expediam.
698 3500 809 3564 Maior
829 3501 932 3564 solito
955 3503 1073 3582 populi
1094 3502 1292 3584 frequentia
1311 3522 1405 3568 nunc

178 3608 280 3671 audit
295 3609 330 3670 in
346 3618 469 3669 nostra
484 3606 634 3669 ecclesia
649 3606 693 3669 D.
716 3607 881 3670 Doctoris
896 3608 1060 3671 Goudani
1075 3607 1086 3639 ³
1106 3609 1305 3673 ordinarias
1325 3629 1404 3674 con·

176 3717 315 3789 ciones,
334 3714 425 3793 quod
441 3714 542 3776 nobis
558 3714 693 3776 clarum
712 3729 764 3776 est
790 3714 930 3792 signum
955 3732 1016 3778 eas
1043 3725 1164 3796 optato
1180 3716 1248 3779 fine
1262 3717 1406 3780 minime

178 3821 361 3892 frustrari,
378 3818 518 3882 tametsi
533 3828 668 3882 certum
683 3821 727 3882 sit
743 3821 825 3883 illuc
841 3822 962 3884 uenire
978 3821 1151 3901 quosdam
1174 3825 1250 3886 solo
1276 3824 1405 3886 calum·

177 3927 306 3992 niandi
321 3926 448 4004 studi0,
465 3926 515 3988 uti
529 3926 600 3988 iam
621 3927 806 4007 aliquoties
821 3928 940 3991 docuit
960 3930 1191 4007 quorumdam
1212 3930 1407 3993 haeretico·

177 4051 263 4100 rum
279 4034 465 4113 impatiens
490 4035 588 4096 furor
610 4051 652 4096 eo
675 4034 711 4097 in
735 4035 814 4098 loco
841 4035 982 4099 ueritati
997 4037 1116 4117 palam
1142 4036 1409 4100 obmurmuran-

177 4142 283 4204 tium.

244 4245 378 4309 Verum
394 4249 571 4318 uniuersa,
590 4259 730 4327 praeter
750 4259 892 4311 caetera
917 4251 1104 4329 praeclara
1130 4250 1345 4328 testimonia,
1362 4252 1412 4312 la·

224 4490 233 4521 ¹
264 4488 346 4542 Hujus
356 4500 495 4542 cognomen
507 4490 617 4533 nondum
627 4491 742 4544 reperire
752 4490 887 4533 valuimus.
898 4489 930 4534 Cf
947 4490 1159 4546 Beneuentum,
1170 4490 1272 4534 canisii
1280 4491 1415 4546 epistulae

176 4566 209 4607 e!
220 4563 293 4613 acta,
305 4568 315 4603 t
334 4571 353 4610 r,
365 4572 424 4614 paq(
439 4561 487 4604 tls.

225 4629 238 4662 ⁸
267 4631 295 4675 P.
307 4632 414 4675 Petrum
425 4631 569 4676 Canisium.

226 4702 239 4736 ³
270 4703 298 4747 P.
310 4703 432 4747 Doctoris
442 4703 541 4747 Nicolai
553 4703 682 4747 Goudani.
