3210 5392
614 426 785 485 errnnaa
796 435 1067 494 ouammrsraus

276 1454 424 1527 Joannes
439 1453 626 1520 Gutierrez,

310 1549 363 1610 Ex
377 1549 621 1617 commissione
636 1549 745 1608 Patris
759 1550 898 1623 Joannis
913 1549 1018 1622 Pauli,
1034 1550 1112 1609 olim
1127 1551 1284 1622 Alvarez,

345 1648 436 1708 Patri
450 1647 579 1722 Ignatio
590 1648 631 1705 de
645 1646 784 1720 Loyola.

323 1753 324 1756 ’
381 1745 543 1808 Sanlucar
557 1745 599 1803 de
612 1744 826 1815 Barrameda,
842 1748 861 1804 2
874 1743 1029 1805 Octobris
1045 1746 1116 1805 1555
1131 1747 1149 1804 ⁸.

795 1978 871 2098 nis

278 2271 480 2336 Admodum
496 2272 572 2336 R.de
595 2273 629 2337 in
644 2273 736 2354 Xpo.
754 2272 870 2338 Pater.
888 2273 964 2336 Pax
979 2273 1111 2338 Christi
1124 2283 1193 2339 etc.

279 2378 374 2442 Inter
390 2396 432 2442 ea
447 2396 537 2459 quae
552 2397 591 2443 se
616 2381 702 2443 mihi
728 2379 879 2444 offerunt
907 2379 945 2443 P.
975 2378 1015 2442 T.
1047 2381 1083 2444 in
1108 2380 1177 2445 hac
1202 2372 1412 2462 quadrimestri

224 2486 371 2566 epistola
387 2486 586 2564 scribenda,
604 2486 775 2567 imprimis
802 2486 887 2550 illud
912 2496 976 2564 est,
1003 2486 1095 2568 quod
1121 2505 1201 2551 cum
1227 2480 1410 2563 PatremMa

206 2604 209 2611 ’
223 2593 376 2672 gistrum
388 2593 538 2675 Joanem
553 2592 714 2671 Paulum,
730 2591 918 2656 Rectorem
930 2602 1103 2670 nostrum,
1116 2594 1315 2658 deduxisset
1322 2585 1410 2667 Domi·

223 2716 291 2764 nus
305 2717 418 2780 usque
430 2698 475 2764 ad
488 2709 610 2780 portas
629 2699 764 2778 mortis
789 2700 838 2763 ita
864 2709 901 2763 ut
927 2702 1004 2763 oleo
1027 2711 1154 2764 sancto
1178 2703 1411 2781 vngeretur,ta·

217 2824 308 2886 men,
323 2825 367 2871 ex
382 2806 502 2871 diuina
517 2807 686 2886 bonitate,
714 2807 825 2887 ipsius
849 2815 884 2868 et
908 2807 1019 2869 nostri
1044 2808 1225 2888 misertus
1249 2805 1414 2873 nonsolum

220 2915 325 2976 morti
339 2932 410 2976 non
425 2914 568 2977 tradidit
585 2915 694 2990 illum,
711 2930 836 2976 verum
852 2914 958 2976 etiam
974 2913 1145 2992 pristinas
1161 2916 1251 2978 alias
1271 2909 1413 2977 infirmita·

217 3030 309 3083 tates
324 3022 517 3098 resoluens,
535 3021 709 3099 aptiorem
724 3020 821 3082 illum
838 3019 883 3082 ad
900 3037 1026 3083 munus
1041 3036 1146 3083 suum
1158 3021 1348 3084 obeundum
1357 3010 1414 3079 red·

217 3128 314 3204 didit;
333 3128 403 3189 iam
429 3127 524 3190 enim
548 3138 621 3189 tam
645 3127 681 3189 in
703 3136 825 3189 nostro
852 3127 982 3189 sacello
1007 3125 1134 3189 deuote
1161 3123 1413 3191 concurrentium

220 3252 327 3314 quam
342 3233 633 3312 languidorumin
646 3234 776 3313 populo
791 3232 1045 3311 confessiones
1059 3233 1236 3296 instanter
1247 3230 1410 3314 requisitus.

217 3341 397 3403 fructifere
412 3340 534 3402 audire
551 3341 650 3402 solet.
668 3340 769 3403 Unde
784 3339 873 3401 adeo
889 3338 1007 3401 affecti
1022 3351 1104 3401 sunt
1115 3337 1285 3403 Societati
1299 3344 1408 3402 nostrae

221 3447 328 3526 aliqui
344 3447 473 3510 infirmi
490 3458 526 3508 ut
543 3450 661 3524 palam
677 3456 876 3508 assererent
892 3464 929 3509 se
945 3446 990 3509 ad
1005 3446 1267 3525 impositionem
1281 3450 1412 3509 manuum

218 3553 322 3616 huius
337 3553 465 3631 PatriS,
482 3555 589 3616 etiam
610 3553 722 3616 sancti
749 3553 924 3632 euangelii
950 3553 1173 3630 recitatione,
1201 3572 1222 3616 a
1249 3541 1391 3632 magniss
1403 3570 1410 3581 ·

215 3660 336 3723 bribus
350 3660 529 3732 liberatos
543 3671 576 3721 et
592 3677 672 3721 cum
687 3659 866 3722 videretur
893 3676 1004 3737 usque
1030 3659 1075 3721 ad
1101 3660 1254 3722 hiemem
1280 3663 1408 3722 nonesse

216 3766 517 3841 concionaturum,
536 3783 608 3828 non
631 3750 750 3828 tamen
771 3765 869 3828 licuit
889 3765 921 3827 ei
937 3783 999 3844 per
1019 3765 1226 3829 instantiam
1247 3775 1280 3829 et
1293 3756 1408 3846 postula·

215 3873 329 3936 tiones
341 3890 473 3949 eorum,
492 3872 551 3953 qui
565 3873 714 3935 verbum
729 3871 859 3935 Christi
875 3890 920 3934 ex
935 3872 1011 3934 eius
1032 3889 1093 3935 ore
1119 3873 1243 3935 audire
1268 3867 1410 3935 desidera·

214 3982 310 4058 bant,
326 3980 410 4059 quin
426 3980 587 4058 petitioni
608 3981 809 4057 multorum,
830 3991 864 4041 et
880 3978 1033 4041 maxime
1059 3979 1315 4042 clericorumet
1334 3969 1406 4039 huius

216 4088 336 4167 populi
351 4086 499 4164 Vicarii,
517 4087 766 4165 obtemperans
781 4086 816 4148 in
829 4102 948 4148 mense
961 4083 1159 4164 Septembri
1175 4087 1309 4166 aliquas
1323 4078 1358 4145 ad
1367 4084 1408 4154 ΡΟ·

216 4195 335 4273 pulum
351 4191 542 4254 conciones
557 4193 713 4269 haberet,
731 4191 905 4270 inquibus
921 4189 1010 4254 adeo
1024 4192 1204 4254 feruenter
1220 4210 1264 4255 ex
1285 4185 1406 4262 Scriptu·

216 4300 267 4362 ris
281 4299 393 4361 sacris
410 4298 497 4360 vitia
514 4298 691 4361 hominum
709 4298 833 4376 carpit,
855 4307 894 4359 vt
909 4315 979 4360 non
1003 4299 1118 4360 solum
1139 4298 1175 4360 in
1197 4304 1353 4377 suggesto
1365 4272 1407 4346 sed

216 4406 322 4468 etiam
338 4405 467 4485 vbique
483 4405 557 4467 eius
573 4404 774 4484 praesentia
795 4404 839 4467 sit
864 4404 1052 4467 mundanis
1074 4415 1108 4467 et
1134 4403 1297 4467 diuitibus
1320 4386 1406 4463 cons·

257 4647 264 4678 ¹
295 4644 484 4698 Autographae
497 4644 520 4686 in
532 4643 591 4687 totto
600 4644 683 4694 unico,
694 4655 717 4686 n.
728 4643 777 4686 tas.
