<?xml version="1.0" encoding="UTF-8"?>
<!DOCTYPE html PUBLIC "-//W3C//DTD XHTML 1.0 Transitional//EN"
    "http://www.w3.org/TR/xhtml1/DTD/xhtml1-transitional.dtd">
<html xmlns="http://www.w3.org/1999/xhtml" xml:lang="en" lang="en">
 <head>
  <title>
</title>
<meta http-equiv="Content-Type" content="text/html;charset=utf-8" />
  <meta name='ocr-system' content='tesseract 3.04.00' />
  <meta name='ocr-capabilities' content='ocr_page ocr_carea ocr_par ocr_line ocrx_word'/>
</head>
<body>
  <div class='ocr_page' id='page_1' title='image "./litteraequadrim02jesugoog_0200.png"; bbox 0 0 3210 5392; ppageno 0'>
   <div class='ocr_carea' id='block_1_1' title="bbox 710 448 1400 507">
    <p class='ocr_par' dir='ltr' id='par_1_1' title="bbox 710 448 1400 507">
     <span class='ocr_line' id='line_1_1' title="bbox 710 448 1400 507; baseline 0.003 -2"><span class='ocrx_word' id='word_1_1' title='bbox 710 450 772 506; x_wconf 78' lang='lat' dir='ltr'>Art.</span> <span class='ocrx_word' id='word_1_2' title='bbox 796 448 866 505; x_wconf 70' lang='lat' dir='ltr'>lost</span> <span class='ocrx_word' id='word_1_3' title='bbox 1349 452 1400 507; x_wconf 71' lang='lat'>1⁸9</span> 
     </span>
    </p>
   </div>
   <div class='ocr_carea' id='block_1_2' title="bbox 179 589 1397 3883">
    <p class='ocr_par' dir='ltr' id='par_1_2' title="bbox 179 589 1397 1530">
     <span class='ocr_line' id='line_1_2' title="bbox 230 589 1397 675; baseline 0.004 -22"><span class='ocrx_word' id='word_1_4' title='bbox 230 589 319 653; x_wconf 87' lang='lat' dir='ltr'>Cum</span> <span class='ocrx_word' id='word_1_5' title='bbox 328 591 454 655; x_wconf 91' lang='lat' dir='ltr'>dubius</span> <span class='ocrx_word' id='word_1_6' title='bbox 465 609 590 669; x_wconf 88' lang='lat' dir='ltr'>essem,</span> <span class='ocrx_word' id='word_1_7' title='bbox 606 602 723 655; x_wconf 81' lang='lat' dir='ltr'>utrum</span> <span class='ocrx_word' id='word_1_8' title='bbox 735 594 820 656; x_wconf 89' lang='lat' dir='ltr'>mihi</span> <span class='ocrx_word' id='word_1_9' title='bbox 830 593 1091 673; x_wconf 89' lang='lat' dir='ltr'>Nouiomagum</span> <span class='ocrx_word' id='word_1_10' title='bbox 1104 595 1397 675; x_wconf 81' lang='lat' dir='ltr'>proficiscendum</span> 
     </span>
     <span class='ocr_line' id='line_1_3' title="bbox 179 699 1397 783; baseline 0.007 -27"><span class='ocrx_word' id='word_1_11' title='bbox 179 707 263 759; x_wconf 90' lang='lat' dir='ltr'>esset</span> <span class='ocrx_word' id='word_1_12' title='bbox 283 715 405 776; x_wconf 86' lang='lat' dir='ltr'>necne,</span> <span class='ocrx_word' id='word_1_13' title='bbox 428 699 723 763; x_wconf 81' lang='lat' dir='ltr'>commendabam</span> <span class='ocrx_word' id='word_1_14' title='bbox 739 717 882 763; x_wconf 90' lang='lat' dir='ltr'>causam</span> <span class='ocrx_word' id='word_1_15' title='bbox 900 699 994 778; x_wconf 89' lang='lat' dir='ltr'>Deo,</span> <span class='ocrx_word' id='word_1_16' title='bbox 1017 712 1055 763; x_wconf 88' lang='lat' dir='ltr'>vt</span> <span class='ocrx_word' id='word_1_17' title='bbox 1070 702 1181 782; x_wconf 89' lang='lat' dir='ltr'>ipsius</span> <span class='ocrx_word' id='word_1_18' title='bbox 1201 703 1397 783; x_wconf 85' lang='lat' dir='ltr'>beneplaci-</span> 
     </span>
     <span class='ocr_line' id='line_1_4' title="bbox 181 805 1397 887; baseline 0.006 -22"><span class='ocrx_word' id='word_1_19' title='bbox 181 805 326 867; x_wconf 86' lang='lat' dir='ltr'>tumbae</span> <span class='ocrx_word' id='word_1_20' title='bbox 341 805 377 869; x_wconf 90' lang='lat' dir='ltr'>in</span> <span class='ocrx_word' id='word_1_21' title='bbox 391 823 431 868; x_wconf 94' lang='lat' dir='ltr'>re</span> <span class='ocrx_word' id='word_1_22' title='bbox 446 823 665 886; x_wconf 80' lang='lat' dir='ltr'>cognoscere</span> <span class='ocrx_word' id='word_1_23' title='bbox 681 825 833 887; x_wconf 90' lang='lat' dir='ltr'>possem.</span> <span class='ocrx_word' id='word_1_24' title='bbox 851 807 984 871; x_wconf 88' lang='lat' dir='ltr'>Eodem</span> <span class='ocrx_word' id='word_1_25' title='bbox 1000 809 1056 871; x_wconf 92' lang='lat' dir='ltr'>die</span> <span class='ocrx_word' id='word_1_26' title='bbox 1079 810 1176 872; x_wconf 91' lang='lat' dir='ltr'>venit</span> <span class='ocrx_word' id='word_1_27' title='bbox 1191 810 1397 873; x_wconf 85' lang='lat' dir='ltr'>tabellarius</span> 
     </span>
     <span class='ocr_line' id='line_1_5' title="bbox 184 909 1397 995; baseline 0.006 -22"><span class='ocrx_word' id='word_1_28' title='bbox 184 909 299 975; x_wconf 84' lang='lat' dir='ltr'>missus</span> <span class='ocrx_word' id='word_1_29' title='bbox 314 929 334 975; x_wconf 85' lang='lat' dir='ltr'>a</span> <span class='ocrx_word' id='word_1_30' title='bbox 350 911 704 994; x_wconf 77' lang='lat' dir='ltr'>NouiomagensibuS,</span> <span class='ocrx_word' id='word_1_31' title='bbox 719 933 781 995; x_wconf 88' lang='lat' dir='ltr'>per</span> <span class='ocrx_word' id='word_1_32' title='bbox 796 916 917 978; x_wconf 80' lang='lat' dir='ltr'>literas</span> <span class='ocrx_word' id='word_1_33' title='bbox 932 916 1141 994; x_wconf 78' lang='lat' dir='ltr'>rogantibus</span> <span class='ocrx_word' id='word_1_34' title='bbox 1157 926 1194 978; x_wconf 89' lang='lat' dir='ltr'>vt</span> <span class='ocrx_word' id='word_1_35' title='bbox 1210 916 1397 980; x_wconf 89' lang='lat' dir='ltr'>Nouioma·</span> 
     </span>
     <span class='ocr_line' id='line_1_6' title="bbox 187 1020 1396 1103; baseline 0.007 -24"><span class='ocrx_word' id='word_1_36' title='bbox 187 1032 257 1094; x_wconf 81' lang='lat' dir='ltr'>gum</span> <span class='ocrx_word' id='word_1_37' title='bbox 271 1020 392 1083; x_wconf 86' lang='lat' dir='ltr'>venire</span> <span class='ocrx_word' id='word_1_38' title='bbox 407 1022 547 1097; x_wconf 88' lang='lat' dir='ltr'>vellem,</span> <span class='ocrx_word' id='word_1_39' title='bbox 566 1023 693 1101; x_wconf 89' lang='lat' dir='ltr'>quibus</span> <span class='ocrx_word' id='word_1_40' title='bbox 708 1023 820 1099; x_wconf 88' lang='lat' dir='ltr'>lectis,</span> <span class='ocrx_word' id='word_1_41' title='bbox 838 1040 909 1085; x_wconf 92' lang='lat' dir='ltr'>non</span> <span class='ocrx_word' id='word_1_42' title='bbox 924 1023 1081 1086; x_wconf 91' lang='lat' dir='ltr'>dubitaui</span> <span class='ocrx_word' id='word_1_43' title='bbox 1097 1025 1247 1103; x_wconf 91' lang='lat' dir='ltr'>amplius</span> <span class='ocrx_word' id='word_1_44' title='bbox 1269 1024 1312 1087; x_wconf 92' lang='lat' dir='ltr'>de</span> <span class='ocrx_word' id='word_1_45' title='bbox 1327 1024 1396 1087; x_wconf 93' lang='lat' dir='ltr'>Do-</span> 
     </span>
     <span class='ocr_line' id='line_1_7' title="bbox 190 1123 1397 1210; baseline 0.007 -25"><span class='ocrx_word' id='word_1_46' title='bbox 190 1123 259 1187; x_wconf 90' lang='lat' dir='ltr'>mini</span> <span class='ocrx_word' id='word_1_47' title='bbox 270 1127 464 1206; x_wconf 86' lang='lat' dir='ltr'>voluntate,</span> <span class='ocrx_word' id='word_1_48' title='bbox 481 1128 544 1191; x_wconf 89' lang='lat' dir='ltr'>sed</span> <span class='ocrx_word' id='word_1_49' title='bbox 560 1131 672 1192; x_wconf 87' lang='lat' dir='ltr'>altera</span> <span class='ocrx_word' id='word_1_50' title='bbox 688 1129 744 1192; x_wconf 85' lang='lat' dir='ltr'>die</span> <span class='ocrx_word' id='word_1_51' title='bbox 761 1127 769 1158; x_wconf 90' lang='lat'><strong>¹</strong></span> <span class='ocrx_word' id='word_1_52' title='bbox 788 1127 871 1192; x_wconf 90' lang='lat' dir='ltr'>Diui</span> <span class='ocrx_word' id='word_1_53' title='bbox 883 1129 1025 1192; x_wconf 83' lang='lat' dir='ltr'>Martini</span> <span class='ocrx_word' id='word_1_54' title='bbox 1037 1130 1205 1210; x_wconf 84' lang='lat' dir='ltr'>Episcopi</span> <span class='ocrx_word' id='word_1_55' title='bbox 1216 1141 1250 1194; x_wconf 90' lang='lat' dir='ltr'>et</span> <span class='ocrx_word' id='word_1_56' title='bbox 1262 1131 1397 1194; x_wconf 81' lang='lat' dir='ltr'>confes·</span> 
     </span>
     <span class='ocr_line' id='line_1_8' title="bbox 193 1228 1396 1315; baseline 0.008 -24"><span class='ocrx_word' id='word_1_57' title='bbox 193 1231 264 1295; x_wconf 87' lang='lat' dir='ltr'>sotis</span> <span class='ocrx_word' id='word_1_58' title='bbox 276 1231 534 1313; x_wconf 87' lang='lat' dir='ltr'>Nouiomagum</span> <span class='ocrx_word' id='word_1_59' title='bbox 550 1236 755 1315; x_wconf 88' lang='lat' dir='ltr'>proficiscor</span> <span class='ocrx_word' id='word_1_60' title='bbox 775 1253 856 1299; x_wconf 90' lang='lat' dir='ltr'>cum</span> <span class='ocrx_word' id='word_1_61' title='bbox 878 1237 1001 1300; x_wconf 89' lang='lat' dir='ltr'>eodem</span> <span class='ocrx_word' id='word_1_62' title='bbox 1022 1238 1216 1300; x_wconf 89' lang='lat' dir='ltr'>tabellario.</span> <span class='ocrx_word' id='word_1_63' title='bbox 1237 1228 1396 1302; x_wconf 83' lang='lat' dir='ltr'>Venerat</span> 
     </span>
     <span class='ocr_line' id='line_1_9' title="bbox 197 1338 1394 1422; baseline 0.007 -22"><span class='ocrx_word' id='word_1_64' title='bbox 197 1338 267 1402; x_wconf 84' lang='lat' dir='ltr'>enim</span> <span class='ocrx_word' id='word_1_65' title='bbox 285 1341 430 1405; x_wconf 85' lang='lat' dir='ltr'>sabbato</span> <span class='ocrx_word' id='word_1_66' title='bbox 451 1343 518 1405; x_wconf 89' lang='lat' dir='ltr'>die.</span> <span class='ocrx_word' id='word_1_67' title='bbox 541 1341 803 1422; x_wconf 90' lang='lat' dir='ltr'>Nouiomagum</span> <span class='ocrx_word' id='word_1_68' title='bbox 823 1344 930 1406; x_wconf 85' lang='lat' dir='ltr'>distat</span> <span class='ocrx_word' id='word_1_69' title='bbox 951 1345 1099 1407; x_wconf 71' lang='lat' dir='ltr'>Colonia</span> <span class='ocrx_word' id='word_1_70' title='bbox 1128 1344 1164 1406; x_wconf 84' lang='lat'>19</span> <span class='ocrx_word' id='word_1_71' title='bbox 1186 1346 1394 1408; x_wconf 87' lang='lat' dir='ltr'>milliaribus</span> 
     </span>
     <span class='ocr_line' id='line_1_10' title="bbox 200 1446 1346 1530; baseline 0.007 -23"><span class='ocrx_word' id='word_1_72' title='bbox 200 1446 264 1508; x_wconf 84' lang='lat' dir='ltr'>satis</span> <span class='ocrx_word' id='word_1_73' title='bbox 275 1449 420 1528; x_wconf 89' lang='lat' dir='ltr'>magnis.</span> <span class='ocrx_word' id='word_1_74' title='bbox 438 1449 503 1512; x_wconf 91' lang='lat' dir='ltr'>Est</span> <span class='ocrx_word' id='word_1_75' title='bbox 518 1451 623 1527; x_wconf 88' lang='lat' dir='ltr'>enim,</span> <span class='ocrx_word' id='word_1_76' title='bbox 640 1461 799 1530; x_wconf 84' lang='lat' dir='ltr'>tempore</span> <span class='ocrx_word' id='word_1_77' title='bbox 815 1451 981 1530; x_wconf 85' lang='lat' dir='ltr'>hyemali,</span> <span class='ocrx_word' id='word_1_78' title='bbox 998 1452 1102 1514; x_wconf 91' lang='lat' dir='ltr'>trium</span> <span class='ocrx_word' id='word_1_79' title='bbox 1118 1451 1254 1515; x_wconf 88' lang='lat' dir='ltr'>dierum</span> <span class='ocrx_word' id='word_1_80' title='bbox 1270 1454 1346 1515; x_wconf 91' lang='lat' dir='ltr'>iter.</span> 
     </span>
    </p>

    <p class='ocr_par' dir='ltr' id='par_1_3' title="bbox 243 1552 1396 1639">
     <span class='ocr_line' id='line_1_11' title="bbox 243 1552 1396 1639; baseline 0.006 -22"><span class='ocrx_word' id='word_1_81' title='bbox 243 1552 384 1619; x_wconf 86' lang='lat' dir='ltr'>Veniens</span> <span class='ocrx_word' id='word_1_82' title='bbox 412 1555 691 1637; x_wconf 89' lang='lat' dir='ltr'>Nouiomagum,</span> <span class='ocrx_word' id='word_1_83' title='bbox 727 1558 927 1621; x_wconf 85' lang='lat' dir='ltr'>humaniter</span> <span class='ocrx_word' id='word_1_84' title='bbox 956 1559 1145 1621; x_wconf 89' lang='lat' dir='ltr'>admodum</span> <span class='ocrx_word' id='word_1_85' title='bbox 1174 1560 1346 1639; x_wconf 86' lang='lat' dir='ltr'>suscipior</span> <span class='ocrx_word' id='word_1_86' title='bbox 1375 1579 1396 1624; x_wconf 89' lang='lat' dir='ltr'>a</span> 
     </span>
    </p>

    <p class='ocr_par' dir='ltr' id='par_1_4' title="bbox 193 1655 1396 3883">
     <span class='ocr_line' id='line_1_12' title="bbox 205 1655 1395 1743; baseline 0.008 -22"><span class='ocrx_word' id='word_1_87' title='bbox 205 1655 323 1725; x_wconf 89' lang='lat' dir='ltr'>Domino</span> <span class='ocrx_word' id='word_1_88' title='bbox 336 1662 514 1740; x_wconf 89' lang='lat' dir='ltr'>Mauritio,</span> <span class='ocrx_word' id='word_1_89' title='bbox 532 1665 677 1727; x_wconf 90' lang='lat' dir='ltr'>maioris</span> <span class='ocrx_word' id='word_1_90' title='bbox 689 1664 871 1727; x_wconf 89' lang='lat' dir='ltr'>Ecclesiae</span> <span class='ocrx_word' id='word_1_91' title='bbox 887 1665 1059 1728; x_wconf 92' lang='lat' dir='ltr'>canonico</span> <span class='ocrx_word' id='word_1_92' title='bbox 1072 1683 1114 1728; x_wconf 85' lang='lat' dir='ltr'>ac</span> <span class='ocrx_word' id='word_1_93' title='bbox 1130 1666 1395 1743; x_wconf 86' lang='lat' dir='ltr'>concionatore,</span> 
     </span>
     <span class='ocr_line' id='line_1_13' title="bbox 206 1766 1394 1843; baseline 0.008 -16"><span class='ocrx_word' id='word_1_94' title='bbox 206 1766 349 1843; x_wconf 84' lang='lat' dir='ltr'>quietiam</span> <span class='ocrx_word' id='word_1_95' title='bbox 362 1787 401 1832; x_wconf 94' lang='lat' dir='ltr'>se</span> <span class='ocrx_word' id='word_1_96' title='bbox 418 1780 561 1834; x_wconf 88' lang='lat' dir='ltr'>nostrae</span> <span class='ocrx_word' id='word_1_97' title='bbox 577 1770 746 1835; x_wconf 87' lang='lat' dir='ltr'>Societati</span> <span class='ocrx_word' id='word_1_98' title='bbox 760 1771 846 1835; x_wconf 88' lang='lat' dir='ltr'>dare</span> <span class='ocrx_word' id='word_1_99' title='bbox 862 1771 1021 1835; x_wconf 87' lang='lat' dir='ltr'>intendit.</span> <span class='ocrx_word' id='word_1_100' title='bbox 1045 1772 1169 1835; x_wconf 85' lang='lat' dir='ltr'>Altera</span> <span class='ocrx_word' id='word_1_101' title='bbox 1189 1772 1244 1835; x_wconf 87' lang='lat' dir='ltr'>die</span> <span class='ocrx_word' id='word_1_102' title='bbox 1259 1774 1304 1835; x_wconf 95' lang='lat' dir='ltr'>ab</span> <span class='ocrx_word' id='word_1_103' title='bbox 1325 1775 1394 1836; x_wconf 93' lang='lat' dir='ltr'>alio</span> 
     </span>
     <span class='ocr_line' id='line_1_14' title="bbox 208 1875 1395 1960; baseline 0.008 -27"><span class='ocrx_word' id='word_1_104' title='bbox 208 1875 341 1938; x_wconf 86' lang='lat' dir='ltr'>canonico</span> <span class='ocrx_word' id='word_1_105' title='bbox 355 1876 401 1940; x_wconf 91' lang='lat' dir='ltr'>M.</span> <span class='ocrx_word' id='word_1_106' title='bbox 419 1877 449 1940; x_wconf 88' lang='lat' dir='ltr'>T</span> <span class='ocrx_word' id='word_1_107' title='bbox 450 1877 556 1940; x_wconf 87' lang='lat' dir='ltr'>homa</span> <span class='ocrx_word' id='word_1_108' title='bbox 576 1878 673 1941; x_wconf 91' lang='lat' dir='ltr'>Buiis</span> <span class='ocrx_word' id='word_1_109' title='bbox 689 1895 815 1953; x_wconf 94' lang='lat' dir='ltr'>vocor,</span> <span class='ocrx_word' id='word_1_110' title='bbox 832 1879 892 1958; x_wconf 92' lang='lat' dir='ltr'>qui</span> <span class='ocrx_word' id='word_1_111' title='bbox 907 1895 953 1940; x_wconf 88' lang='lat' dir='ltr'>ex</span> <span class='ocrx_word' id='word_1_112' title='bbox 968 1879 1166 1942; x_wconf 86' lang='lat' dir='ltr'>senioribus</span> <span class='ocrx_word' id='word_1_113' title='bbox 1181 1890 1250 1956; x_wconf 89' lang='lat' dir='ltr'>est,</span> <span class='ocrx_word' id='word_1_114' title='bbox 1267 1889 1302 1942; x_wconf 88' lang='lat' dir='ltr'>et</span> <span class='ocrx_word' id='word_1_115' title='bbox 1318 1897 1395 1960; x_wconf 91' lang='lat' dir='ltr'>pro-</span> 
     </span>
     <span class='ocr_line' id='line_1_15' title="bbox 208 1975 1395 2066; baseline 0.012 -30"><span class='ocrx_word' id='word_1_116' title='bbox 208 1975 253 2040; x_wconf 87' lang='lat' dir='ltr'>bae</span> <span class='ocrx_word' id='word_1_117' title='bbox 264 1982 438 2047; x_wconf 89' lang='lat' dir='ltr'>admodum</span> <span class='ocrx_word' id='word_1_118' title='bbox 453 1985 560 2059; x_wconf 86' lang='lat' dir='ltr'>vitae,</span> <span class='ocrx_word' id='word_1_119' title='bbox 577 1985 613 2047; x_wconf 93' lang='lat' dir='ltr'>in</span> <span class='ocrx_word' id='word_1_120' title='bbox 629 1985 728 2048; x_wconf 92' lang='lat' dir='ltr'>cuius</span> <span class='ocrx_word' id='word_1_121' title='bbox 744 1985 889 2048; x_wconf 86' lang='lat' dir='ltr'>aedibus</span> <span class='ocrx_word' id='word_1_122' title='bbox 905 1987 1034 2048; x_wconf 90' lang='lat' dir='ltr'>multos</span> <span class='ocrx_word' id='word_1_123' title='bbox 1049 1996 1288 2066; x_wconf 88' lang='lat' dir='ltr'>congregatos</span> <span class='ocrx_word' id='word_1_124' title='bbox 1300 1987 1395 2050; x_wconf 90' lang='lat' dir='ltr'>inue-</span> 
     </span>
     <span class='ocr_line' id='line_1_16' title="bbox 208 2082 1396 2174; baseline 0.005 -22"><span class='ocrx_word' id='word_1_125' title='bbox 208 2082 240 2160; x_wconf 82' lang='lat' dir='ltr'>ni,</span> <span class='ocrx_word' id='word_1_126' title='bbox 260 2090 304 2167; x_wconf 87' lang='lat' dir='ltr'>qui</span> <span class='ocrx_word' id='word_1_127' title='bbox 328 2108 382 2154; x_wconf 91' lang='lat' dir='ltr'>me</span> <span class='ocrx_word' id='word_1_128' title='bbox 406 2108 544 2155; x_wconf 91' lang='lat' dir='ltr'>summa</span> <span class='ocrx_word' id='word_1_129' title='bbox 570 2093 789 2156; x_wconf 85' lang='lat' dir='ltr'>humanitate</span> <span class='ocrx_word' id='word_1_130' title='bbox 814 2091 826 2122; x_wconf 84' lang='lat'><strong>¹</strong></span> <span class='ocrx_word' id='word_1_131' title='bbox 848 2105 1068 2172; x_wconf 90' lang='lat' dir='ltr'>receperunt,</span> <span class='ocrx_word' id='word_1_132' title='bbox 1096 2093 1223 2174; x_wconf 92' lang='lat' dir='ltr'>quibus</span> <span class='ocrx_word' id='word_1_133' title='bbox 1244 2096 1396 2158; x_wconf 86' lang='lat' dir='ltr'>accessit</span> 
     </span>
     <span class='ocr_line' id='line_1_17' title="bbox 207 2196 1396 2279; baseline 0.012 -27"><span class='ocrx_word' id='word_1_134' title='bbox 207 2201 288 2258; x_wconf 82' lang='lat' dir='ltr'>nater</span> <span class='ocrx_word' id='word_1_135' title='bbox 299 2196 459 2278; x_wconf 83' lang='lat' dir='ltr'>Magistri</span> <span class='ocrx_word' id='word_1_136' title='bbox 475 2198 619 2262; x_wconf 91' lang='lat' dir='ltr'>Henrici</span> <span class='ocrx_word' id='word_1_137' title='bbox 635 2198 809 2279; x_wconf 87' lang='lat' dir='ltr'>Dionysii,</span> <span class='ocrx_word' id='word_1_138' title='bbox 827 2209 862 2261; x_wconf 90' lang='lat' dir='ltr'>et</span> <span class='ocrx_word' id='word_1_139' title='bbox 878 2210 991 2261; x_wconf 86' lang='lat' dir='ltr'>mater</span> <span class='ocrx_word' id='word_1_140' title='bbox 1006 2197 1168 2278; x_wconf 90' lang='lat' dir='ltr'>Magistri</span> <span class='ocrx_word' id='word_1_141' title='bbox 1183 2200 1396 2266; x_wconf 89' lang='lat' dir='ltr'>Theodorici</span> 
     </span>
     <span class='ocr_line' id='line_1_18' title="bbox 207 2291 1393 2386; baseline 0.011 -28"><span class='ocrx_word' id='word_1_142' title='bbox 207 2291 303 2366; x_wconf 85' lang='lat' dir='ltr'>Canisii</span> <span class='ocrx_word' id='word_1_143' title='bbox 320 2323 399 2369; x_wconf 89' lang='lat' dir='ltr'>cum</span> <span class='ocrx_word' id='word_1_144' title='bbox 418 2323 542 2369; x_wconf 85' lang='lat' dir='ltr'>sorore</span> <span class='ocrx_word' id='word_1_145' title='bbox 562 2305 725 2385; x_wconf 84' lang='lat' dir='ltr'>Magistri</span> <span class='ocrx_word' id='word_1_146' title='bbox 746 2305 920 2383; x_wconf 87' lang='lat' dir='ltr'>Thomae;</span> <span class='ocrx_word' id='word_1_147' title='bbox 943 2324 1033 2386; x_wconf 85' lang='lat' dir='ltr'>quae</span> <span class='ocrx_word' id='word_1_148' title='bbox 1053 2317 1087 2369; x_wconf 92' lang='lat' dir='ltr'>et</span> <span class='ocrx_word' id='word_1_149' title='bbox 1106 2308 1208 2369; x_wconf 89' lang='lat' dir='ltr'>nobis</span> <span class='ocrx_word' id='word_1_150' title='bbox 1229 2307 1393 2372; x_wconf 83' lang='lat' dir='ltr'>consessa</span> 
     </span>
     <span class='ocr_line' id='line_1_19' title="bbox 208 2411 1393 2492; baseline 0.016 -32"><span class='ocrx_word' id='word_1_151' title='bbox 208 2412 252 2481; x_wconf 88' lang='lat' dir='ltr'>est,</span> <span class='ocrx_word' id='word_1_152' title='bbox 263 2411 341 2488; x_wconf 89' lang='lat' dir='ltr'>quod</span> <span class='ocrx_word' id='word_1_153' title='bbox 354 2423 390 2475; x_wconf 88' lang='lat' dir='ltr'>et</span> <span class='ocrx_word' id='word_1_154' title='bbox 405 2424 520 2476; x_wconf 86' lang='lat' dir='ltr'>mater</span> <span class='ocrx_word' id='word_1_155' title='bbox 540 2413 704 2492; x_wconf 90' lang='lat' dir='ltr'>Magistri</span> <span class='ocrx_word' id='word_1_156' title='bbox 723 2413 870 2476; x_wconf 90' lang='lat' dir='ltr'>Henrici</span> <span class='ocrx_word' id='word_1_157' title='bbox 891 2412 1048 2490; x_wconf 84' lang='lat' dir='ltr'>fecisset,</span> <span class='ocrx_word' id='word_1_158' title='bbox 1069 2413 1131 2475; x_wconf 87' lang='lat' dir='ltr'>sed</span> <span class='ocrx_word' id='word_1_159' title='bbox 1152 2432 1223 2477; x_wconf 92' lang='lat' dir='ltr'>non</span> <span class='ocrx_word' id='word_1_160' title='bbox 1243 2414 1393 2479; x_wconf 89' lang='lat' dir='ltr'>dabatur</span> 
     </span>
     <span class='ocr_line' id='line_1_20' title="bbox 206 2515 1394 2594; baseline 0.01 -20"><span class='ocrx_word' id='word_1_161' title='bbox 206 2515 324 2592; x_wconf 78' lang='lat' dir='ltr'>tenpus:</span> <span class='ocrx_word' id='word_1_162' title='bbox 338 2520 428 2582; x_wconf 92' lang='lat' dir='ltr'>alias</span> <span class='ocrx_word' id='word_1_163' title='bbox 443 2519 567 2594; x_wconf 82' lang='lat' dir='ltr'>iaciet;</span> <span class='ocrx_word' id='word_1_164' title='bbox 589 2521 783 2583; x_wconf 88' lang='lat' dir='ltr'>maximam</span> <span class='ocrx_word' id='word_1_165' title='bbox 801 2521 1012 2583; x_wconf 87' lang='lat' dir='ltr'>charitatem</span> <span class='ocrx_word' id='word_1_166' title='bbox 1032 2521 1139 2583; x_wconf 86' lang='lat' dir='ltr'>etiam</span> <span class='ocrx_word' id='word_1_167' title='bbox 1159 2521 1260 2584; x_wconf 92' lang='lat' dir='ltr'>nobis</span> <span class='ocrx_word' id='word_1_168' title='bbox 1279 2533 1394 2586; x_wconf 91' lang='lat' dir='ltr'>osten-</span> 
     </span>
     <span class='ocr_line' id='line_1_21' title="bbox 206 2611 1392 2707; baseline 0.011 -28"><span class='ocrx_word' id='word_1_169' title='bbox 206 2611 303 2685; x_wconf 82' lang='lat' dir='ltr'>dentes.</span> <span class='ocrx_word' id='word_1_170' title='bbox 318 2624 449 2689; x_wconf 88' lang='lat' dir='ltr'>Omnes</span> <span class='ocrx_word' id='word_1_171' title='bbox 464 2626 568 2690; x_wconf 91' lang='lat' dir='ltr'>simul</span> <span class='ocrx_word' id='word_1_172' title='bbox 583 2627 715 2706; x_wconf 89' lang='lat' dir='ltr'>pransi,</span> <span class='ocrx_word' id='word_1_173' title='bbox 732 2637 856 2706; x_wconf 89' lang='lat' dir='ltr'>postea</span> <span class='ocrx_word' id='word_1_174' title='bbox 879 2644 941 2706; x_wconf 91' lang='lat' dir='ltr'>per</span> <span class='ocrx_word' id='word_1_175' title='bbox 957 2627 1095 2707; x_wconf 86' lang='lat' dir='ltr'>aliquos</span> <span class='ocrx_word' id='word_1_176' title='bbox 1117 2625 1128 2656; x_wconf 88' lang='lat'><strong>³</strong></span> <span class='ocrx_word' id='word_1_177' title='bbox 1149 2628 1259 2691; x_wconf 90' lang='lat' dir='ltr'>ducor</span> <span class='ocrx_word' id='word_1_178' title='bbox 1275 2629 1321 2692; x_wconf 88' lang='lat' dir='ltr'>ad</span> <span class='ocrx_word' id='word_1_179' title='bbox 1343 2631 1392 2692; x_wconf 93' lang='lat' dir='ltr'>vi·</span> 
     </span>
     <span class='ocr_line' id='line_1_22' title="bbox 206 2718 1392 2813; baseline 0.016 -33"><span class='ocrx_word' id='word_1_180' title='bbox 206 2718 319 2795; x_wconf 82' lang='lat' dir='ltr'>tiendum</span> <span class='ocrx_word' id='word_1_181' title='bbox 333 2735 450 2795; x_wconf 91' lang='lat' dir='ltr'>locum</span> <span class='ocrx_word' id='word_1_182' title='bbox 464 2743 499 2795; x_wconf 90' lang='lat' dir='ltr'>et</span> <span class='ocrx_word' id='word_1_183' title='bbox 513 2732 648 2807; x_wconf 89' lang='lat' dir='ltr'>domos,</span> <span class='ocrx_word' id='word_1_184' title='bbox 665 2751 755 2813; x_wconf 87' lang='lat' dir='ltr'>quas</span> <span class='ocrx_word' id='word_1_185' title='bbox 770 2735 874 2813; x_wconf 92' lang='lat' dir='ltr'>virgo</span> <span class='ocrx_word' id='word_1_186' title='bbox 889 2735 948 2796; x_wconf 89' lang='lat' dir='ltr'>illa</span> <span class='ocrx_word' id='word_1_187' title='bbox 964 2735 1199 2813; x_wconf 87' lang='lat' dir='ltr'>sexagenaria</span> <span class='ocrx_word' id='word_1_188' title='bbox 1215 2732 1227 2763; x_wconf 82' lang='lat'><strong>⁴</strong></span> <span class='ocrx_word' id='word_1_189' title='bbox 1243 2736 1392 2799; x_wconf 86' lang='lat' dir='ltr'>intendit</span> 
     </span>
     <span class='ocr_line' id='line_1_23' title="bbox 205 2821 1393 2919; baseline 0.008 -24"><span class='ocrx_word' id='word_1_190' title='bbox 205 2821 334 2901; x_wconf 85' lang='lat' dir='ltr'>Societati</span> <span class='ocrx_word' id='word_1_191' title='bbox 347 2840 445 2918; x_wconf 87' lang='lat' dir='ltr'>dare,</span> <span class='ocrx_word' id='word_1_192' title='bbox 463 2840 533 2902; x_wconf 92' lang='lat' dir='ltr'>imo</span> <span class='ocrx_word' id='word_1_193' title='bbox 548 2840 619 2903; x_wconf 85' lang='lat' dir='ltr'>iam</span> <span class='ocrx_word' id='word_1_194' title='bbox 635 2840 706 2918; x_wconf 91' lang='lat' dir='ltr'>dat,</span> <span class='ocrx_word' id='word_1_195' title='bbox 724 2851 757 2903; x_wconf 85' lang='lat' dir='ltr'>ct</span> <span class='ocrx_word' id='word_1_196' title='bbox 773 2839 868 2903; x_wconf 86' lang='lat' dir='ltr'>dabit</span> <span class='ocrx_word' id='word_1_197' title='bbox 885 2839 906 2914; x_wconf 82' lang='lat'>⁵,</span> <span class='ocrx_word' id='word_1_198' title='bbox 924 2841 954 2903; x_wconf 93' lang='lat' dir='ltr'>si</span> <span class='ocrx_word' id='word_1_199' title='bbox 965 2841 1124 2903; x_wconf 84' lang='lat' dir='ltr'>Societas</span> <span class='ocrx_word' id='word_1_200' title='bbox 1140 2841 1303 2919; x_wconf 87' lang='lat' dir='ltr'>dignetur</span> <span class='ocrx_word' id='word_1_201' title='bbox 1319 2859 1393 2905; x_wconf 91' lang='lat' dir='ltr'>sus-</span> 
     </span>
     <span class='ocr_line' id='line_1_24' title="bbox 205 2932 1393 3027; baseline 0.009 -27"><span class='ocrx_word' id='word_1_202' title='bbox 205 2932 298 3012; x_wconf 77' lang='lat' dir='ltr'>cipere.</span> <span class='ocrx_word' id='word_1_203' title='bbox 312 2945 429 3010; x_wconf 89' lang='lat' dir='ltr'>Locus</span> <span class='ocrx_word' id='word_1_204' title='bbox 444 2948 582 3026; x_wconf 85' lang='lat' dir='ltr'>amplus</span> <span class='ocrx_word' id='word_1_205' title='bbox 597 2956 660 3023; x_wconf 87' lang='lat' dir='ltr'>est,</span> <span class='ocrx_word' id='word_1_206' title='bbox 683 2959 717 3010; x_wconf 87' lang='lat' dir='ltr'>et</span> <span class='ocrx_word' id='word_1_207' title='bbox 733 2948 858 3010; x_wconf 90' lang='lat' dir='ltr'>domus</span> <span class='ocrx_word' id='word_1_208' title='bbox 880 2948 988 3023; x_wconf 90' lang='lat' dir='ltr'>duae,</span> <span class='ocrx_word' id='word_1_209' title='bbox 1009 2965 1100 3027; x_wconf 89' lang='lat' dir='ltr'>quae</span> <span class='ocrx_word' id='word_1_210' title='bbox 1121 2948 1365 3026; x_wconf 87' lang='lat' dir='ltr'>magnitudine</span> <span class='ocrx_word' id='word_1_211' title='bbox 1380 2949 1393 2979; x_wconf 71' lang='lat'>‘³</span> 
     </span>
     <span class='ocr_line' id='line_1_25' title="bbox 204 3050 1392 3135; baseline 0.008 -26"><span class='ocrx_word' id='word_1_212' title='bbox 204 3054 233 3102; x_wconf 72' lang='lat' dir='ltr'>tc</span> <span class='ocrx_word' id='word_1_213' title='bbox 247 3050 411 3117; x_wconf 85' lang='lat' dir='ltr'>altitudine</span> <span class='ocrx_word' id='word_1_214' title='bbox 430 3055 587 3117; x_wconf 91' lang='lat' dir='ltr'>omnium</span> <span class='ocrx_word' id='word_1_215' title='bbox 607 3055 807 3117; x_wconf 86' lang='lat' dir='ltr'>vicinorum</span> <span class='ocrx_word' id='word_1_216' title='bbox 828 3055 954 3117; x_wconf 89' lang='lat' dir='ltr'>domus</span> <span class='ocrx_word' id='word_1_217' title='bbox 975 3054 1165 3131; x_wconf 90' lang='lat' dir='ltr'>excedunt,</span> <span class='ocrx_word' id='word_1_218' title='bbox 1188 3055 1312 3135; x_wconf 92' lang='lat' dir='ltr'>quibus</span> <span class='ocrx_word' id='word_1_219' title='bbox 1334 3058 1392 3119; x_wconf 86' lang='lat' dir='ltr'>ad-</span> 
     </span>
     <span class='ocr_line' id='line_1_26' title="bbox 200 3140 1391 3242; baseline 0.006 -24"><span class='ocrx_word' id='word_1_220' title='bbox 200 3140 308 3223; x_wconf 79' lang='lat' dir='ltr'>iunctae</span> <span class='ocrx_word' id='word_1_221' title='bbox 320 3173 401 3224; x_wconf 89' lang='lat' dir='ltr'>sunt</span> <span class='ocrx_word' id='word_1_222' title='bbox 416 3173 490 3225; x_wconf 90' lang='lat' dir='ltr'>tres</span> <span class='ocrx_word' id='word_1_223' title='bbox 505 3171 565 3224; x_wconf 86' lang='lat' dir='ltr'>aut</span> <span class='ocrx_word' id='word_1_224' title='bbox 580 3173 732 3241; x_wconf 88' lang='lat' dir='ltr'>quatuor</span> <span class='ocrx_word' id='word_1_225' title='bbox 746 3162 872 3224; x_wconf 89' lang='lat' dir='ltr'>domus</span> <span class='ocrx_word' id='word_1_226' title='bbox 887 3178 1032 3240; x_wconf 88' lang='lat' dir='ltr'>paruae,</span> <span class='ocrx_word' id='word_1_227' title='bbox 1048 3162 1140 3224; x_wconf 90' lang='lat' dir='ltr'>inter</span> <span class='ocrx_word' id='word_1_228' title='bbox 1152 3178 1241 3241; x_wconf 90' lang='lat' dir='ltr'>quas</span> <span class='ocrx_word' id='word_1_229' title='bbox 1256 3172 1309 3225; x_wconf 91' lang='lat' dir='ltr'>est</span> <span class='ocrx_word' id='word_1_230' title='bbox 1321 3165 1391 3242; x_wconf 88' lang='lat' dir='ltr'>pln-</span> 
     </span>
     <span class='ocr_line' id='line_1_27' title="bbox 201 3252 1395 3348; baseline 0.015 -34"><span class='ocrx_word' id='word_1_231' title='bbox 201 3252 277 3326; x_wconf 85' lang='lat' dir='ltr'>ttities</span> <span class='ocrx_word' id='word_1_232' title='bbox 288 3285 426 3348; x_wconf 87' lang='lat' dir='ltr'>magna,</span> <span class='ocrx_word' id='word_1_233' title='bbox 441 3269 476 3331; x_wconf 94' lang='lat' dir='ltr'>in</span> <span class='ocrx_word' id='word_1_234' title='bbox 489 3286 558 3348; x_wconf 91' lang='lat' dir='ltr'>qua</span> <span class='ocrx_word' id='word_1_235' title='bbox 574 3284 704 3347; x_wconf 83' lang='lat' dir='ltr'>magna</span> <span class='ocrx_word' id='word_1_236' title='bbox 716 3269 867 3331; x_wconf 86' lang='lat' dir='ltr'>ecclesia</span> <span class='ocrx_word' id='word_1_237' title='bbox 881 3268 1060 3332; x_wconf 86' lang='lat' dir='ltr'>aedificari</span> <span class='ocrx_word' id='word_1_238' title='bbox 1072 3281 1200 3347; x_wconf 89' lang='lat' dir='ltr'>posset.</span> <span class='ocrx_word' id='word_1_239' title='bbox 1214 3268 1281 3332; x_wconf 92' lang='lat' dir='ltr'>Hic</span> <span class='ocrx_word' id='word_1_240' title='bbox 1293 3270 1395 3332; x_wconf 94' lang='lat' dir='ltr'>locus</span> 
     </span>
     <span class='ocr_line' id='line_1_28' title="bbox 199 3366 1394 3455; baseline 0.001 -18"><span class='ocrx_word' id='word_1_241' title='bbox 199 3366 333 3437; x_wconf 68' lang='lat' dir='ltr'>‘lilinum</span> <span class='ocrx_word' id='word_1_242' title='bbox 347 3376 454 3438; x_wconf 86' lang='lat' dir='ltr'>habet</span> <span class='ocrx_word' id='word_1_243' title='bbox 470 3384 589 3438; x_wconf 80' lang='lat' dir='ltr'>aerem</span> <span class='ocrx_word' id='word_1_244' title='bbox 604 3393 669 3438; x_wconf 89' lang='lat' dir='ltr'>nec</span> <span class='ocrx_word' id='word_1_245' title='bbox 683 3376 804 3455; x_wconf 90' lang='lat' dir='ltr'>procul</span> <span class='ocrx_word' id='word_1_246' title='bbox 819 3386 872 3438; x_wconf 89' lang='lat' dir='ltr'>est</span> <span class='ocrx_word' id='word_1_247' title='bbox 884 3394 905 3438; x_wconf 92' lang='lat' dir='ltr'>a</span> <span class='ocrx_word' id='word_1_248' title='bbox 918 3393 1055 3438; x_wconf 91' lang='lat' dir='ltr'>summo</span> <span class='ocrx_word' id='word_1_249' title='bbox 1067 3377 1197 3454; x_wconf 91' lang='lat' dir='ltr'>templo</span> <span class='ocrx_word' id='word_1_250' title='bbox 1212 3385 1247 3439; x_wconf 89' lang='lat' dir='ltr'>ct</span> <span class='ocrx_word' id='word_1_251' title='bbox 1259 3394 1280 3438; x_wconf 89' lang='lat' dir='ltr'>a</span> <span class='ocrx_word' id='word_1_252' title='bbox 1293 3379 1394 3439; x_wconf 89' lang='lat' dir='ltr'>scho-</span> 
     </span>
     <span class='ocr_line' id='line_1_29' title="bbox 198 3462 1392 3562; baseline 0.006 -23"><span class='ocrx_word' id='word_1_253' title='bbox 198 3462 231 3528; x_wconf 75' lang='lat' dir='ltr'>lii·</span> <span class='ocrx_word' id='word_1_254' title='bbox 243 3471 323 3544; x_wconf 90' lang='lat' dir='ltr'>Intus</span> <span class='ocrx_word' id='word_1_255' title='bbox 337 3482 612 3562; x_wconf 85' lang='lat' dir='ltr'>supellectilibus</span> <span class='ocrx_word' id='word_1_256' title='bbox 627 3483 838 3545; x_wconf 86' lang='lat' dir='ltr'>necessariis</span> <span class='ocrx_word' id='word_1_257' title='bbox 850 3492 997 3545; x_wconf 87' lang='lat' dir='ltr'>ornatae</span> <span class='ocrx_word' id='word_1_258' title='bbox 1013 3492 1094 3544; x_wconf 90' lang='lat' dir='ltr'>sunt</span> <span class='ocrx_word' id='word_1_259' title='bbox 1109 3481 1130 3544; x_wconf 78' lang='lat'>².</span> <span class='ocrx_word' id='word_1_260' title='bbox 1148 3480 1185 3545; x_wconf 89' lang='lat' dir='ltr'>Si</span> <span class='ocrx_word' id='word_1_261' title='bbox 1200 3483 1299 3546; x_wconf 88' lang='lat' dir='ltr'>locus</span> <span class='ocrx_word' id='word_1_262' title='bbox 1312 3502 1392 3546; x_wconf 87' lang='lat' dir='ltr'>vcn-</span> 
     </span>
     <span class='ocr_line' id='line_1_30' title="bbox 197 3569 1393 3667; baseline 0.002 -16"><span class='ocrx_word' id='word_1_263' title='bbox 197 3569 302 3651; x_wconf 67' lang='lat' dir='ltr'>delidus</span> <span class='ocrx_word' id='word_1_264' title='bbox 322 3601 433 3667; x_wconf 89' lang='lat' dir='ltr'>esset,</span> <span class='ocrx_word' id='word_1_265' title='bbox 454 3590 542 3653; x_wconf 86' lang='lat' dir='ltr'>bene</span> <span class='ocrx_word' id='word_1_266' title='bbox 561 3591 697 3652; x_wconf 88' lang='lat' dir='ltr'>valeret</span> <span class='ocrx_word' id='word_1_267' title='bbox 718 3590 831 3652; x_wconf 87' lang='lat' dir='ltr'>tribus</span> <span class='ocrx_word' id='word_1_268' title='bbox 851 3590 1004 3652; x_wconf 91' lang='lat' dir='ltr'>millibus</span> <span class='ocrx_word' id='word_1_269' title='bbox 1023 3589 1247 3652; x_wconf 90' lang='lat' dir='ltr'>florenorum.</span> <span class='ocrx_word' id='word_1_270' title='bbox 1270 3589 1335 3653; x_wconf 90' lang='lat' dir='ltr'>Est</span> <span class='ocrx_word' id='word_1_271' title='bbox 1358 3601 1393 3653; x_wconf 89' lang='lat' dir='ltr'>ct</span> 
     </span>
     <span class='ocr_line' id='line_1_31' title="bbox 195 3677 1393 3777; baseline 0.003 -20"><span class='ocrx_word' id='word_1_272' title='bbox 195 3677 249 3746; x_wconf 64' lang='lat'>³¹1³</span> <span class='ocrx_word' id='word_1_273' title='bbox 262 3706 423 3774; x_wconf 88' lang='lat' dir='ltr'>matrona,</span> <span class='ocrx_word' id='word_1_274' title='bbox 440 3714 532 3777; x_wconf 87' lang='lat' dir='ltr'>quae</span> <span class='ocrx_word' id='word_1_275' title='bbox 546 3714 649 3760; x_wconf 88' lang='lat' dir='ltr'>suam</span> <span class='ocrx_word' id='word_1_276' title='bbox 664 3697 817 3774; x_wconf 89' lang='lat' dir='ltr'>domum,</span> <span class='ocrx_word' id='word_1_277' title='bbox 833 3696 916 3759; x_wconf 88' lang='lat' dir='ltr'>huic</span> <span class='ocrx_word' id='word_1_278' title='bbox 930 3698 1010 3759; x_wconf 92' lang='lat' dir='ltr'>loco</span> <span class='ocrx_word' id='word_1_279' title='bbox 1023 3696 1190 3773; x_wconf 84' lang='lat' dir='ltr'>vicinam,</span> <span class='ocrx_word' id='word_1_280' title='bbox 1207 3696 1315 3759; x_wconf 84' lang='lat' dir='ltr'>etiam</span> <span class='ocrx_word' id='word_1_281' title='bbox 1330 3695 1393 3760; x_wconf 86' lang='lat' dir='ltr'>So-</span> 
     </span>
     <span class='ocr_line' id='line_1_32' title="bbox 193 3784 1392 3883; baseline 0.02 -40"><span class='ocrx_word' id='word_1_282' title='bbox 193 3784 288 3862; x_wconf 89' lang='lat' dir='ltr'>cietati</span> <span class='ocrx_word' id='word_1_283' title='bbox 300 3803 383 3867; x_wconf 90' lang='lat' dir='ltr'>dare</span> <span class='ocrx_word' id='word_1_284' title='bbox 399 3805 485 3866; x_wconf 91' lang='lat' dir='ltr'>vult.</span> <span class='ocrx_word' id='word_1_285' title='bbox 502 3804 566 3867; x_wconf 89' lang='lat' dir='ltr'>Est</span> <span class='ocrx_word' id='word_1_286' title='bbox 581 3813 615 3867; x_wconf 90' lang='lat' dir='ltr'>et</span> <span class='ocrx_word' id='word_1_287' title='bbox 632 3803 701 3866; x_wconf 86' lang='lat' dir='ltr'>alia</span> <span class='ocrx_word' id='word_1_288' title='bbox 717 3814 898 3876; x_wconf 86' lang='lat' dir='ltr'>matrona,</span> <span class='ocrx_word' id='word_1_289' title='bbox 914 3803 1077 3881; x_wconf 90' lang='lat' dir='ltr'>adquam</span> <span class='ocrx_word' id='word_1_290' title='bbox 1089 3814 1240 3865; x_wconf 87' lang='lat' dir='ltr'>vocatus</span> <span class='ocrx_word' id='word_1_291' title='bbox 1255 3802 1315 3883; x_wconf 82' lang='lat' dir='ltr'>fui,</span> <span class='ocrx_word' id='word_1_292' title='bbox 1334 3823 1392 3867; x_wconf 92' lang='lat' dir='ltr'>cu·</span> 
     </span>
    </p>
   </div>
   <div class='ocr_carea' id='block_1_3' title="bbox 194 3976 1392 4744">
    <p class='ocr_par' dir='ltr' id='par_1_5' title="bbox 194 3976 373 4008">
     <span class='ocr_line' id='line_1_33' title="bbox 194 3976 373 4008; baseline -0.006 -25"><span class='ocrx_word' id='word_1_293' title='bbox 194 3976 373 4008; x_wconf 31' lang='grc' dir='ltr'><strong>,κῃ--</strong></span> 
     </span>
    </p>

    <p class='ocr_par' dir='ltr' id='par_1_6' title="bbox 225 4099 1207 4169">
     <span class='ocr_line' id='line_1_34' title="bbox 225 4099 1207 4169; baseline -0.006 -7"><span class='ocrx_word' id='word_1_294' title='bbox 225 4099 231 4130; x_wconf 85' lang='lat'><strong>¹</strong></span> <span class='ocrx_word' id='word_1_295' title='bbox 252 4115 380 4162; x_wconf 73' lang='lat' dir='ltr'>tourttte.</span> <span class='ocrx_word' id='word_1_296' title='bbox 391 4118 458 4163; x_wconf 84' lang='lat' dir='ltr'>Vide</span> <span class='ocrx_word' id='word_1_297' title='bbox 471 4116 584 4161; x_wconf 73' lang='lat' dir='ltr'>Pocaucr</span> <span class='ocrx_word' id='word_1_298' title='bbox 597 4117 752 4167; x_wconf 73' lang='lat' dir='ltr'>citronicon,</span> <span class='ocrx_word' id='word_1_299' title='bbox 762 4123 780 4159; x_wconf 89' lang='lat' dir='ltr'>t.</span> <span class='ocrx_word' id='word_1_300' title='bbox 791 4127 826 4168; x_wconf 82' lang='lat' dir='ltr'>iv,</span> <span class='ocrx_word' id='word_1_301' title='bbox 838 4126 896 4169; x_wconf 77' lang='lat' dir='ltr'>pag.</span> <span class='ocrx_word' id='word_1_302' title='bbox 908 4114 956 4165; x_wconf 74' lang='lat'>275,</span> <span class='ocrx_word' id='word_1_303' title='bbox 968 4125 992 4157; x_wconf 88' lang='lat' dir='ltr'>n.</span> <span class='ocrx_word' id='word_1_304' title='bbox 1002 4112 1043 4156; x_wconf 75' lang='lat'>591</span> <span class='ocrx_word' id='word_1_305' title='bbox 1053 4119 1079 4156; x_wconf 87' lang='lat' dir='ltr'>et</span> <span class='ocrx_word' id='word_1_306' title='bbox 1089 4120 1177 4157; x_wconf 83' lang='lat' dir='ltr'>annot.</span> <span class='ocrx_word' id='word_1_307' title='bbox 1186 4114 1207 4157; x_wconf 80' lang='lat'>5.</span> 
     </span>
    </p>

    <p class='ocr_par' dir='ltr' id='par_1_7' title="bbox 224 4172 720 4234">
     <span class='ocr_line' id='line_1_35' title="bbox 224 4172 720 4234; baseline -0.006 0"><span class='ocrx_word' id='word_1_308' title='bbox 224 4172 233 4204; x_wconf 74' lang='lat'><strong>¹</strong></span> <span class='ocrx_word' id='word_1_309' title='bbox 255 4191 291 4234; x_wconf 77' lang='lat' dir='ltr'>itti</span> <span class='ocrx_word' id='word_1_310' title='bbox 299 4201 343 4234; x_wconf 79' lang='lat' dir='ltr'>nos</span> <span class='ocrx_word' id='word_1_311' title='bbox 352 4201 462 4233; x_wconf 73' lang='lat' dir='ltr'>surrento</span> <span class='ocrx_word' id='word_1_312' title='bbox 472 4201 532 4233; x_wconf 85' lang='lat' dir='ltr'>cum</span> <span class='ocrx_word' id='word_1_313' title='bbox 541 4189 720 4232; x_wconf 75' lang='lat' dir='ltr'>humanitate.</span> 
     </span>
    </p>

    <p class='ocr_par' dir='ltr' id='par_1_8' title="bbox 224 4243 573 4315">
     <span class='ocr_line' id='line_1_36' title="bbox 224 4243 573 4315; baseline 0.003 -13"><span class='ocrx_word' id='word_1_314' title='bbox 224 4243 233 4274; x_wconf 77' lang='lat'><strong>³</strong></span> <span class='ocrx_word' id='word_1_315' title='bbox 254 4254 270 4297; x_wconf 74' lang='grc' dir='ltr'><em>Α</em></span> <span class='ocrx_word' id='word_1_316' title='bbox 277 4262 388 4312; x_wconf 78' lang='lat' dir='ltr'>prandio</span> <span class='ocrx_word' id='word_1_317' title='bbox 397 4268 448 4315; x_wconf 79' lang='lat' dir='ltr'>per</span> <span class='ocrx_word' id='word_1_318' title='bbox 457 4262 573 4315; x_wconf 79' lang='lat' dir='ltr'>aliquos.</span> 
     </span>
    </p>

    <p class='ocr_par' dir='ltr' id='par_1_9' title="bbox 196 4315 1392 4458">
     <span class='ocr_line' id='line_1_37' title="bbox 215 4315 1392 4390; baseline -0.001 -18"><span class='ocrx_word' id='word_1_319' title='bbox 215 4315 235 4390; x_wconf 30' lang='lat'>&#39;⁴</span> <span class='ocrx_word' id='word_1_320' title='bbox 253 4322 364 4377; x_wconf 74' lang='lat' dir='ltr'>theresia</span> <span class='ocrx_word' id='word_1_321' title='bbox 375 4334 403 4386; x_wconf 69' lang='grc' dir='ltr'>[Ξ]</span> <span class='ocrx_word' id='word_1_322' title='bbox 415 4344 468 4376; x_wconf 75' lang='lat' dir='ltr'>vnn</span> <span class='ocrx_word' id='word_1_323' title='bbox 477 4333 527 4376; x_wconf 82' lang='lat' dir='ltr'>den</span> <span class='ocrx_word' id='word_1_324' title='bbox 537 4332 632 4382; x_wconf 74' lang='lat' dir='ltr'>Bergh,</span> <span class='ocrx_word' id='word_1_325' title='bbox 644 4331 673 4374; x_wconf 87' lang='lat' dir='ltr'>B.</span> <span class='ocrx_word' id='word_1_326' title='bbox 685 4331 756 4374; x_wconf 82' lang='lat' dir='ltr'>Petri</span> <span class='ocrx_word' id='word_1_327' title='bbox 768 4329 864 4373; x_wconf 59' lang='lat' dir='ltr'>Canlsli</span> <span class='ocrx_word' id='word_1_328' title='bbox 876 4339 1028 4373; x_wconf 72' lang='lat' dir='ltr'>matertera.</span> <span class='ocrx_word' id='word_1_329' title='bbox 1046 4329 1111 4372; x_wconf 78' lang='lat' dir='ltr'>Vide</span> <span class='ocrx_word' id='word_1_330' title='bbox 1120 4327 1332 4371; x_wconf 68' lang='lat' dir='ltr'>unanimum.</span> <span class='ocrx_word' id='word_1_331' title='bbox 1346 4331 1392 4372; x_wconf 70' lang='grc' dir='ltr'>Γα-</span> 
     </span>
     <span class='ocr_line' id='line_1_38' title="bbox 196 4387 683 4458; baseline 0.002 -13"><span class='ocrx_word' id='word_1_332' title='bbox 196 4387 246 4431; x_wconf 67' lang='lat'>&#39;&#39;¹⁵¹&#39;‘</span> <span class='ocrx_word' id='word_1_333' title='bbox 254 4403 374 4451; x_wconf 71' lang='lat' dir='ltr'>epistulae</span> <span class='ocrx_word' id='word_1_334' title='bbox 385 4407 412 4448; x_wconf 82' lang='lat' dir='ltr'>et</span> <span class='ocrx_word' id='word_1_335' title='bbox 423 4407 494 4456; x_wconf 84' lang='lat' dir='ltr'>acta,</span> <span class='ocrx_word' id='word_1_336' title='bbox 504 4412 522 4448; x_wconf 89' lang='lat' dir='ltr'>t.</span> <span class='ocrx_word' id='word_1_337' title='bbox 535 4415 553 4454; x_wconf 88' lang='lat' dir='ltr'>t,</span> <span class='ocrx_word' id='word_1_338' title='bbox 564 4415 624 4458; x_wconf 78' lang='lat' dir='ltr'>pag.</span> <span class='ocrx_word' id='word_1_339' title='bbox 634 4404 683 4446; x_wconf 77' lang='lat'><strong>701.</strong></span> 
     </span>
    </p>

    <p class='ocr_par' dir='ltr' id='par_1_10' title="bbox 226 4457 386 4520">
     <span class='ocr_line' id='line_1_39' title="bbox 226 4457 386 4520; baseline 0.025 -5"><span class='ocrx_word' id='word_1_340' title='bbox 226 4457 234 4488; x_wconf 79' lang='lat'>²</span> <span class='ocrx_word' id='word_1_341' title='bbox 254 4472 297 4516; x_wconf 80' lang='lat' dir='ltr'>titio</span> <span class='ocrx_word' id='word_1_342' title='bbox 305 4476 386 4520; x_wconf 77' lang='lat' dir='ltr'>dedit.</span> 
     </span>
    </p>

    <p class='ocr_par' dir='ltr' id='par_1_11' title="bbox 225 4528 899 4602">
     <span class='ocr_line' id='line_1_40' title="bbox 225 4528 899 4602; baseline -0.001 -13"><span class='ocrx_word' id='word_1_343' title='bbox 225 4528 234 4560; x_wconf 78' lang='lat'>⁸</span> <span class='ocrx_word' id='word_1_344' title='bbox 253 4536 442 4602; x_wconf 75' lang='lat' dir='ltr'>Locusamptus</span> <span class='ocrx_word' id='word_1_345' title='bbox 451 4550 501 4597; x_wconf 79' lang='lat' dir='ltr'>est,</span> <span class='ocrx_word' id='word_1_346' title='bbox 512 4547 608 4590; x_wconf 80' lang='lat' dir='ltr'>domus</span> <span class='ocrx_word' id='word_1_347' title='bbox 619 4548 690 4590; x_wconf 76' lang='lat' dir='ltr'>ditae</span> <span class='ocrx_word' id='word_1_348' title='bbox 702 4546 899 4598; x_wconf 75' lang='lat' dir='ltr'>triagnituatirre.</span> 
     </span>
    </p>

    <p class='ocr_par' dir='ltr' id='par_1_12' title="bbox 198 4601 1390 4744">
     <span class='ocr_line' id='line_1_41' title="bbox 226 4601 1390 4673; baseline -0.003 -11"><span class='ocrx_word' id='word_1_349' title='bbox 226 4601 233 4631; x_wconf 76' lang='lat'>¹</span> <span class='ocrx_word' id='word_1_350' title='bbox 253 4611 324 4662; x_wconf 66' lang='lat' dir='ltr'>ledes</span> <span class='ocrx_word' id='word_1_351' title='bbox 333 4630 397 4664; x_wconf 76' lang='lat' dir='ltr'>vero</span> <span class='ocrx_word' id='word_1_352' title='bbox 406 4619 622 4673; x_wconf 77' lang='lat' dir='ltr'>supellectilibus</span> <span class='ocrx_word' id='word_1_353' title='bbox 632 4620 797 4662; x_wconf 73' lang='lat' dir='ltr'>necessariis</span> <span class='ocrx_word' id='word_1_354' title='bbox 808 4622 920 4660; x_wconf 78' lang='lat' dir='ltr'>ornatae</span> <span class='ocrx_word' id='word_1_355' title='bbox 936 4620 1008 4659; x_wconf 79' lang='lat' dir='ltr'>sunt.</span> <span class='ocrx_word' id='word_1_356' title='bbox 1026 4615 1115 4658; x_wconf 80' lang='lat' dir='ltr'>Verba</span> <span class='ocrx_word' id='word_1_357' title='bbox 1131 4613 1267 4668; x_wconf 77' lang='lat' dir='ltr'>sequentia</span> <span class='ocrx_word' id='word_1_358' title='bbox 1282 4617 1307 4657; x_wconf 84' lang='lat' dir='ltr'>si</span> <span class='ocrx_word' id='word_1_359' title='bbox 1317 4616 1390 4658; x_wconf 76' lang='lat' dir='ltr'>locus</span> 
     </span>
     <span class='ocr_line' id='line_1_42' title="bbox 198 4677 1389 4744; baseline 0.001 -13"><span class='ocrx_word' id='word_1_360' title='bbox 198 4677 320 4732; x_wconf 56' lang='lat' dir='ltr'>“iltutus</span> <span class='ocrx_word' id='word_1_361' title='bbox 330 4696 410 4743; x_wconf 83' lang='lat' dir='ltr'>esset,</span> <span class='ocrx_word' id='word_1_362' title='bbox 419 4692 486 4735; x_wconf 78' lang='lat' dir='ltr'>bene</span> <span class='ocrx_word' id='word_1_363' title='bbox 496 4691 601 4736; x_wconf 76' lang='lat' dir='ltr'>valeret</span> <span class='ocrx_word' id='word_1_364' title='bbox 611 4691 699 4735; x_wconf 80' lang='lat' dir='ltr'>tribus</span> <span class='ocrx_word' id='word_1_365' title='bbox 716 4691 837 4734; x_wconf 80' lang='lat' dir='ltr'>millibus</span> <span class='ocrx_word' id='word_1_366' title='bbox 841 4690 1010 4744; x_wconf 78' lang='lat' dir='ltr'>florenorum</span> <span class='ocrx_word' id='word_1_367' title='bbox 1023 4688 1177 4731; x_wconf 82' lang='lat' dir='ltr'>omittuntur</span> <span class='ocrx_word' id='word_1_368' title='bbox 1187 4685 1213 4727; x_wconf 82' lang='lat' dir='ltr'>in</span> <span class='ocrx_word' id='word_1_369' title='bbox 1230 4688 1389 4741; x_wconf 74' lang='lat' dir='ltr'>npographo.</span> 
     </span>
    </p>
   </div>
   <div class='ocr_carea' id='block_1_4' title="bbox 1359 4928 1584 5064">
    <p class='ocr_par' dir='ltr' id='par_1_13' title="bbox 1359 4928 1584 5064">
     <span class='ocr_line' id='line_1_43' title="bbox 1359 4928 1584 5064; baseline 0 0"><span class='ocrx_word' id='word_1_370' title='bbox 1359 4928 1584 5064; x_wconf 75' lang='lat' dir='ltr'>..l</span> 
     </span>
    </p>
   </div>
   <div class='ocr_carea' id='block_1_5' title="bbox 0 0 1610 5392">
    <p class='ocr_par' dir='ltr' id='par_1_14' title="bbox 0 0 1610 5392">
     <span class='ocr_line' id='line_1_44' title="bbox 0 0 1610 5392; baseline 0 4"><span class='ocrx_word' id='word_1_371' title='bbox 0 0 1610 5392; x_wconf 95' lang='lat' dir='ltr'> </span> 
     </span>
    </p>
   </div>
  </div>
 </body>
</html>
