3210 5392
658 425 721 483 Art.
744 425 814 484 iffa
1302 426 1360 486 307

126 568 711 647 ue‚sanctissimumEucbaristiae
719 582 983 636 sacramentum
993 571 1356 652 ministraremerum,

112 680 282 756 tempore
292 677 460 740 exclusus
470 676 689 756 (imminebat
701 678 794 741 enim
805 677 870 740 19.a
882 678 996 756 bora),
1010 689 1218 744 consuetum
1228 697 1358 745 munus

102 797 206 845 non
217 783 381 861 exercuit;
397 783 472 863 sed,
488 784 785 864 quemadmodum
799 786 893 865 equi,
914 785 1069 849 triticum
1090 787 1354 866 conculcantes,

90 904 122 950 a
150 889 310 954 stimulis
324 890 462 970 agitati,
478 891 547 954 nisi
561 892 749 972 manipulis
774 891 984 955 triturandis
1010 890 1088 969 (etsi
1108 910 1171 972 per
1190 893 1358 958 dominos

81 1011 203 1059 non
213 996 326 1075 liceat)
338 998 522 1076 surreptis,
539 997 700 1062 rabidam
713 997 845 1062 famem
858 999 984 1062 sedare
1000 1009 1188 1078 nequeunt,
1206 1016 1279 1063 non
1292 1001 1355 1063 ali·

79 1114 190 1165 ter
200 1103 277 1182 ipse;
293 1104 355 1184 qui
371 1121 453 1168 curn
467 1105 646 1168 abstinere
663 1121 737 1168 non
758 1106 927 1185 potuerit,
949 1106 1122 1186 perbreue
1142 1116 1282 1186 tempus
1296 1125 1355 1171 ne·

76 1218 232 1288 ganta
244 1219 403 1290 tempore
418 1227 613 1288 assumens,
640 1212 797 1276 animum
820 1213 1008 1276 recreauit:
1036 1229 1116 1276 cum
1136 1213 1261 1292 paucis
1276 1231 1355 1277 uer-

74 1317 197 1391 bie,
212 1318 269 1382 sed
289 1317 483 1397 altissimis,
500 1316 771 1382 Sanctissimum
785 1317 1055 1383 Sacramentum
1070 1319 1135 1381 sub
1151 1320 1253 1399 panis
1268 1320 1352 1384 ima·

77 1421 210 1500 gine
221 1425 474 1505 comprobauit.
491 1423 628 1504 Quibus
641 1442 767 1488 censes
782 1426 1015 1504 argumentis?
1030 1425 1189 1490 Auream
1203 1435 1238 1490 et
1256 1428 1354 1506 peni·

78 1536 190 1590 tus
200 1529 348 1595 diuinam
369 1530 494 1596 Sancti
508 1531 680 1595 Bernardi
699 1532 911 1595 sententiam
925 1531 1085 1612 efferens
1109 1533 1277 1614 idipsum,
1295 1535 1353 1599 cui

82 1633 274 1702 intentus
287 1649 377 1716 erat,
393 1639 624 1702 asseuerauit.
640 1638 807 1703 Christus
819 1656 971 1702 nascens
986 1657 1024 1703 se
1039 1638 1135 1703 dedit
1147 1641 1182 1702 in
1198 1641 1350 1719 socium,

84 1752 339 1808 consuescens
349 1746 386 1808 in
399 1745 565 1824 edulium,
583 1746 738 1808 moriens
753 1746 789 1808 in
804 1746 968 1824 pretium,
985 1763 1176 1825 resurgens
1192 1764 1229 1809 se
1245 1748 1352 1811 nobis

92 1841 219 1914 dedit
232 1853 267 1915 in
283 1852 494 1932 praemium.
511 1851 542 1914 Ο
557 1853 729 1916 immensa
745 1853 924 1916 maiestas!
941 1853 1019 1933 quis
1034 1863 1108 1916 tam
1119 1854 1262 1932 inscius
1277 1864 1351 1920 tam

96 1954 293 2037 stupidus,
311 1959 392 2038 quis
407 1968 441 2022 et
455 1959 688 2039 intelligentia
703 1968 737 2022 et
752 1968 850 2022 recta
864 1960 973 2023 animi
989 1960 1229 2024 moderatione
1245 1970 1352 2042 atque

99 2063 218 2128 θωπί
234 2067 375 2129 ratione
392 2064 582 2129 destitutus
602 2074 637 2129 te
656 2066 849 2146 aliquando
875 2066 1069 2130 desereret?
1091 2067 1171 2149 quis
1192 2086 1264 2130 non
1277 2086 1351 2132 am·

97 2155 335 2250 metaretur,
362 2172 535 2252 potiretur
564 2190 607 2236 ac
632 2182 801 2253 perpetuo
822 2171 1011 2252 frueretur;
1037 2191 1128 2253 quae
1153 2175 1351 2255 potentiam

98 2262 228 2355 tuam,
245 2278 393 2342 infinitis
406 2279 660 2343 misericordiis
675 2280 943 2358 redundantem,
960 2281 997 2343 in
1011 2281 1127 2344 seruis
1141 2281 1248 2344 etiam
1263 2280 1351 2345 indi-

97 2372 303 2450 gnisgimis
317 2386 504 2449 ostendere
518 2404 590 2449 non
605 2387 766 2450 desistis?

116 2575 126 2588 ·
168 2486 359 2557 Audiuisti
372 2510 524 2575 quoque,
550 2492 623 2556 Rfle
638 2492 754 2566 Pater,
772 2504 858 2573 quot
877 2510 920 2556 ac
935 2494 1057 2574 quanti
1079 2495 1176 2557 hisce
1199 2495 1348 2559 sanctis·

87 2585 213 2665 Sullis
228 2601 355 2665 diebus
370 2600 407 2663 in
421 2601 545 2664 eodem
565 2600 701 2664 Palatio
727 2602 762 2663 in
785 2617 909 2664 mensa
933 2600 1076 2665 Domini
1091 2601 1345 2666 discubuerint:

84 2692 267 2772 ‘luorum
290 2706 575 2772 confessionibus
600 2707 758 2785 (lllmum.
783 2707 920 2771 Ducem
943 2708 950 2739 ¹
971 2724 1053 2771 cum
1071 2709 1215 2789 reliquis
1238 2711 1349 2788 magi·

80 2795 285 2880 stratibus
296 2815 427 2879 milites
437 2815 708 2894 praecedentem
719 2815 906 2894 intelliges)
915 2816 1012 2879 solus
1020 2814 1125 2879 Pater
1138 2815 1348 2880 satisfacere

78 2907 176 2978 Ποῦ
194 2933 355 3005 poterat.
371 2924 408 2987 ni
422 2941 468 2986 ex
482 2923 615 2986 nostris
634 2923 824 3003 quemdam
844 2922 987 2985 Patrem
1008 2923 1074 2985 sibi
1094 2923 1229 2987 socium
1250 2923 1347 2987 adhi-

76 2994 263 3094 buisset.

158 3127 400 3202 Exercentur
416 3138 557 3201 classici
576 3138 613 3200 in
632 3155 778 3202 munere
796 3137 864 3200 sibi
883 3137 927 3200 ab
947 3136 1145 3200 obedientia
1166 3135 1346 3217 imposito,

67 3224 98 3274 a
121 3244 279 3313 quibus
293 3244 525 3308 instituuntur
539 3245 639 3324 pueri
650 3245 792 3323 graecis
806 3253 840 3307 et
852 3244 971 3307 latinis
982 3243 1104 3322 literiS,
1118 3252 1193 3309 tum
1208 3261 1349 3325 quoque

68 3332 260 3415 0Dtimis
274 3351 448 3415 moribus.

159 3451 320 3521 Interim
330 3457 433 3520 uideo
441 3457 526 3536 quid
538 3456 695 3520 derelicti
707 3457 863 3520 fecerim:
877 3455 970 3537 quod
979 3456 1167 3521 dicendum
1179 3458 1347 3535 occurrit,

65 3549 189 3626 eum
216 3565 265 3628 de
286 3563 569 3627 confessionibus
595 3564 761 3642 agebam,
789 3563 1094 3626 annumerandum
1122 3563 1255 3626 suerat:
1283 3563 1346 3625 sed

64 3635 134 3715 R·
156 3663 206 3734 P.
223 3670 267 3733 T.
286 3671 472 3733 molestum
486 3669 562 3733 fore
584 3687 655 3732 non
675 3670 782 3734 credo
802 3670 832 3732 si
852 3669 920 3733 boc
941 3669 977 3732 in
996 3669 1187 3749 postremis
1204 3688 1346 3733 enarra-

66 3762 209 3842 uero:
226 3788 283 3842 est
297 3777 543 3859 proculdubio
558 3794 638 3841 cum
654 3787 933 3840 commemoratu
943 3776 1061 3856 dignis
1074 3776 1341 3840 recensendum.

72 3852 361 3949 Sororessunt
386 3885 561 3964 geminae,
584 3885 762 3964 inquibus
781 3884 902 3947 diuina
928 3883 1169 3945 misericordia
1196 3883 1347 3945 virtutes

74 3978 198 4052 Suas
211 3990 476 4055 demonstrasse
491 3991 677 4054 manifesto
694 3990 842 4053 uidetur.
858 3989 935 4052 Hae
946 3989 1051 4052 huius
1066 3990 1160 4051 uitae
1174 3988 1345 4051 conditio·

78 4080 162 4151 nis
179 4109 266 4160 sunt
279 4115 393 4178 eoque
407 4115 529 4162 amore
543 4098 763 4174 deamantur,
782 4111 830 4174 ut,
845 4096 1140 4177 quemadmodum
1152 4113 1222 4158 uno
1238 4097 1346 4160 enixu

83 4189 229 4297 {ditas
252 4221 330 4269 esse
354 4214 506 4284 constat,
535 4206 584 4268 ita
610 4206 781 4268 ambabus
807 4204 939 4282 (nescio
965 4202 1059 4281 quid)
1087 4203 1178 4265 idem
1201 4204 1290 4265 uelle
1310 4214 1347 4267 et

90 4294 213 4370 ldem
225 4312 313 4375 nolle
327 4329 405 4375 esse
421 4311 566 4375 iudices:
594 4314 705 4375 altera
732 4312 878 4374 alterius
894 4321 1045 4373 mortem
1073 4308 1274 4387 (dummodo
1291 4328 1344 4373 so-

94 4410 236 4477 toriae
247 4419 419 4482 voluntati
433 4419 660 4497 obsequatur)
676 4436 747 4481 non
762 4417 996 4480 abominatur:
1014 4418 1171 4479 etaltera
1190 4417 1345 4497 propriis

114 4558 332 4587 x*—

159 4646 170 4679 ¹
205 4650 319 4704 Hercules
329 4661 361 4703 de
373 4659 446 4704 Este.
