3210 5392
187 412 240 473 128
573 413 746 472 erraann
765 426 1037 482 Quanamasraas

186 557 434 621 adhibendum.
449 557 651 638 Postquam,
665 559 764 621 iuxta
777 574 967 638 puerorum
978 567 1134 638 captum,
1151 566 1205 621 est
1219 557 1422 621 christiana

186 663 348 728 doctrina
363 665 523 745 recitata,
539 664 650 728 frater
664 664 808 746 quidam
823 673 942 729 noster
964 663 1097 728 editum
1115 666 1233 728 locum
1249 681 1424 728 conscen-

186 770 249 849 dit,
270 781 304 834 et
326 772 525 836 doctrinam
543 773 777 836 christianam
796 772 989 836 maioribus
1011 781 1096 835 natu
1116 772 1289 851 prolixius
1313 773 1423 836 inter-

184 887 358 959 pretatur,
384 879 478 958 quod
503 890 587 943 ante
606 880 642 943 in
663 890 785 945 nostro
802 880 960 959 Collegio
975 879 1093 956 fiebat,
1117 878 1180 942 sed
1195 887 1342 959 propter
1357 897 1421 942 an-

185 987 323 1066 gustias
338 988 418 1064 loci,
436 988 495 1067 qui
510 996 563 1049 tot
578 1003 706 1066 capere
720 1003 791 1050 non
807 996 962 1066 poterat,
980 995 1127 1050 coaetus
1141 994 1194 1048 est
1209 985 1322 1049 frater
1337 1002 1420 1049 nos·

186 1102 241 1157 ter
254 1102 392 1157 mutare
407 1095 537 1173 locum,
554 1103 589 1157 et
608 1095 644 1156 in
659 1092 851 1174 quamdam
865 1094 1036 1157 maiorem
1056 1093 1255 1171 ecclesiam,
1271 1101 1425 1156 nostrae

184 1200 304 1264 domui
330 1201 574 1282 propinquam,
596 1217 634 1263 se
653 1218 724 1263 una
743 1217 825 1264 cum
845 1199 1064 1264 auditoribus
1084 1183 1252 1280 racipere.
1280 1199 1360 1279 Quo
1381 1201 1423 1262 in

184 1308 263 1370 loco
275 1309 311 1370 in
326 1308 452 1371 eodem
466 1307 636 1371 exercitio
652 1307 697 1370 ad
711 1305 779 1370 Dei
794 1307 947 1386 gloriam
960 1315 1179 1387 perseuerat.

242 1412 391 1477 Vtinam
415 1430 480 1477 nos
494 1431 616 1477 omnes
632 1415 667 1477 in
683 1406 750 1476 Dei
765 1413 953 1477 dilectione
976 1431 1018 1476 ac
1033 1414 1110 1477 eius
1126 1412 1320 1476 uoluntatis
1335 1429 1422 1475 exe-

184 1522 354 1601 quutione
370 1519 415 1583 ad
431 1521 535 1584 finem
550 1537 660 1600 usque
681 1536 961 1600 perseueremus.

243 1624 346 1708 Quod
360 1637 397 1691 ut
412 1627 484 1707 fiat,
501 1640 583 1692 tuae
597 1627 690 1691 R.‘¹⁸e
712 1622 941 1691 Paternitatis
956 1627 1177 1691 orationibus
1189 1635 1295 1708 atque
1307 1629 1421 1691 sacri·

184 1735 273 1799 ficiis
296 1753 361 1798 nos
380 1734 540 1816 indigere
565 1734 826 1815 cognoscimus,
848 1743 882 1798 et
902 1745 939 1798 ut
955 1734 1056 1798 nobis
1075 1735 1183 1798 ueluti
1198 1734 1424 1815 pauperibus

184 1842 308 1906 faueas
319 1844 550 1922 postulamus.

244 1949 444 2026 Valentiae,
461 1948 627 2014 Calendis
638 1948 856 2030 Septembris
872 1966 965 2012 anno
982 1948 1090 2012 1554.0

244 2055 341 2118 Tuae
357 2053 450 2118 ΚΜ
472 2055 509 2118 Ρ.
528 2055 692 2119 minimus
707 2054 809 2132 filius,

821 2271 1057 2334 Hraaournrus
1072 2268 1247 2332 Rrranon.

242 2695 514 2775 superscriptio·
535 2698 574 2759 in
598 2702 730 2777 quarta
751 2695 914 2776 pagina:
938 2641 1053 2779 Jessus.
1080 2694 1126 2758 Al
1150 2710 1236 2773 muy
1259 2690 1339 2755 pao
1371 2711 1419 2757 en

181 2800 324 2867 Christo
340 2801 454 2866 Padre
470 2806 502 2867 el
516 2802 630 2867 Padre
646 2804 692 2867 M.
708 2804 846 2884 ignatio
863 2804 906 2868 de
921 2803 1068 2884 Loyola,
1085 2799 1292 2880 Praeposito
1307 2815 1418 2880 gene—

179 2911 234 2973 ral
249 2910 292 2973 de
306 2911 341 2972 la
357 2909 553 2991 Compallia
568 2911 612 2975 de
625 2912 741 2994 JesuS,
763 2929 806 2974 en
821 2911 947 2975 Roma.

240 3015 324 3079 Alia
339 3034 461 3079 manu.
479 3017 566 3080 1554.
585 3017 698 3097 Quad.
712 3018 911 3082 Valentiae.
930 3017 982 3082 P.¹
997 3017 1224 3099 Septembris,

241 3123 366 3186 Manet
379 3124 575 3204 vestigium
589 3123 719 3204 sigelli.
