3210 5392
575 432 639 489 Aa.
665 431 734 490 imo
1217 430 1271 488 tto

90 594 171 656 zum,
187 575 274 640 adeo
290 577 401 640 creuit
422 576 489 639 hoc
505 594 598 639 anno
623 575 864 639 confitentium
888 592 1068 653 numerus,
1087 585 1125 638 ut
1148 575 1270 655 depre-

90 684 241 747 nduntur
254 685 374 764 plures
389 683 659 763 quadringentis
679 700 743 745 sua
757 693 906 763 peccata
926 682 1188 761 manifestasse,
1212 682 1271 762 qui

90 790 128 853 :is
140 791 239 853 annis
252 789 405 853 confessi
421 807 491 853 non
507 787 657 852 fuerant.
686 788 752 851 Die
773 789 927 868 quadam
950 788 1128 852 dominica
1152 806 1269 852 acces·
1357 824 1360 831 ·

90 906 166 960 runt
181 897 226 960 ad
247 896 509 959 Eucharistiam
526 894 613 973 1500,
631 913 712 958 cum
728 906 847 959 tamen
863 895 1030 976 oppidum
1045 896 1115 959 hoc
1138 896 1184 959 sit
1200 897 1272 958 exi-

90 1019 171 1066 tum:
187 1001 279 1083 quod
295 1003 325 1064 si
340 1002 513 1079 omnibus,
531 1002 590 1081 qui
605 1001 649 1064 ad
672 1018 737 1065 nos
762 1002 907 1065 ueniunt
932 1002 1139 1080 confessuri,
1161 1004 1271 1082 possi·

90 1126 126 1172 as
139 1108 354 1187 satisfacere,
371 1110 505 1172 nullum
520 1109 683 1171 existimo
699 1108 785 1185 fore,
803 1109 862 1188 qui
882 1109 951 1171 alio
969 1108 1004 1170 in
1025 1110 1105 1170 loco
1131 1109 1271 1172 confite-

90 1223 152 1279 tur:
175 1233 216 1279 ea
232 1215 398 1296 opinione
416 1232 493 1293 nos,
516 1214 681 1293 indignos
696 1215 853 1278 cuiusuis
870 1215 1025 1291 honoris
1043 1217 1197 1295 populus
1214 1215 1272 1278 hic

90 1322 280 1402 osequitur;
301 1322 417 1401 etqui
440 1330 547 1384 antea
571 1322 684 1385 nostri
702 1339 828 1402 parum
854 1321 1075 1385 habebantur
1103 1322 1268 1400 studiosi,

90 1445 149 1505 nc,
164 1429 243 1491 uice
257 1436 405 1505 mutata,
422 1427 672 1490 studiosissimi
687 1427 927 1507 perhibentur.

112 1533 174 1598 Diu
194 1536 411 1613 multumque
430 1532 679 1597 studueramus
699 1534 905 1597 iuramentis
930 1534 1064 1598 crebris
1089 1535 1271 1613 obsistere,

90 1657 132 1703 tm
148 1641 214 1705 hoc
234 1641 271 1704 in
295 1657 407 1720 regno
429 1640 555 1704 uitium
575 1640 654 1718 hoc,
678 1639 823 1719 siquod
848 1641 954 1719 aliud,
981 1642 1079 1722 uiget
1106 1642 1271 1705 maxime.

90 1747 204 1812 indiae
218 1748 379 1810 sancitae
393 1747 569 1826 quaedam
583 1748 682 1826 leges
692 1759 784 1824 sunt,
797 1748 892 1811 omni
906 1750 1036 1828 populo
1053 1750 1272 1813 consentien-

90 1900 97 1927 ‚
115 1855 232 1934 quibus
247 1871 319 1932 eos,
337 1854 397 1934 qui
412 1853 581 1931 iurarent,
597 1871 669 1917 non
684 1854 754 1916 alia
766 1871 879 1934 poena
895 1855 1099 1934 plectendos
1113 1871 1192 1918 esse
1203 1865 1269 1918 sta-

90 1961 191 2024 ebant
206 1963 274 2024 nisi
289 1960 395 2042 quod,
408 1961 528 2023 statim
544 1970 649 2041 atque
661 1961 848 2038 iurassent,
861 1977 1043 2024 nummum
1058 1961 1272 2041 pauperibus

91 2069 264 2146 ogandam
279 2070 534 2147 persoluerent.
551 2066 760 2132 statuebant
779 2067 885 2130 etiam
901 2077 938 2130 ut
958 2068 1017 2148 qui
1038 2070 1168 2131 vellent
1191 2069 1273 2132 huic

90 2172 329 2238 ›nfraternitati
345 2175 405 2253 (ita
421 2175 582 2253 uocatur)
599 2175 756 2254 adiungi,
774 2185 811 2236 ut
826 2191 906 2236 cum
928 2175 1081 2254 primum
1097 2175 1209 2238 alium
1224 2176 1273 2238 iu·

90 2296 147 2344 sse
161 2281 416 2362 conspicerent,
434 2299 514 2344 eum
535 2281 765 2345 admonerent
784 2298 828 2343 ne
849 2282 994 2343 iuraret.
1011 2279 1113 2360 Quod
1133 2282 1163 2344 si
1188 2299 1273 2362 prae

90 2399 253 2466 tupertate
269 2404 450 2451 nummum
465 2390 668 2467 persoluere
685 2406 755 2451 non
766 2398 921 2467 possent,
935 2398 995 2450 aut
1013 2397 1108 2451 certe
1127 2390 1271 2468 nollent,

90 2505 191 2556 ’ucem
211 2494 248 2556 in
267 2503 363 2556 terra
389 2494 567 2574 depictam
586 2495 888 2556 deoscularentur.
915 2492 1045 2557 Mirum
1067 2504 1120 2557 est
1141 2504 1274 2575 quanta

90 2597 178 2677 etitia
191 2600 259 2663 hae
274 2600 457 2662 cautiones
472 2599 601 2663 fuerint
617 2611 800 2679 acceptae:
824 2601 951 2663 mirum
966 2618 1072 2680 quam
1087 2600 1274 2680 diligenter

90 2715 265 2769 ›sematae:
284 2707 345 2768 uix
362 2723 452 2768 vnus
467 2706 607 2783 iurauit,
626 2723 706 2769 cum
722 2715 802 2769 ante
821 2723 859 2768 se
874 2716 946 2769 tres
961 2717 1022 2770 aut
1043 2718 1196 2786 quatuor
1212 2709 1271 2771 ha·

90 2817 124 2886 et,
137 2812 191 2892 qui
205 2829 286 2875 eum
301 2823 506 2875 reuerenter
521 2822 689 2876 accusent
704 2823 739 2876 et
754 2813 881 2876 blande
897 2813 1093 2893 corrigant.

118 2914 213 2982 Venit
235 2919 414 2983 Gandiam
433 2919 645 2983 Valentinus
665 2920 873 3000 Episcopus
897 2921 956 2999 qui
979 2918 1174 3001 Segrianus
1191 2922 1274 2985 dici-

90 3032 124 3097 lf,
138 3038 171 3088 ut
186 3027 401 3089 christianos
417 3043 530 3089 nouos
544 3026 608 3105 (sic
624 3028 752 3106 uulgus
768 3024 988 3089 Sarracenos
1003 3044 1116 3106 nuper
1131 3045 1273 3091 conuer-

90 3134 287 3212 tsappellat)
303 3133 488 3212 inuiseret,
515 3143 549 3196 et
574 3151 635 3197 eos
655 3134 691 3196 in
711 3133 817 3196 rebus
841 3132 970 3196 diuinis
989 3132 1164 3197 erudiret:
1187 3135 1276 3198 adeo

90 3230 143 3301 tim
158 3239 315 3302 infideles
330 3239 425 3301 omni
440 3241 570 3319 populo
582 3239 755 3303 habentur
771 3257 814 3303 ac
829 3240 859 3302 si
874 3241 911 3303 in
931 3239 1047 3302 medio
1063 3237 1275 3304 Sarraceno-

90 3347 129 3403 ¹1n
141 3344 352 3408 habitarent.
366 3343 455 3409 Cum
467 3346 527 3408 diu
538 3345 736 3409 dubitatum
747 3355 841 3409 esset
853 3345 897 3407 ab
910 3343 1088 3426 Episcopo
1101 3347 1277 3425 quomodo

90 3454 169 3515 >sset
185 3453 337 3515 istorum
351 3450 532 3515 hominum
545 3453 764 3533 pertinaciae
780 3453 926 3530 mederi,
946 3453 1037 3516 inter
1052 3452 1122 3515 ali'a
1142 3452 1178 3516 id
1191 3454 1276 3518 i'udi·

90 3554 145 3621 ›uit
158 3559 382 3639 potissimum
393 3559 598 3637 remedium,
612 3569 651 3621 vt
663 3559 786 3622 Patres
798 3569 942 3622 nostrae
953 3556 1141 3622 Societatis
1156 3578 1279 3625 eorum

90 3656 214 3728 fictam
229 3682 353 3728 curam
373 3674 593 3729 assumerent
615 3676 649 3728 et
670 3666 721 3728 eis
743 3666 946 3746 frequenter
968 3667 1278 3746 concionarentur,

115 3773 170 3835 sic
196 3788 320 3834 eorum
343 3771 509 3835 duritiem
530 3772 691 3834 lenirent.
718 3771 840 3853 Itaque
862 3774 930 3835 hoc
952 3774 1091 3851 magnis
1119 3774 1281 3852 precibus

90 3870 258 3960 'iscopus
289 3896 353 3942 suo
382 3888 416 3941 et
445 3880 716 3960 Archiepiscopi
744 3880 895 3957 nomine,
928 3882 1137 3959 postulavit,
1168 3890 1202 3944 et
1232 3882 1281 3944 ita

90 3980 179 4050 fauo
194 4002 335 4065 quoque
346 3985 402 4047 die
417 3986 609 4049 conciones
624 3987 660 4048 in
675 3986 768 4049 hunc
784 4004 888 4049 usum
903 3987 1088 4050 habentur.

106 4083 261 4169 Deniae,
279 4092 372 4171 quod
388 4093 556 4173 oppidum
576 4104 629 4155 est
648 4093 809 4157 Gandiae
829 4093 1041 4172 proximum,
1064 4094 1133 4157 duo
1159 4093 1282 4157 Patres

90 4198 258 4262 ucionati
277 4208 370 4276 sunt,
393 4215 544 4278 quorum
565 4202 654 4262 alter
677 4216 804 4279 pueros
824 4199 1024 4262 doctrinam
1049 4200 1283 4264 christianam

90 4307 186 4382 cuit,
203 4314 238 4367 et
260 4315 298 4368 ut
320 4305 387 4367 hoe
408 4304 604 4369 efficeretur
619 4306 745 4369 deinde
760 4306 969 4369 exercitium
984 4306 1090 4386 quod,
1107 4317 1285 4386 perstaret

90 4414 111 4460 Γ
134 4412 263 4475 multos
278 4411 365 4490 dies,
382 4422 570 4476 suaserunt
584 4415 714 4493 populo
729 4422 763 4475 et
779 4412 950 4491 patribus
965 4429 1054 4492 quos
1068 4413 1203 4477 iuratos
1225 4432 1285 4478 no·

90 4522 203 4595 nant,
219 4527 257 4580 ut
272 4516 449 4581 hominem
466 4519 510 4581 ad
526 4519 593 4583 hoc
608 4536 735 4582 munus
762 4518 964 4582 obeundum
987 4521 1213 4584 commodum
1227 4521 1284 4584 eli·

90 4628 193 4702 rent,
208 4624 301 4703 quod
316 4625 384 4704 ipsi
398 4625 627 4689 libentissime
639 4625 810 4705 fecerunt,
828 4643 909 4688 cum
924 4625 1161 4706 intelligerent
1179 4628 1287 4691 mani·

202 4736 242 4795 T.
257 4754 298 4796 ut.
1113 4759 1147 4812 ²9
