3210 5392
180 417 235 475 126
567 414 739 474 ertuaas
758 428 1030 481 Quanamssrues

181 572 219 625 ut
233 562 432 624 habeantur
459 560 568 640 digni,
591 559 651 640 qui
673 560 764 623 inter
787 568 929 623 nostros
952 566 1263 624 connumerentur.
1280 556 1419 621 Verum

181 678 303 733 noster
316 668 422 731 Pater
439 664 447 697 ¹
464 665 587 730 decem
601 675 738 731 tantum
753 666 854 748 (quos
867 668 938 730 iam
952 664 1160 744 introduxit)
1173 664 1312 744 selegit,
1327 665 1420 728 inter

178 793 272 857 quos
294 784 375 839 sunt
398 774 518 853 aliqui,
535 773 578 836 iis
593 773 755 853 corporis
775 784 810 837 et
826 774 934 837 animi
949 773 1089 837 dotibus
1104 772 1269 854 praediti,
1287 781 1326 835 ut
1349 788 1422 835 non

183 894 317 946 temere
337 879 381 943 de
400 880 452 943 eis
473 879 650 960 possimus
669 881 781 943 multa
800 896 1003 961 magnaque
1022 881 1058 944 in
1080 880 1239 944 futurum
1259 893 1421 959 sperare.

179 991 272 1054 Sunt
295 998 436 1069 praeter
461 987 528 1050 hos
548 986 593 1050 ad
612 987 784 1050 exercitia
811 987 1009 1067 spiritualia
1035 987 1237 1068 complures
1258 983 1418 1048 admissi:

183 1098 311 1159 horum
331 1095 425 1158 bona
451 1111 535 1174 pars
555 1094 702 1156 debetur
725 1094 960 1158 concionibus
979 1094 1135 1158 assiduis
1156 1092 1270 1156 nostri
1290 1090 1329 1155 P.
1352 1090 1424 1155 Do

181 1203 296 1266 ctoris
328 1201 510 1280 Baptistae
539 1199 568 1278 ',
599 1217 690 1280 quae
720 1200 875 1264 maximo
908 1218 991 1264 cum
1018 1203 1195 1282 applausu
1224 1198 1349 1281 populi
1378 1215 1423 1261 ac

186 1310 345 1373 omnium
357 1306 603 1371 aedificatione
618 1305 821 1370 audiuntur.
837 1307 910 1371 Nec
926 1308 1102 1371 immerito
1123 1325 1221 1384 sane,
1238 1323 1323 1369 cum
1337 1304 1423 1369 iudi·

183 1417 244 1479 cio
260 1432 393 1492 eorum,
411 1413 470 1494 qui
486 1414 596 1493 probe
611 1431 688 1476 rem
702 1403 856 1493 teneant,
872 1414 958 1478 nulli
973 1432 1109 1493 eorum,
1127 1414 1237 1495 quiin
1252 1412 1322 1476 hac
1338 1412 1411 1476 ciui

186 1532 262 1585 tate
277 1521 531 1585 concionentur
558 1519 629 1600 (qui
652 1521 753 1584 multi
772 1529 853 1585 sunt
874 1530 981 1601 atque
996 1521 1156 1584 nonnulli
1171 1518 1362 1600 praeclari)
1378 1518 1424 1581 sit

185 1628 376 1692 secundus,
400 1627 464 1691 Est
480 1625 621 1707 quidem
637 1627 672 1689 in
694 1626 959 1691 commonendis
980 1627 1169 1692 aflectibus
1189 1637 1372 1703 strenuus,
1388 1626 1426 1688 in

187 1734 386 1799 alliciendis
411 1734 539 1797 animis
563 1733 729 1813 prudens,
752 1734 788 1797 in
807 1734 963 1798 solandis
983 1735 1117 1814 suauis;
1140 1743 1193 1797 est
1213 1733 1246 1796 ei
1271 1732 1364 1795 mira
1391 1732 1427 1795 in

187 1841 339 1906 dicendo
364 1840 570 1916 dexteritas,
595 1840 630 1903 in
650 1840 941 1921 reprehendendo
965 1841 1175 1918 acrimonia,
1192 1839 1228 1902 in
1243 1838 1429 1902 narrando

190 1949 360 2026 suauitaS,
378 1948 414 2009 in
430 1946 611 2010 suadendo
626 1946 748 2010 feruor
769 1957 803 2010 et
827 1948 910 2025 alia,
933 1965 1024 2029 quae
1041 1947 1076 2010 in
1091 1947 1222 2028 quouis
1237 1945 1432 2009 conciona-

190 2068 269 2120 tore
295 2055 428 2135 optimo
453 2053 721 2134 desyderentur.
749 2053 842 2117 Hinc
862 2053 900 2117 fit
926 2065 963 2118 ut
989 2065 1040 2118 tot
1065 2053 1110 2117 ad
1130 2062 1274 2117 nostros
1288 2051 1430 2130 PatreS,

192 2161 402 2242 praesertim
422 2160 546 2223 diebus
566 2158 764 2239 dominicis,
781 2162 955 2224 accedant
976 2160 1240 2224 manifestaturi
1263 2169 1429 2241 peccata,

192 2270 223 2331 si
239 2267 449 2331 confessarii
464 2267 566 2347 copia
581 2266 654 2346 fiat,
671 2277 710 2330 vt
726 2265 859 2347 Patres,
877 2269 936 2349 qui
956 2269 1061 2348 pauci
1082 2277 1174 2345 sunt,
1192 2266 1358 2330 omnibus
1374 2283 1433 2329 sa·

196 2375 363 2438 tisiacere
377 2381 564 2453 nequeant,
580 2375 637 2437 uel
652 2374 720 2454 ipsi
735 2375 809 2437 uoti
823 2384 1007 2455 compotes
1021 2375 1109 2438 fieri.

175 2463 180 2474 ¹
253 2480 455 2544 Versantur
477 2480 583 2543 etiam
605 2479 741 2559 Patres,
763 2498 845 2544 cum
867 2462 1006 2562 tempus
1021 2481 1137 2560 datur,
1155 2482 1190 2544 in
1212 2479 1433 2561 pauperibus

193 2587 353 2651 uisendis
372 2597 407 2650 et
429 2586 666 2665 consolandis,
688 2604 777 2668 quos
798 2589 916 2663 etiam,
937 2589 974 2651 in
993 2600 1153 2652 extremo
1175 2587 1300 2651 mortis
1314 2602 1435 2665 agone

192 2695 343 2776 positos,
359 2703 464 2774 prout
479 2694 649 2773 temporis
663 2695 859 2758 necessitas
874 2696 1040 2775 postulat,
1054 2695 1238 2759 adiuuant.
1252 2693 1296 2757 Et
1307 2709 1434 2774 quam·

195 2803 249 2865 uis
264 2799 391 2863 adhoc
408 2817 514 2880 quam
530 2799 575 2863 ad
590 2800 686 2863 aliud
702 2802 844 2880 saepius
859 2813 1112 2880 conuocentur,
1130 2810 1334 2865 nontamen
1348 2816 1437 2863 raro

196 2918 371 2972 uocantur
386 2916 424 2969 ut
438 2906 595 2983 dissidia,
612 2907 735 2986 siquae
751 2908 820 2970 sint
835 2909 927 2971 inter
942 2909 1129 2989 coniuges
1146 2909 1203 2972 uel
1219 2907 1308 2970 alios
1330 2923 1438 2987 quos·

195 3016 251 3078 uis
265 3014 426 3077 homines
441 3021 531 3091 orta,
552 3023 777 3092 componant,
796 3014 935 3078 ueniam
961 3031 1026 3094 pro
1047 3015 1187 3078 iniuriis
1203 3014 1310 3077 illatis
1325 3013 1437 3094 impe·

193 3131 300 3193 trent,
318 3121 457 3199 aliaque
472 3121 530 3199 pia
546 3119 581 3182 id
596 3136 709 3199 genus
724 3120 923 3185 conficiant.
942 3121 1020 3202 Quo
1036 3122 1172 3186 factum
1189 3130 1297 3185 estut
1312 3121 1440 3184 suauis

196 3229 324 3292 horum
338 3244 484 3306 operum
499 3227 586 3289 odor
601 3228 646 3290 sit
661 3229 730 3290 late
746 3246 808 3308 per
823 3229 1005 3292 ciuitatem
1022 3246 1182 3308 sparsus,
1199 3229 1248 3291 ita
1272 3236 1310 3291 ut
1326 3227 1437 3291 etiam

198 3336 234 3412 ii,
257 3336 317 3416 qui
332 3344 528 3397 extremam
544 3345 682 3414 partem
701 3335 855 3398 ciuitatis
875 3337 1053 3415 habitant,
1071 3337 1139 3398 huc
1155 3336 1201 3398 ad
1216 3351 1293 3412 nos
1312 3335 1437 3398 oblata

197 3442 421 3518 necessitate,
444 3441 567 3502 auxilii
587 3442 729 3520 petendi
749 3442 877 3521 gratia,
901 3453 1106 3506 accurrant.
1123 3441 1168 3505 Et
1188 3459 1270 3505 cum
1285 3452 1434 3505 nostrae

194 3548 386 3612 Societatis
401 3564 529 3609 nomen
544 3564 615 3610 non
627 3548 672 3611 sit
684 3549 846 3611 omnibus
862 3550 966 3629 plane
981 3550 1178 3628 cognitum,
1195 3561 1277 3612 sunt
1293 3549 1356 3628 qui
1370 3565 1441 3612 nos

199 3657 418 3736 inquirentes
432 3654 651 3732 interrogent
667 3655 810 3718 vbinam
826 3655 984 3719 habitent
994 3656 1041 3735 hi,
1058 3673 1210 3736 quorum
1226 3666 1299 3719 tota
1314 3658 1440 3719 etsola

197 3780 286 3825 cura
302 3771 355 3823 est
372 3763 407 3823 in
422 3761 588 3840 operibus
604 3762 869 3826 misericordiae
886 3780 924 3825 se
940 3780 1121 3826 exercere.

260 3869 444 3932 Mulierem
460 3867 660 3947 quamdam,
678 3886 768 3949 quae
784 3871 840 3932 uel
855 3887 893 3933 se
909 3870 1137 3951 suspendere,
1161 3872 1217 3932 uel
1233 3870 1269 3931 in
1290 3879 1441 3950 puteum

200 3973 449 4056 praecipitare,
467 3976 523 4036 uel
538 3974 631 4037 fame
649 3993 778 4039 necare
794 3976 1015 4056 decreuerat,
1039 3987 1229 4057 propterea
1253 3976 1389 4056 quoda
1403 3995 1443 4041 se

201 4083 272 4146 tilia
288 4082 520 4156 discessisset,
536 4082 650 4145 nostri
669 4081 793 4146 Patres
817 4084 1006 4163 plurimum
1029 4086 1064 4147 in
1087 4084 1240 4147 Domino
1263 4086 1444 4149 consolati

197 4199 295 4265 sunt,
312 4199 479 4252 curantes
494 4187 681 4267 diligenter
696 4200 733 4253 ut
751 4188 819 4252 filia
835 4191 866 4253 ei
882 4192 1049 4254 continuo
1065 4191 1324 4255 restitueretur.
1343 4191 1442 4256 Ado·

202 4300 340 4361 lescens
355 4297 457 4374 aliuS,
475 4297 534 4375 qui
548 4313 670 4358 secum
684 4315 703 4360 e
718 4298 912 4377 longinquo
924 4299 1107 4362 mulierem
1120 4298 1307 4362 inhonesto
1320 4300 1442 4363 animo

205 4476 408 4485 ....—-———-

246 4577 254 4609 ¹
284 4575 311 4618 P.
323 4575 435 4628 Joannes
446 4574 569 4628 Baptista
579 4573 610 4615 de
622 4573 727 4627 Barma,
740 4573 848 4619 Rector.

248 4646 258 4675 ⁹
286 4647 356 4690 Idem
368 4646 395 4690 Ρ.
406 4645 519 4698 Joannes
529 4642 651 4697 Baptista
661 4649 692 4692 de
704 4648 813 4694 Borma,
