3210 5392
662 416 1113 484 lirrsuauQuaumuusruus
1201 420 1204 427 '

332 1440 369 1499 P.
384 1440 505 1501 Petrus
517 1441 711 1502 Domenech

297 1569 299 1574 ·
365 1539 457 1599 Patri
469 1539 598 1614 ignatio
612 1540 654 1599 de
665 1538 806 1616 Loyola.

337 1718 342 1727 ι
402 1637 613 1710 Vallisoleto,
629 1639 643 1696 l
659 1637 809 1711 Januarii
825 1639 893 1698 1555
908 1641 927 1694 ¹.

850 1874 926 1990 riis

337 2165 541 2231 Admodum
555 2166 632 2230 R.‘¹e
653 2168 688 2230 iu
705 2167 846 2230 Christo
861 2168 979 2231 Pater.

284 2290 287 2296 ·
339 2258 566 2353 Quamquam
581 2274 687 2336 credo
703 2274 796 2354 quod
812 2273 917 2337 Pater
936 2274 1151 2338 Franciscus
1164 2275 1177 2309 ²
1191 2283 1226 2337 et
1240 2272 1278 2336 P.
1300 2274 1512 2337 Prouincia-

278 2380 323 2442 lis
336 2378 348 2410 ³
362 2378 403 2442 R.
420 2378 459 2442 P.
475 2378 516 2443 T.
533 2380 721 2443 certiorem
736 2380 894 2444 fecerunt
910 2381 1034 2459 dehis,
1052 2398 1142 2462 quae
1158 2381 1193 2444 in
1208 2389 1331 2444 nostro
1343 2378 1509 2460 Collegio

276 2496 446 2565 aguntur,
462 2486 689 2551 nihilominus
703 2496 822 2551 tamen
836 2487 1022 2552 inferiores
1033 2489 1131 2568 ipsos
1143 2473 1340 2551 obedientia
1352 2488 1509 2567 compel-

280 2593 320 2655 lit
334 2602 373 2656 vt
388 2594 606 2657 exactiorem
621 2595 794 2657 rationem
809 2594 852 2658 de
867 2595 1030 2657 omnibus
1048 2594 1208 2658 reddant.

282 2730 284 2733 ·
338 2699 445 2763 Domi
460 2716 583 2763 omnes
597 2701 686 2764 bene
701 2703 833 2781 valent,
850 2711 884 2765 et
899 2711 1093 2782 sequuntur
1107 2702 1333 2765 vocationem
1351 2718 1455 2764 suam
1470 2701 1509 2765 in

274 2800 631 2887 -Domino,'magnum
645 2808 856 2887 recipientes
876 2809 913 2871 in
933 2808 1008 2871 dies
1027 2808 1139 2871 mutui
1160 2808 1292 2871 amoris
1310 2808 1510 2870 incremen-

279 2922 363 2976 tum.
381 2913 570 2978 Caeterum
584 2915 786 2978 scholastici
803 2915 944 2996 optime,
962 2924 1035 2977 tum
1050 2915 1085 2976 in
1100 2915 1247 2993 artibuS,
1260 2923 1335 2977 tum
1350 2913 1458 2978 etiam
1471 2913 1510 2977 in

278 3039 382 3084 sacra
398 3022 577 3102 theologia
592 3023 789 3102 proficiunt:
806 3022 932 3102 reliqui
946 3031 1112 3085 exercent
1133 3021 1231 3084 vires
1250 3038 1333 3084 suas
1348 3021 1383 3085 in
1399 3013 1510 3084 vinea

279 3127 437 3208 Domini,
464 3147 545 3192 cum
564 3146 744 3209 nunquam
766 3129 855 3192 desit
881 3128 965 3210 quid
987 3137 1106 3207 agant.
1136 3128 1242 3191 Breui
1268 3127 1512 3208 perstringam

278 3251 441 3298 sermone
458 3237 576 3316 aliqua
596 3252 730 3311 eorum,
751 3252 842 3314 quae
861 3236 1036 3299 Dominus
1056 3253 1118 3316 per
1138 3235 1203 3298 hos
1223 3235 1363 3297 inutiles
1381 3251 1513 3297 seruos

279 3359 363 3405 suos
377 3343 445 3404 hoc
460 3342 710 3422 quadrimestri
724 3341 891 3420 dignatus
905 3353 959 3405 est
973 3341 1103 3405 lacere.
1121 3341 1273 3405 Suborta
1294 3341 1359 3403 suit
1378 3340 1512 3404 seditio

278 3448 454 3528 quaedam
465 3465 571 3528 super
587 3456 772 3511 contracto
788 3448 1013 3512 matrimonio
1028 3467 1048 3511 a
1064 3448 1217 3528 quadam
1236 3447 1345 3511 nobili
1365 3446 1509 3510 clande-

279 3554 381 3631 stine,
399 3557 499 3619 cuius
514 3555 579 3617 dos
600 3557 761 3618 valorem
782 3565 890 3634 auget
909 3572 1016 3636 supra
1032 3556 1154 3619 decem
1173 3566 1207 3618 et
1232 3565 1313 3618 octo
1333 3554 1427 3617 mille
1447 3572 1511 3616 au-

279 3680 372 3725 reos.
390 3662 456 3725 Vir
479 3672 596 3726 autem
613 3663 700 3742 ipse,
718 3680 870 3743 quocum
885 3671 1115 3726 contraxerat
1131 3662 1407 3739 matrimonium,
1429 3673 1512 3724 erat

280 3768 408 3849 aliquis
429 3768 567 3832 infimae
588 3769 811 3844 conditionis
839 3770 941 3849 eique
965 3786 1030 3833 nce
1050 3770 1085 3831 in
1105 3770 1248 3848 generis
1268 3769 1451 3833 nobilitate
1475 3781 1513 3832 ct

283 3876 361 3938 aliis
385 3877 612 3956 qualitatibus
627 3877 769 3939 minime
785 3877 953 3956 aequalia,
970 3887 1158 3956 tantasque
1173 3876 1376 3939 inimicitias
1390 3877 1512 3939 'inimi-

282 3982 661 4061 cusgenerishumani
675 3983 766 4046 inter
781 3983 877 4062 ipsos
892 3979 1096 4058 seminarat,
1111 3991 1149 4044 vt
1164 3983 1234 4045 iam
1246 3982 1389 4063 plurimi
1400 3974 1439 4046 'iu
1453 4000 1514 4045 ca·

281 4089 365 4168 pitis
388 4088 578 4151 discrimen
599 4089 835 4165 deuenissent;
859 4099 996 4152 secreto
1017 4100 1135 4152 tamen
1155 4089 1283 4152 nobilis
1302 4090 1361 4152 illa
1386 4090 1456 4152 huc
1472 4107 1515 4153 sc

282 4196 441 4271 contulit,
463 4194 509 4259 ad
533 4195 769 4259 confitendum
792 4207 939 4276 peccata
961 4213 1037 4274 sua3
1054 4196 1215 4277 denique,
1237 4195 1332 4275 quod
1351 4197 1513 4274 religiosi

283 4303 383 4365 multi
397 4303 535 4366 efficere
550 4302 645 4365 haud
661 4305 857 4381 valuerant,
875 4303 979 4366 Pater
992 4303 1133 4384 quidam
1146 4304 1271 4366 domus
1283 4313 1439 4375 nostrae,
1451 4305 1516 4367 cui

321 4508 330 4540 ¹
359 4507 546 4561 Autographae
557 4507 652 4561 duplici
663 4507 732 4561 sollo,
743 4507 825 4562 primo
836 4510 882 4551 sub
893 4520 918 4550 n.
927 4507 975 4559 1128,
987 4508 1070 4552 altero
1081 4518 1145 4550 vero
1157 4518 1204 4549 non
1215 4513 1360 4551 numerato.

322 4581 333 4611 ²
360 4579 387 4623 P.
399 4578 555 4623 Franciacus
565 4579 595 4621 de
607 4578 693 4633 Borja.
1182 4590 1184 4593 ¹

318 4652 334 4683 ³
361 4652 389 4695 P.
400 4652 528 4696 Antonius
538 4651 674 4695 deAraoz.
