3210 5392
178 408 235 466 ‘216
566 406 739 467 L1rrnaan
761 423 1033 477 oonnmuasraas

181 554 198 615 s
198 562 323 617 uerunt
337 562 449 632 arcte,
465 554 503 616 in
512 554 766 617 subueniendis
778 554 926 618 infirmis
936 564 1096 634 tempore
1106 553 1281 617 transitus
1295 567 1399 617 eorm

182 661 227 723 ab
242 660 311 739 hac
326 660 412 738 vita,
429 669 463 722 et
479 660 560 724 aliis
575 661 747 724 similibus
760 662 874 725 solitis
890 661 1183 741 occupationibus
1197 668 1344 724 nostrae
1354 658 1399 723 So

182 766 322 830 cietatis
345 767 443 849 Jesu,
469 766 507 829 in
531 767 658 847 quibus
682 785 864 849 nunquam
887 768 985 832 deest
1008 768 1113 831 nobis
1138 767 1223 847 quid
1247 783 1399 846 agamus

184 873 346 956 Quinque
366 874 494 938 Patres
510 883 594 938 sunt
616 875 782 938 destinati
801 874 987 938 audiendis
1009 873 1307 952 confessionibus
1331 884 1367 935 et
1381 872 1399 936 il

182 990 259 1044 tota
274 980 497 1045 hebdomada
511 981 594 1046 huic
609 983 661 1045 rei
672 982 870 1059 intendunt,
882 983 933 1045 ita
942 991 982 1044 vt
993 982 1089 1045 nulla
1099 990 1328 1062 pertranseat
1342 980 1399 1044 die

183 1088 260 1151 sine
275 1088 477 1152 huiusmodi
488 1089 791 1169 occupationibus.

242 1194 342 1259 Haec
356 1205 449 1273 sunt,
465 1194 543 1258 Rae
559 1193 678 1272 Pater,
695 1213 786 1275 quae
801 1193 841 1257 R.
860 1193 897 1256 P.
914 1194 954 1258 T.
976 1195 1167 1259 scribenda
1186 1194 1346 1258 breuiter
1366 1210 1399 1256 se

183 1319 221 1364 se
236 1303 406 1365 obtulere:
426 1301 517 1365 faxit
536 1300 634 1364 Deus
650 1310 690 1364 vt
709 1318 772 1364 cor
791 1311 952 1365 nostrum
973 1311 1112 1365 aestuet
1131 1301 1355 1377 confusione,
1379 1317 1399 1361 a

183 1409 235 1472 sic
249 1425 316 1472 nos
329 1425 395 1489 pro
409 1408 520 1472 nihilo
535 1409 729 1488 pendentes
749 1393 794 1472 ad
814 1409 891 1472 eius
913 1408 1085 1472 auxilium
1108 1409 1279 1473 continuo
1293 1408 1399 1489 impla

184 1516 335 1580 randum
352 1524 489 1578 mentes
502 1525 646 1578 nostras
659 1515 893 1579 subleuemus.

245 1621 386 1704 Emptio
402 1622 601 1699 domorum,
624 1637 686 1700 per
706 1639 772 1685 nos
792 1632 1002 1702 emptarum,
1023 1621 1142 1701 gratia
1163 1619 1310 1683 Domini
1329 1619 1399 1700 opti

184 1746 240 1792 me
255 1728 358 1791 nobis
373 1729 543 1807 succedit,
559 1728 642 1808 quia
663 1727 834 1808 Princeps
855 1728 933 1808 ipsa
956 1727 965 1758 ¹
980 1728 1131 1807 elargita
1147 1737 1200 1790 est
1220 1727 1325 1790 nobis
1344 1726 1399 1789 ian

183 1836 314 1898 bonam
334 1846 472 1914 partem
491 1834 607 1915 pretii.
629 1834 783 1898 Domino
803 1834 957 1914 fauente,
977 1852 1063 1898 vere
1078 1832 1242 1914 proxime
1260 1841 1399 1897 ventur

186 1943 221 2005 in
237 1941 289 2004 eis
303 1941 484 2021 degemus.

243 2048 298 2111 Tu
312 2048 463 2126 interim,
479 2047 557 2111 Rfl‘
571 2050 607 2112 in
622 2047 765 2112 Christo
780 2047 897 2126 Pater,
914 2049 980 2111 hos
994 2047 1161 2126 indignos
1173 2045 1266 2110 filios
1281 2056 1365 2109 tuos
1380 2046 1399 2109 il

182 2155 251 2217 tuis
266 2172 308 2217 ac
324 2155 616 2218 charissimorum
632 2154 778 2217 Patrum
793 2163 828 2218 et
842 2154 1004 2231 fratrum,
1022 2154 1058 2216 in
1073 2155 1151 2233 ipsa
1164 2151 1270 2215 domo
1285 2152 1399 2231 degen

182 2263 281 2339 tium,
294 2261 479 2324 sacrificiis
490 2271 526 2324 et
537 2261 756 2325 orationibus
767 2260 1035 2324 commendatos
1045 2260 1147 2329 habe.
1162 2259 1241 2322 Hoc
1251 2258 1349 2322 idem
1359 2274 1399 2337 pr

182 2369 288 2431 timus
309 2367 422 2431 aR.‘¹⁰
436 2367 542 2431 Patre
557 2367 777 2449 Hieronymo
797 2367 924 2445 Nadal,
944 2367 1046 2431 cuius
1065 2384 1136 2430 non
1158 2365 1399 2430 obliuiscimur

240 2475 296 2538 Ex
311 2475 440 2556 oppido
459 2475 671 2555 Vallisoleti,
694 2475 853 2538 calendis
866 2474 1040 2557 Januarii,
1061 2490 1157 2537 anno
1177 2491 1198 2535 a
1217 2470 1399 2536 Natiuitat

182 2581 329 2646 Domini
346 2583 437 2645 1555.

239 2689 337 2753 Tuae
352 2687 446 2752 RQ
464 2688 695 2752 paternitatis
710 2689 878 2767 indignus
891 2687 996 2767 filius,

1005 2901 1216 2967 Dumnacu-

239 3222 509 3302 Suparscrtptio
529 3222 569 3284 in
590 3228 724 3302 quarta
744 3222 904 3302 pagana:
926 3222 1129 3287 Admodum
1153 3223 1232 3286 R.‘¹⁰
1249 3225 1289 3288 in
1309 3226 1399 3290 th

179 3339 234 3391 sto
249 3329 347 3392 Patri
361 3328 425 3392 ΜΡ
442 3328 581 3409 ignatio
595 3328 640 3392 de
655 3329 802 3409 Loyola,
819 3329 1029 3409 Praeposito
1043 3330 1204 3408 generali
1223 3329 1399 3396 Societati

178 3436 274 3517 jesu,
292 3435 437 3499 Romae.

239 3542 324 3605 Alia
340 3559 462 3606 manu.
483 3543 571 3605 1555.
588 3542 799 3606 Vallisoleti.
818 3542 1105 3621 Quadrimestres
1119 3545 1191 3626 pm*
1206 3545 1383 3628 Januarii.

248 3648 449 3728 Vestigtum
465 3665 565 3712 cerae
579 3649 713 3712 rubrae
723 3655 757 3712 at
772 3648 902 3727 sigilli.

180 3807 387 3822 .0—-—

221 3891 228 3921 Ι
258 3890 368 3942 Jounna,
378 3890 489 3945 Phillppl
499 3889 524 3933 11
533 3900 617 3933 soror.
