3210 5392
231 430 266 488 12
622 432 1078 497 Lirrnnanouanumnsrnns

227 574 319 638 tiam.
329 585 365 639 et
381 577 521 640 animae
535 578 697 655 salutem,
715 593 758 639 ac
772 575 868 639 uitiis
889 575 1041 640 refertus
1061 576 1256 657 spatiosam
1270 585 1304 640 et
1320 576 1461 643 facilem

225 682 323 755 ¹uiam
332 684 526 764 uoluptatis
540 683 655 747 suerat
670 684 865 762 ingressus
883 700 904 745 a
919 684 1020 747 cuius
1034 683 1178 746 tandem
1193 700 1300 748 cursu
1316 702 1464 748 reuoca·-

226 798 295 866 tus,
310 791 448 871 impulit
462 792 619 855 animum
634 792 680 855 ad
695 792 862 854 uirtutem
877 798 912 853 et
933 806 1052 853 rerum
1070 789 1272 853 diuinarum
1292 792 1458 856 studium.

225 895 316 959 Nam
333 906 486 977 quatuor
501 898 729 978 autquinque
745 897 821 961 dies
840 897 1010 977 impendit
1030 897 1198 960 uitiorum
1217 898 1459 978 extirpationi,

225 1005 390 1083 exposita
406 1006 514 1068 totius
529 1005 624 1069 uitae
638 1006 788 1068 historia
804 1022 866 1085 per
882 1003 1141 1067 confessionem
1157 1007 1371 1083 generalem.

286 1110 365 1174 Hac
379 1113 519 1175 ratione
535 1112 626 1175 adeo
643 1121 769 1192 captus
789 1110 855 1174 fuit
879 1111 1022 1174 uirtutis
1042 1127 1175 1186 amore,
1192 1121 1230 1174 ut
1245 1113 1389 1176 omnino
1404 1114 1462 1177 de-

225 1218 379 1280 creuerit
403 1218 575 1282 familiam
598 1219 634 1282 in
656 1218 724 1282 Dei
748 1219 875 1283 timore
896 1228 931 1281 et
946 1217 1058 1281 ueteri
1076 1218 1258 1281 Ecclesiae
1273 1218 1461 1299 disciplina

227 1322 409 1388 continere
424 1341 630 1406 regereque.

284 1429 429 1508 Omitto,
456 1448 500 1494 ne
519 1434 647 1512 longus
672 1432 756 1508 sim,
777 1432 948 1512 plurimos
968 1440 1115 1495 onustos
1139 1430 1463 1512 suffarcinatosque

221 1538 447 1614 grauissimis
460 1539 628 1618 peccatis,
643 1539 702 1619 qui
717 1538 845 1616 partim
858 1537 1061 1614 inimicitiis,
1078 1537 1209 1618 partim
1223 1539 1390 1603 uindictis
1407 1539 1457 1601 in·

223 1642 394 1723 iuriisque
423 1645 608 1709 obcaecati
629 1662 672 1708 ac
694 1644 881 1723 debilitati,
908 1645 1101 1724 nequibant
1129 1654 1280 1708 conatus
1305 1644 1462 1709 nefarios

224 1749 339 1814 hostis
350 1769 371 1814 a
383 1768 462 1815 sese
473 1754 657 1832 repellere.
672 1751 727 1815 Ac
738 1752 949 1831 simulatque
961 1752 1077 1815 omnis
1090 1753 1229 1832 peccati
1240 1753 1381 1815 sentina
1396 1768 1460 1832 per

226 1856 487 1922 consessionem
502 1876 546 1921 ex
562 1859 632 1922 imo
647 1870 790 1939 pectore
804 1858 871 1922 fuit
886 1858 1071 1936 exhausta,
1088 1858 1205 1922 subito
1223 1859 1259 1922 in
1274 1860 1369 1921 uiam
1391 1858 1461 1922 Do·

228 1963 315 2026 mini
334 1965 525 2029 redierunt.

286 2070 472 2152 Reliquum
498 2082 568 2151 est,
595 2072 712 2152 Pater,
734 2081 772 2135 ut
795 2072 952 2135 breuiter
978 2071 1136 2152 accipias
1164 2072 1458 2138 consuetudinem

226 2187 443 2242 nostramet
463 2180 717 2244 institutionem
736 2179 928 2242 iuuentutis
948 2187 1109 2257 nostrae,
1132 2178 1226 2258 quod
1245 2188 1283 2241 tu
1304 2179 1459 2243 maxime

226 2286 319 2348 scire
331 2285 462 2348 studes
476 2284 602 2349 Patres
613 2303 651 2349 se
663 2286 817 2349 officiose
828 2294 1016 2364 gesserunt
1030 2285 1137 2362 domi,
1154 2296 1228 2348 tum
1240 2286 1458 2350 consulendo

218 2390 371 2455 fratrum
387 2393 503 2469 saluti,
517 2402 592 2456 tum
606 2394 786 2456 incitando
801 2393 963 2472 exemplo
976 2391 1021 2454 ad
1032 2392 1197 2454 uirtutem
1213 2404 1246 2453 et
1263 2393 1451 2457 actionem.

220 2496 388 2561 Fratrum
403 2500 643 2580 unusquisque
659 2499 850 2577 contendit,
868 2500 973 2561 rebus
988 2499 1109 2562 mundi
1124 2500 1307 2577 neglectis,
1325 2500 1455 2563 offerre

223 2621 262 2667 se
278 2604 420 2668 Christo
435 2607 590 2670 hostiam
606 2608 736 2682 uiuam,
754 2616 916 2670 sanctam
930 2617 964 2669 et
976 2605 1053 2668 Deo
1066 2607 1263 2685 placentem
1271 2615 1306 2668 et
1321 2606 1453 2670 imitari

226 2710 336 2775 filium
350 2713 512 2791 hominiS,
530 2715 675 2794 quinon
696 2730 796 2776 suam
817 2713 879 2776 sed
899 2712 1014 2776 Patris
1035 2724 1206 2775 executus
1221 2723 1274 2775 est
1290 2715 1454 2776 uolunta·

224 2828 307 2882 tem.
329 2819 418 2883 Cum
441 2822 511 2883 sint
537 2838 683 2884 numero
705 2822 828 2901 pauci,
856 2829 937 2883 sunt
957 2820 1132 2884 charitate
1154 2829 1189 2882 et
1214 2835 1321 2898 opere
1343 2821 1455 2899 multi;

221 2914 363 3006 temp'us
377 2944 480 2990 omne
495 2929 631 3005 studiis,
649 2926 771 2990 officiis
792 2927 997 2990 domesticis
1014 2937 1048 2989 et
1063 2925 1282 2989 orationibus
1299 2927 1455 3006 partiun-

223 3041 292 3110 tur;
310 3033 452 3097 minima
469 3035 585 3114 portio
601 3035 765 3097 tribuitur
781 3051 916 3111 somno,
934 3033 1048 3095 minor
1064 3032 1155 3109 cibo,
1172 3033 1268 3095 nulla
1280 3033 1362 3094 otio.
1376 3030 1453 3096 Stu-

224 3139 363 3201 diorum
386 3149 419 3203 et
440 3142 670 3204 institutionis
693 3140 937 3204 lassitudinem
958 3149 1098 3203 recreat
1118 3139 1338 3218 deprecatio;
1361 3140 1454 3204 hanc

225 3263 310 3309 mox
325 3257 386 3309 aut
403 3249 676 3325 aegrotantium,
697 3259 757 3311 aut
772 3248 823 3310 rei
839 3247 1033 3310 culinariae
1047 3258 1082 3310 et
1097 3246 1248 3309 aliarum
1263 3247 1454 3309 necessita·

228 3362 303 3415 tum
318 3355 467 3433 suscipit
483 3371 580 3431 cura,
597 3364 635 3418 ut
650 3357 764 3417 lassos
780 3354 825 3417 ad
840 3363 990 3417 stratum
1012 3354 1144 3430 uenire,
1162 3353 1454 3433 ambulantesque

226 3460 432 3539 dormitare,
449 3470 483 3523 et
498 3461 648 3524 necdum
664 3463 805 3541 expleto
820 3478 944 3523 somno
960 3476 1106 3538 surgere
1122 3459 1257 3522 uideas.

279 3567 447 3631 iuuentus
467 3569 629 3631 instituta
648 3568 713 3631 fuit
731 3568 930 3647 diligenter,
948 3577 983 3630 et
1005 3565 1198 3629 informata
1220 3582 1284 3646 pro
1305 3565 1452 3642 uiribus,

219 3682 254 3736 et
275 3674 320 3737 ad
340 3674 506 3755 pietatem
528 3685 563 3738 et
581 3675 848 3739 humanitatem.
868 3673 969 3737 Multi
990 3691 1076 3738 sane
1097 3674 1133 3737 in
1153 3673 1265 3736 literis
1286 3682 1320 3736 et
1343 3673 1448 3736 hone·

220 3789 314 3844 state
328 3798 478 3861 magnos
494 3781 624 3845 habent
637 3798 860 3862 progressus;
877 3790 958 3843 sunt
970 3781 1062 3844 enim
1078 3779 1114 3842 hi
1127 3778 1279 3859 praediti
1295 3779 1450 3858 singula·

217 3888 260 3956 ri,
288 3896 363 3950 tum
384 3889 538 3968 ingenio,
559 3897 634 3951 tum
663 3887 848 3965 modestia,
869 3899 903 3951 et
922 3904 1000 3950 sese
1022 3887 1106 3950 dant
1121 3885 1449 3966 exercitationibus

218 4004 295 4057 tum
310 3995 552 4075 epistolarum,
568 4004 643 4058 tum
658 3996 870 4073 orationum,
893 4005 968 4057 tum
984 3994 1190 4071 carminum,
1212 4010 1304 4073 quae
1327 3993 1445 4057 omnia

219 4100 447 4166 foelicissime
471 4111 670 4183 praestant.
703 4112 738 4165 et
766 4111 926 4166 nostram
953 4108 1123 4181 superant
1150 4100 1446 4180 expectationem.

221 4206 312 4271 Sunt
325 4217 511 4288 praeterea
526 4210 684 4272 nonnulli
702 4209 777 4273 nati
800 4208 1059 4272 honestissimis
1078 4217 1112 4270 et
1131 4207 1274 4287 optimis
1295 4208 1448 4287 parenti·

220 4314 298 4393 bus,
315 4315 375 4395 qui
389 4317 600 4397 percupiunt
614 4315 705 4379 lilios
719 4333 791 4378 non
806 4316 921 4379 minus
936 4316 1022 4379 dare
1041 4331 1187 4395 operam
1208 4314 1320 4377 literis
1341 4331 1453 4394 quam

222 4422 356 4485 uirtuti.

281 4529 430 4593 Multam
444 4531 572 4611 ubique
587 4530 746 4610 gentium
758 4547 865 4594 cerno
877 4546 1038 4607 messem,
1055 4527 1172 4604 Pater,
1189 4527 1251 4590 sed
1263 4526 1447 4607 operarios

219 4652 368 4718 paucos,
385 4637 567 4717 rogandus
581 4638 691 4718 igitur
705 4635 888 4715 Dominus,
910 4645 948 4700 ut
967 4636 1083 4699 mittat
1098 4635 1292 4715 operarios,
1321 4643 1356 4698 et
1378 4651 1452 4696 ma·
