3240 5386
182 391 236 449 720
556 389 729 449 errnurln
745 405 1019 457 ouunnmnsrans

245 535 432 599 Caeterum
451 534 574 598 Patres
595 552 638 597 ac
658 533 804 598 Fratres
826 533 869 597 de
893 538 1007 599 salute
1029 537 1156 600 melius
1181 537 1257 599 iam
1282 536 1425 599 habent:

184 660 293 722 porro
308 643 490 722 hucusque
506 659 576 704 non
591 641 742 717 exiguus
756 639 891 704 idcirco
908 643 1107 723 insumptus
1122 654 1179 706 est
1192 643 1311 720 labor,
1326 640 1426 721 cujus

185 762 367 829 expertem
382 748 636 811 Paternitatem
650 758 748 811 tuam
763 728 860 811 Deus
875 765 1034 812 summus
1052 760 1225 813 aeternus
1239 749 1304 812 diu
1325 749 1424 813 nobis

185 856 352 936 dignetur
367 872 523 918 seruare.

246 962 473 1043 Methymnae
489 961 613 1042 Campi
628 961 648 1024 4
662 960 842 1025 Kalendas
856 961 1046 1043 Januarias
1063 961 1151 1025 1555.

245 1069 475 1133 Paternitatis
489 1078 571 1131 tuae
586 1069 751 1132 minimus
766 1079 802 1131 et
817 1068 983 1148 indignus
998 1068 1138 1132 filiolus.

1031 1259 1054 1329 †

793 1336 1006 1419 †Josernus
1027 1355 1075 1401 ns
1096 1335 1256 1400 Acosra.

247 1630 513 1710 Superstriptio
540 1630 578 1693 in
603 1636 735 1710 quarta
755 1629 913 1710 pagina:
933 1630 1009 1713 Jhs.
1030 1629 1109 1694 R!¹⁰
1130 1629 1339 1694 Admodum
1356 1628 1413 1693 Pa-

186 1738 234 1800 tri
248 1746 369 1800 nostro
382 1736 555 1817 Magistro
571 1736 708 1818 ignatio
723 1735 766 1800 de
780 1737 927 1817 Loyola,
944 1736 1152 1818 Praeposito
1172 1737 1338 1817 generali
1360 1734 1413 1800 So·

188 1924 326 1988 cietatis
339 1925 433 2007 Jesu,
450 1928 472 1998 †
486 1924 630 1988 Romae.

246 2030 331 2094 Alia
346 2049 469 2096 manu:
493 2031 570 2095 1556
584 2031 677 2109 (sic).
694 2031 902 2112 Methymna
917 2030 1054 2111 Campi.
1078 2029 1385 2110 Quadrimestres.
1401 2029 1419 2090 l

189 2140 300 2201 calen.
321 2137 493 2218 Januarii.

258 2244 455 2324 Vestigium
470 2260 570 2307 cerae
584 2242 714 2323 sigilli.

688 2884 911 2968 ODXLIV

243 3228 363 3285 Petrus
374 3227 564 3285 Ludovicus
580 3226 702 3284 Beuter

279 3325 372 3382 Patri
386 3324 512 3397 Ignatio
526 3324 567 3381 de
582 3324 721 3396 Loyola.

316 3421 480 3488 Valentia.
496 3421 531 3478 29
546 3422 741 3479 Decembris
757 3422 827 3480 1555
841 3422 861 3476 ¹.

764 3600 838 3718 ils

250 3841 326 3903 Pax
341 3840 486 3919 Christi,
504 3853 572 3903 etc.

250 3946 315 4009 Tot
331 3957 410 4009 sunt
427 3948 609 4026 beneficia,
628 3949 704 4011 Rae
723 3948 775 4026 P.‚
793 3966 882 4028 quae
899 3967 919 4010 a
935 3948 1012 4011 Deo
1029 3960 1099 4028 opt.
1118 3965 1218 4011 max.
1238 3952 1352 4015 nobis
1369 3953 1435 4015 col·

191 4056 276 4116 llata
301 4064 382 4116 sunt
409 4054 463 4117 his
490 4067 641 4134 quatuor
665 4056 854 4130 mensibus
882 4057 1016 4118 tamin
1043 4056 1149 4117 rebus
1176 4058 1437 4134 spiritualibus

190 4178 296 4240 quam
312 4160 346 4221 in
361 4163 624 4239 temporalibus,
642 4173 679 4225 ut
694 4181 739 4224 ex
754 4179 877 4224 eorum
893 4163 1192 4240 contemplatione
1207 4167 1304 4227 sutis
1317 4170 1435 4247 ampla

191 4267 332 4328 occasio
354 4266 521 4330 offeratur
543 4268 708 4330 laudandi
731 4280 764 4330 et
787 4267 1018 4331 benedicendi
1040 4267 1165 4339 Deum,
1194 4287 1281 4334 cum
1308 4274 1344 4335 in
1370 4275 1435 4335 hoc

191 4372 347 4450 Collegio
369 4375 485 4451 plures
507 4374 635 4437 fratres
657 4377 726 4437 sint
749 4392 854 4455 quum
874 4385 978 4437 antea
1000 4374 1159 4437 solebant
1177 4392 1282 4455 esse,
1302 4392 1339 4442 et
1363 4392 1434 4443 tarn

233 4611 239 4641 ¹
269 4612 456 4666 Autographae
469 4614 564 4666 duplici
575 4615 600 4656 in
612 4615 681 4668 solio,
691 4628 733 4658 nn.
743 4616 783 4658 tos
791 4623 816 4658 et
827 4616 874 4658 469.
