3210 5392
725 424 787 481 An.
810 423 879 481 1555
1359 423 1414 482 769

180 570 363 634 hominem
382 587 485 632 suum
506 586 584 632 esse
604 568 770 646 negabat,
786 568 848 631 sed
864 567 1007 630 Domini
1020 567 1307 631 Cardinalisesse
1320 569 1411 632 dice·

178 679 254 756 bat;
276 694 314 740 se
334 677 512 740 hominem
531 693 608 739 esse
630 676 835 754 religiosum
857 684 891 736 et
912 690 1115 753 pauperem,
1137 675 1415 754 necquicquam

186 786 316 848 habere
341 802 406 847 nec
429 784 559 846 habere
582 775 684 844 nelle.
712 781 862 844 Dicebat
887 781 993 843 etiam
1018 781 1121 844 fratri
1145 791 1184 843 vt
1209 783 1416 846 sacerdotes

179 910 259 970 ·eoS‚
276 892 370 971 apud
386 908 474 970 quos
488 889 740 965 diuersaretur,
757 905 981 951 commonere
996 886 1129 950 faceret
1144 904 1200 966 ne,
1218 905 1299 951 cum
1313 907 1351 953 se
1367 892 1413 952 al·

187 1000 431 1079 loquerentur,
453 1012 581 1059 nomen
600 995 683 1073 hoc,
706 993 881 1072 videlicet,
903 992 1054 1056 Setiort'a
1074 1003 1300 1074 vsurparent,
1321 997 1415 1076 quod

187 1122 316 1168 nomen
338 1103 525 1183 Episcopis
546 1110 691 1182 propter
713 1101 924 1181 dignitatem
944 1101 988 1163 ab
1007 1101 1168 1164 omnibus
1188 1101 1296 1165 tribui
1314 1104 1415 1166 solet.

189 1211 358 1275 Faciebat
373 1219 558 1289 praeterea
573 1219 612 1271 vt
627 1207 783 1287 hospites
798 1207 901 1270 simul
916 1206 1177 1287 accumberent,
1200 1217 1234 1271 et
1248 1226 1319 1271 una
1336 1226 1417 1273 cum

183 1321 240 1383 eis
255 1319 372 1381 cibum
385 1317 559 1397 capiebat,
576 1332 768 1395 eorumque
779 1314 955 1377 neminem
969 1313 1036 1376 sibi
1047 1315 1270 1378 accumbenti
1282 1325 1344 1379 aut
1355 1318 1418 1380 mi·

189 1427 343 1488 nistrare
362 1433 422 1486 aut
442 1422 549 1486 etiarn
568 1432 675 1501 caput
697 1421 835 1501 aperire
854 1419 1003 1498 sinebat,
1026 1436 1135 1502 seque
1157 1421 1223 1484 sibi
1246 1423 1418 1502 optimum

190 1532 467 1596 ministratorem
482 1545 560 1591 esse
575 1528 724 1591 dicebat.
742 1526 889 1606 Quoties
903 1527 1155 1607 occupationes
1167 1528 1341 1606 sinebant,
1359 1547 1417 1593 au·

186 1639 309 1702 diebat
330 1636 581 1700 confessiones,
604 1634 694 1698 Cum
715 1634 751 1696 in
771 1633 900 1714 oppida
921 1642 1130 1714 peruentum
1152 1644 1241 1714 erat,
1263 1646 1362 1699 recta
1381 1654 1420 1700 se

187 1744 397 1808 conferebat
412 1743 447 1805 in
462 1743 641 1822 templum,
658 1740 775 1821 ibique
792 1741 910 1803 statim
926 1750 986 1803 aut
1002 1740 1205 1804 chrismatis
1220 1759 1422 1806 sacramen-

194 1860 229 1915 to
243 1850 418 1928 initiabat,
432 1857 493 1911 aut
504 1847 782 1911 concionabatur
792 1846 854 1926 eis,
867 1847 962 1928 apud
973 1864 1062 1927 quos
1073 1847 1331 1927 diuersabatur‚
1345 1850 1423 1931 pias

190 1956 368 2037 quasdam
393 1953 562 2036 precandi
587 1954 665 2017 vias
690 1954 915 2033 rationesque
940 1952 1114 2031 tradebat,
1141 1971 1204 2017 eos
1225 1955 1423 2021 instruebat

191 2081 265 2144 qua
280 2063 418 2126 ratione
432 2071 468 2125 et
486 2070 634 2142 peccata
653 2061 768 2124 vitare
783 2069 927 2140 possent
946 2068 980 2122 et
999 2060 1133 2124 aditum
1148 2061 1214 2124 sibi
1234 2063 1270 2125 in
1286 2065 1424 2127 coelum

200 2169 401 2250 patefacere
415 2170 588 2230 valerent.
604 2167 701 2230 Haec
717 2166 826 2247 igitur
837 2168 992 2246 negotia,
1006 2168 1035 2230 si
1047 2168 1131 2249 quid
1143 2170 1313 2248 temporis
1325 2186 1412 2250 supe

193 2286 305 2356 terat,
322 2292 402 2338 cum
414 2274 610 2354 hospitibus
625 2274 697 2336 suis
709 2274 849 2354 agebat;
859 2292 966 2354 saepe
978 2274 1084 2337 etiam
1096 2275 1140 2337 ab
1155 2292 1225 2338 uno
1242 2275 1373 2356 oppido
1384 2278 1421 2342 in

194 2382 295 2446 aliud
309 2382 376 2445 iter
390 2381 536 2462 pedibus
552 2380 716 2444 faciebat.

259 2489 370 2553 Multa
386 2489 467 2567 alia,
483 2486 590 2551 Pater
605 2488 762 2566 colende,
775 2495 971 2568 praetereo,
985 2505 1076 2568 quae
1088 2487 1186 2551 Deus
1199 2499 1271 2569 opt.
1285 2508 1379 2555 max.
1390 2493 1427 2555 in

201 2598 268 2661 hoc
281 2596 613 2676 Archiepiscopatu,
637 2594 754 2657 Patris
768 2594 936 2676 Episcopi
958 2612 1066 2674 opera
1082 2612 1177 2673 usus,
1197 2596 1324 2677 effecit;
1345 2601 1432 2661 mul·

204 2716 239 2767 ta
263 2704 372 2768 etiam
396 2703 639 2782 praetermitto
665 2702 708 2765 de
732 2702 807 2764 eius
832 2702 1027 2781 praeclaris
1052 2702 1253 2782 uirtutibus,
1280 2722 1431 2784 quarum

205 2810 392 2889 splendore
406 2809 507 2872 multi
521 2809 566 2872 ad
580 2809 720 2872 uirtutis
735 2825 894 2871 amorem
908 2808 1117 2871 excitantur.
1135 2808 1354 2890 Praepotens
1374 2813 1433 2874 ille

206 2917 314 2996 Deus,
327 2935 347 2978 a
362 2934 432 2997 quo
443 2916 561 2979 omnia
573 2916 660 2978 haec
672 2926 853 2994 tamquam
864 2933 885 2977 a
897 2915 1045 2995 perenni
1059 2915 1212 2994 quodam
1227 2917 1323 2979 fonte
1338 2936 1417 2981 ema

205 3033 303 3104 nant,
318 3024 422 3087 nobis
436 3023 472 3086 id
487 3023 671 3102 largiatur,
688 3030 727 3084 vt
741 3031 814 3085 tam
829 3021 1029 3100 singulares
1042 3022 1191 3085 uirtutes
1207 3023 1338 3087 imitari
1353 3042 1433 3105 pos-

201 3134 326 3196 simus.

265 3237 434 3304 Calendis
456 3237 622 3301 Octobris
647 3236 859 3318 principium
884 3236 1080 3300 studiorum
1101 3238 1136 3300 in
1157 3239 1270 3301 nostri
1294 3242 1436 3320 collegii

203 3347 377 3427 peristylo
393 3345 609 3408 celebratum
621 3352 686 3406 est.
703 3343 814 3406 Erant
825 3344 956 3406 multae
967 3345 1158 3420 orationes,
1174 3363 1255 3409 cum
1270 3364 1435 3427 magnae,

207 3464 283 3517 tum
296 3452 404 3515 etiam
416 3451 526 3513 variis
537 3450 714 3514 coloribus
725 3449 905 3530 literisque
917 3460 1076 3528 ornatae,
1089 3451 1282 3530 parietibus
1296 3451 1436 3532 affixae,

209 3577 337 3624 versus
361 3559 469 3620 etiam
492 3567 764 3638 praeceptorum
788 3566 823 3620 et
848 3556 1100 3636 discipulorum
1125 3558 1266 3622 circiter
1289 3558 1378 3639 1800,
1404 3563 1440 3625 in

205 3667 339 3746 quibus
353 3665 464 3727 multa
478 3672 579 3727 erant
594 3664 852 3743 epigrammata
875 3664 910 3725 in
930 3663 1071 3726 laudem
1094 3663 1268 3729 Dominae
1283 3671 1439 3745 nostrae,

211 3783 245 3836 et
258 3773 411 3836 aliorum
428 3770 612 3849 Diuorum;
628 3771 798 3832 nonnulla
818 3770 855 3832 in
868 3769 1043 3850 Principis
1063 3770 1264 3834 Cardinalis
1285 3774 1439 3852 laudem,

211 3880 323 3943 multa
339 3878 446 3941 etiam
464 3877 507 3940 de
522 3876 721 3955 uirtutibus;
738 3893 887 3957 quorum
903 3877 1033 3956 partim
1048 3878 1221 3940 columnis
1236 3880 1366 3958 partim
1380 3899 1444 3961 pa·

212 3986 361 4050 rietibus
376 3983 481 4047 affixa
496 3993 608 4046 erant.
625 3983 730 4046 Mane
745 3994 875 4061 autem,
892 3982 1052 4045 confecto
1069 3984 1198 4046 missae
1210 4001 1327 4064 sacr0,
1342 3987 1444 4050 scho-

213 4092 330 4156 lastici
345 4090 390 4153 ad
405 4091 585 4154 orationes
603 4099 856 4168 conuenerunt,
879 4099 984 4169 atque
1002 4090 1051 4152 ibi
1071 4090 1223 4169 primum
1245 4094 1444 4173 aliquantu·

215 4201 286 4263 lum
302 4197 537 4278 disputarunt,
555 4196 681 4260 deinde
696 4195 857 4275 dialogus
873 4196 1016 4277 quidam
1027 4206 1128 4259 actus
1140 4206 1205 4275 est,
1219 4199 1379 4263 oratione
1391 4219 1445 4264 so·

211 4306 288 4369 'luta
304 4305 469 4385 scriptus
486 4305 622 4367 facetus
633 4315 667 4366 et
679 4305 834 4382 elegans,
848 4311 881 4365 et
893 4302 1112 4365 auditoribus
1125 4303 1315 4368 admodum
1326 4306 1444 4370 iocun-

215 4413 297 4477 duS.
319 4412 488 4475 Permulti
511 4412 605 4474 enirn
627 4410 826 4488 adfuerunt,
849 4409 1018 4489 multique
1041 4427 1193 4490 magnae
1219 4413 1449 4478 authoritatis

220 4521 300 4583 uiri.
316 4518 477 4599 Vespere
491 4536 578 4582 vero
594 4515 810 4597 frequentior
831 4516 1013 4579 hominum
1033 4518 1218 4581 multitudo
1235 4523 1402 4584 conuenit
1418 4534 1453 4585 et

220 4627 332 4692 multo
345 4625 518 4690 celebrior
529 4625 565 4688 in
577 4633 736 4688 nostrum
749 4623 936 4702 collegium
948 4640 1144 4687 concursus
1156 4635 1209 4688 est
1221 4626 1349 4691 factus.
1363 4629 1454 4692 Nam

367 4741 406 4797 T.
422 4760 454 4799 nr
1265 4759 1301 4814 49
