3210 5392
580 469 644 528 ΑΝ.
667 470 736 528 1555
1222 466 1277 524 709

43 611 226 677 Dominus
242 614 291 678 ita
307 615 513 680 mirabiliter
525 617 651 695 tetigit,
668 625 706 678 vt
718 625 887 695 quantum
899 616 1054 677 humana
1073 613 1275 676 coniectura

42 720 193 800 assequi
207 721 307 784 nobis
323 722 539 800 conceditur,
557 724 652 786 illam
667 740 751 785 vere
767 734 801 784 et
816 722 1009 785 christiane
1022 721 1276 783 conscientiam

44 827 233 908 aperuisse
248 828 487 892 verisimiliter
501 829 646 892 credere
661 830 849 910 possimus,

107 933 208 997 Haec
224 944 316 1012 sunt,
334 934 522 1000 admodum
536 935 612 999 R.de
627 937 662 999 111
677 935 818 999 Christo
834 934 885 1014 Ρ.,
906 952 996 1016 quae
1012 944 1045 997 te
1060 951 1164 997 nosse
1189 933 1274 995 desi·

45 1040 276 1105 derabamus.
293 1040 461 1122 Superest
478 1053 518 1105 vt
536 1042 651 1107 Deum
672 1042 955 1122 Omnipotentem
970 1059 1035 1120 pro
1050 1041 1152 1104 nobis
1167 1040 1274 1102 omni·

44 1147 114 1211 bus
129 1164 233 1210 orare
248 1165 320 1211 non
334 1148 487 1227 desinas
504 1162 543 1212 vt
557 1168 638 1213 eum
651 1150 755 1213 nobis
766 1164 903 1227 semper
917 1149 1072 1211 animum
1084 1147 1274 1227 impertiat,

44 1271 117 1335 quo
141 1265 175 1316 et
200 1254 313 1318 nostri
336 1255 486 1318 instituti
510 1257 684 1319 rationem
710 1266 904 1334 teneamus,
927 1264 962 1317 et
982 1273 1002 1317 a
1024 1270 1110 1317 vero
1136 1254 1276 1315 tramite

45 1377 233 1440 nunquam
259 1361 451 1440 deuiemuS,
473 1363 623 1443 eiusque
648 1363 895 1426 sanctissimae
924 1360 1099 1424 voluntati
1125 1375 1277 1439 syncero

46 1468 172 1531 animo
190 1485 330 1548 semper
354 1468 497 1532 obedire
516 1470 626 1533 simus
647 1469 774 1550 parati:
795 1469 888 1549 quod
908 1479 948 1530 vt
967 1468 1079 1531 facias
1093 1476 1128 1529 te
1150 1466 1277 1528 iterum

46 1574 300 1657 atqueiterum
316 1575 556 1639 obsecramus,
573 1574 668 1639 Bene
683 1577 763 1638 vale
780 1576 814 1638 in
830 1574 972 1638 Christo
986 1574 1081 1657 Jesu.

213 1680 310 1743 Tuus
327 1681 491 1745 minimus
506 1682 542 1745 in
558 1681 699 1746 Christo
716 1681 807 1744 filius
822 1692 855 1744 et
872 1681 1003 1744 inutilis
1018 1695 1154 1755 seruuS,

777 1894 814 1958 P.
833 1893 980 1958 Gasrnn
993 1893 1222 1958 Fanunuonz.

111 2213 169 2277 Ex
185 2215 433 2278 commissione
449 2215 561 2278 nostri
576 2213 692 2277 Patris
706 2213 868 2277 Rectoris
881 2215 1020 2294 collegii
1035 2214 1279 2293 Burgensis.-

48 2321 246 2402 Duplicata
264 2321 284 2385 ⁸.

114 2429 163 2491 Iu
174 2429 291 2509 primi
302 2409 676 2510 autograplu'pagiua
689 2434 834 2509 quarta,
845 2428 1119 2507 superscriptio:
1129 2425 1221 2509 JHS.
1235 2427 1281 2490 Al

51 2535 140 2616 Muy
155 2535 232 2600 R.‘¹⁰
252 2537 287 2600 in
302 2536 409 2600 Chro.
426 2535 482 2601 P.e
497 2537 581 2600 Nro.
595 2536 650 2599 Pr
665 2535 820 2599 Maestro
833 2534 971 2615 Ignatio
984 2534 1027 2597 de
1039 2534 1186 2614 Loyola,
1200 2533 1280 2596 Pre-

53 2645 172 2724 posito
188 2644 341 2708 Genera]
358 2643 400 2706 de
415 2646 449 2706 13
465 2642 661 2724 Compania
677 2644 719 2706 de
734 2643 848 2726 Jesus,
865 2660 909 2705 en
925 2641 1048 2705 Roma.

116 2749 202 2813 Alia
218 2768 342 2813 manu:
360 2751 447 2813 1555.
464 2751 748 2831 Quadrimestres
769 2751 916 2830 Collegii
933 2749 1126 2827 Burgensis
1148 2749 1280 2810 mensis

51 2853 228 2938 januarii.

123 2962 325 3043 Vestigium
339 2979 440 3026 cerae
455 2969 488 3026 et
503 2962 632 3042 sigilli.

114 3177 162 3239 Iu
179 3176 507 3258 alteriusexempli
520 3182 651 3256 quarta
667 3176 810 3256 pagina
829 3174 1102 3255 superscriptio:
1120 3172 1212 3256 JHS.
1235 3173 1281 3236 Al

52 3301 138 3365 muy
150 3283 227 3347 R.‘¹⁰
236 3285 272 3348 in
287 3283 394 3349 Chro.
408 3284 521 3348 Padre
534 3283 615 3347 Nro.
628 3281 743 3346 Padre
754 3282 909 3346 Maestro
924 3281 1060 3362 Ignatio
1076 3280 1119 3343 de
1131 3279 1279 3360 Loyola,

54 3388 239 3472 Preposito
255 3393 401 3471 general
416 3390 459 3454 de
480 3395 514 3453 13
537 3391 734 3469 Componia
754 3390 797 3452 de
815 3389 889 3471 jhs,
911 3406 955 3451 en
970 3386 1037 3451 St·
1051 3386 1164 3450 Maria
1184 3386 1227 3449 de
1246 3387 1281 3448 13

55 3497 197 3577 Suada,
220 3516 263 3562 en
280 3497 403 3562 Roma.

115 3605 197 3667 Alia
214 3622 338 3668 mauu:
356 3603 442 3668 1556.
460 3604 514 3668 Ex
530 3602 688 3682 Collegio
704 3601 889 3680 Burgensi,
909 3600 946 3663 10
959 3601 1127 3664 calendas
1145 3599 1280 3661 februa·

56 3711 100 3774 rii
115 3711 197 3790 (sic)
211 3711 234 3771 ¹.
804 3733 806 3737 ⁴

127 3818 327 3897 Vestigium
342 3834 442 3881 cerae
457 3815 585 3896 sigilli.

95 4068 101 4095 ¹
135 4068 199 4113 Vide
211 4081 299 4122 supra,
311 4079 371 4122 pag.
382 4067 429 4120 70⁶,
440 4075 530 4110 annot.
546 4068 564 4108 1.

92 4139 104 4170 ²
133 4139 171 4183 En
183 4147 285 4184 sextum
294 4140 432 4183 discrimen
444 4138 510 4182 inter
521 4138 630 4192 primurn
642 4143 668 4179 et
679 4137 790 4179 alterum
801 4133 987 4187 apographum.
