3210 5392
303 418 341 479 db
690 420 860 479 Lnrsaaa
881 436 1153 488 Quaonmasrass

301 566 370 629 duo
396 584 440 629 ex
462 565 630 629 fratribus
653 576 734 629 sunt
754 567 930 643 accersiti,
953 575 992 628 vt
1012 567 1176 646 precibus
1191 567 1293 648 (quas
1307 569 1540 632 horarumlf)

300 674 517 754 nuncupant)
533 674 756 746 interessent,
771 691 861 754 quae
876 684 960 737 tunc
975 675 1144 754 temporis
1156 674 1231 738 lieri
1246 677 1370 751 solent,
1387 677 1448 740 vbi
1463 678 1532 741 sin·

298 781 392 859 gulis
407 780 505 843 horis
519 782 627 843 semel
650 789 755 860 atque
778 781 904 843 iterum
924 779 989 844 fuit
1009 782 1300 860 concionandum,
1325 783 1405 847 aliis
1428 784 1532 847 vicis·

298 887 364 949 sim
378 887 660 950 succedentibus.
678 886 819 966 Quanto
834 896 951 950 autem
972 887 1007 949 id
1027 898 1201 967 prouentu
1221 891 1320 951 nouit
1341 889 1531 955 Dominus.

297 994 401 1058 Certe
426 995 471 1058 ad
496 992 700 1072 lachrimaS,
728 996 931 1075 amplexus,
958 994 1181 1075 gemitusque
1200 997 1364 1075 permulti
1384 999 1531 1078 saepius

296 1101 474 1177 commoti,
490 1102 609 1181 palam
620 1109 754 1179 mutua,
767 1101 873 1164 venia
888 1110 1026 1180 rogata,
1041 1117 1130 1181 pace
1147 1103 1354 1182 composita,
1378 1103 1414 1167 in
1426 1103 1532 1167 Chri·

298 1208 343 1271 sti
357 1208 512 1287 gratiam
526 1207 675 1270 rediere.

355 1313 439 1377 Post
464 1332 587 1377 sacros
608 1313 817 1404 Dominicae
843 1313 1127 1377 Resurrectionis
1149 1315 1224 1379 dies
1239 1314 1331 1379 Μ’
1347 1317 1532 1397 Vicarius,

294 1422 360 1498 vir,
377 1431 415 1484 vt
431 1421 586 1501 quotidie
601 1421 717 1500 magis
732 1438 774 1483 ac
790 1421 906 1500 magis
921 1422 1136 1500 experimur,
1153 1431 1187 1485 et
1203 1423 1344 1502 pietatis
1361 1432 1396 1486 ct
1412 1422 1530 1488 Socie-

293 1530 389 1602 tatis,
408 1545 514 1608 quam
536 1526 781 1608 undecumque
802 1527 998 1608 pervehere
1012 1528 1146 1606 nititur,
1167 1529 1458 1608 studiosissimus,
1476 1531 1531 1595 iu·

292 1635 444 1697 bilaeum
456 1634 491 1698 in
503 1636 634 1714 templo
646 1644 767 1697 nostro
780 1633 1073 1711 constituit,vndc
1084 1652 1178 1698 noua
1190 1634 1365 1699 dominico
1378 1653 1467 1717 agro
1480 1638 1533 1700 in·

293 1750 472 1805 crementa
488 1758 626 1820 semper
642 1749 868 1804 accesserunt
883 1741 1037 1821 nouique
1048 1758 1091 1803 ac
1106 1743 1281 1805 salutares
1295 1742 1433 1806 fructus
1448 1762 1528 1824 per-

293 1849 387 1929 cepti
402 1856 494 1910 sunt.
511 1846 603 1909 ΚΜ
618 1847 723 1910 Pate'r
738 1847 942 1911 Eucrardus
963 1848 1079 1928 pergit
1105 1846 1228 1911 diebus
1243 1848 1341 1913 festis
1357 1850 1392 1913 in
1408 1853 1529 1931 expla-

292 1955 434 2018 natione
446 1954 676 2034 epistolarum
692 1954 738 2017 ad
750 1953 987 2029 Timotheum,
1004 1955 1203 2035 frequentia
1214 1973 1284 2018 non
1301 1967 1528 2021 contemnen-

292 2062 348 2140 da,
372 2062 472 2125 cuius
497 2069 531 2123 ct
551 2061 751 2124 doctrinam
777 2061 877 2124 multi
903 2061 1135 2139 admirantur,
1158 2072 1192 2125 et
1214 2062 1378 2142 spiritum
1402 2081 1529 2128 omnes

291 2171 559 2249 amplectuntur.
597 2167 681 2230 Eius
715 2184 823 2247 opera
849 2168 1067 2248 consilioque
1093 2167 1185 2230 R.‘¹¹¹³
1208 2169 1376 2233 Vicarius
1400 2171 1525 2249 vtitur,

290 2276 491 2339 haereticae
514 2292 652 2355 quoque
674 2275 861 2355 prauitatis
881 2275 1067 2354 inquisitor
1089 2276 1281 2339 maximam
1303 2277 1338 2339 in
1354 2277 1528 2341 librorum

290 2400 440 2447 censura
455 2383 504 2445 illi
520 2382 631 2445 defert
645 2392 792 2462 partem.
809 2381 902 2444 ΚΜ*
917 2381 1021 2445 Pater
1039 2381 1195 2463 Joannes
1215 2382 1324 2462 Niger
1344 2385 1524 2448 concioni·

290 2491 365 2568 buS,
383 2507 472 2570 quas
493 2489 528 2552 in
550 2482 769 2553 heb'domade
792 2489 934 2568 saepius
953 2487 1069 2566 habet,
1087 2490 1171 2551 totis
1187 2489 1323 2551 viribus
1339 2490 1521 2568 incumbit,

290 2598 350 2677 qui
371 2613 413 2658 eo
434 2596 570 2659 cunctis
591 2606 644 2659 est
675 2596 866 2675 acceptior,
891 2612 960 2675 quo
983 2595 1099 2673 magis
1119 2594 1260 2658 diuinae
1291 2597 1428 2675 gloriae
1450 2600 1529 2661 zelo

289 2703 439 2766 excellit.
457 2703 553 2766 idem
567 2702 613 2765 ad
628 2701 863 2777 xenodochia,
880 2718 1072 2777 carcerem,
1090 2711 1257 2780 aegrotos
1279 2719 1523 2784 quoscumque

290 2811 499 2887 aduocatur,
516 2810 712 2889 mirumque
732 2825 838 2888 quam
857 2810 959 2888 plene
980 2809 1142 2871 omnibus
1158 2808 1365 2872 satisfaciat.
1384 2809 1522 2874 Praele-

288 2919 342 2998 git
356 2928 391 2981 et
412 2918 535 2980 diebus
551 2919 692 2981 veneris
707 2917 937 2980 christianam
960 2916 1158 2979 doctrinam
1173 2916 1346 2996 frequenti
1362 2918 1525 2982 virorum

289 3026 544 3105 mulierumque
564 3042 751 3088 concursu.
776 3023 843 3102 Qui
863 3041 985 3086 omnes
1005 3024 1129 3086 eodem
1150 3023 1218 3102 die,
1235 3024 1360 3086 diebus
1382 3042 1523 3105 quoquc

290 3133 486 3210 dominiciS,
510 3149 581 3195 non
604 3148 716 3212 paruo
741 3148 821 3193 cum
848 3130 1048 3193 animarum
1078 3130 1213 3207 fructu,
1245 3131 1523 3194 communicant.

291 3238 358 3318 Qui
379 3248 489 3302 restat
514 3239 640 3302 tertius
659 3237 940 3300 confessionibus
961 3236 1146 3300 audiendis
1169 3237 1372 3316 maximam,
1400 3255 1521 3317 quam-

290 3361 397 3424 quam
425 3355 459 3408 et
489 3344 719 3408 concionibus
747 3343 854 3406 etiam
884 3359 1072 3422 magnam,
1102 3345 1272 3423 temporis
1297 3352 1434 3423 partem
1460 3345 1523 3407 im-

291 3452 421 3531 pendit.

350 3558 402 3621 Ea
418 3575 602 3636 superesse
617 3557 794 3629 videntur,
807 3574 897 3637 quae
911 3556 955 3619 ad
966 3555 1044 3618 Rani
1057 3556 1257 3619 Cardinalis
1271 3555 1431 3620 Perusini
1443 3557 1520 3621 Col-

289 3666 419 3744 legium
439 3673 610 3745 spectant.
627 3664 825 3727 Conciones
850 3664 991 3726 habitae
1011 3674 1091 3726 sunt
1111 3663 1260 3741 singulis
1281 3663 1405 3726 diebus
1418 3663 1524 3727 festis

289 3775 403 3836 binae.
431 3771 487 3835 Ad
513 3770 746 3834 confessionis
771 3770 1076 3849 eucharistiaeque
1096 3780 1321 3832 sacramenta
1343 3788 1413 3834 non
1434 3788 1520 3832 rara

288 3897 353 3943 nec
379 3879 509 3958 exigua
531 3878 710 3941 concurrit
736 3877 932 3939 multitudo.
958 3877 1113 3959 Juuenes
1135 3886 1272 3954 autem,
1294 3894 1383 3956 quos
1401 3878 1449 3940 ibi
1470 3878 1520 3940 in·

286 3986 474 4050 struendos
489 3986 701 4065 accepimus,
719 3994 756 4046 vt
770 3984 879 4046 literis
899 3984 950 4046 sic
965 3983 1121 4046 moribus
1144 3983 1299 4061 insignes
1315 3996 1519 4048 euaserunt.

346 4093 411 4156 His
426 4104 459 4156 et
474 4092 673 4155 huiusmodi
689 4091 868 4170 obsequiis
887 4099 993 4170 atque
1015 4091 1050 4152 in
1073 4090 1273 4169 proximum
1290 4091 1432 4170 pietatis
1447 4090 1518 4153 offi-

287 4201 351 4263 ciis
366 4210 471 4263 aucta
486 4210 539 4262 est
554 4197 633 4261 R.¹¹²¹
648 4198 827 4276 Prolegati
843 4215 886 4260 ac
907 4196 1059 4259 Senatus
1074 4213 1161 4276 erga
1177 4214 1241 4259 nos
1258 4197 1520 4278 beneuolentia,

285 4324 355 4387 qua
374 4307 523 4370 instituti
549 4305 661 4368 nostri
687 4304 792 4368 iidem
813 4307 922 4367 multo
943 4304 1135 4367 firmiorem
1155 4304 1248 4384 apud
1271 4304 1368 4367 ciues
1393 4320 1519 4368 omnes

285 4413 522 4477 reddiderunt.
551 4412 615 4474 His
646 4412 797 4474 accessit
821 4412 935 4473 oratio
965 4412 1084 4474 habita
1110 4421 1191 4489 post
1221 4409 1430 4474 Dominicae
1452 4405 1518 4474 Re·

284 4521 514 4584 surrectionis
530 4519 700 4583 solemnia
715 4537 836 4581 coram
851 4518 975 4580 eodem
991 4517 1191 4595 ProlegatO,
1210 4516 1353 4596 Senatu,
1367 4518 1515 4581 celebri-

284 4645 352 4708 que
365 4627 649 4690 doctissimorum
671 4626 1039 4704 nobilissimorumque
1055 4625 1186 4688 ciuium
1202 4642 1346 4689 corona.
1371 4623 1425 4687 Ac
1442 4625 1521 4689 dia·
