3240 5386
701 112 764 168 Aa.
787 110 856 168 1555
1338 111 1392 169 tos

10 302 31 340 ὲ
129 269 283 321 noster
297 258 344 320 ad
358 258 529 321 maiorem
543 257 694 337 gloriam
716 274 817 320 suam
832 257 957 321 efficiet
972 268 1009 320 ut
1029 259 1144 337 magis
1160 259 1195 320 in
1221 257 1296 320 dies
1311 274 1388 337 pro·

10 400 28 444 3,
134 364 384 442 grediantur.

204 470 304 535 Alia
320 471 376 534 his
390 469 560 533 beneficia
576 469 672 533 Deus
687 470 747 533 dat
763 469 842 550 Opt.
865 470 973 548 Max,
1003 472 1129 552 quibus
1149 489 1187 535 se
1208 472 1324 550 magis
1339 472 1390 534 eis

10 604 36 647 ·.·
134 574 328 657 impertit,
346 594 469 640 eorum
483 578 619 641 animos
635 577 679 639 ad
694 577 854 640 instituta
869 578 1056 641 Societatis
1072 579 1292 659 capessenda
1314 596 1391 658 per·

10 707 37 755 22-
133 696 324 747 mouens.
340 682 497 748 Admissi
512 695 593 747 sunt
609 684 676 746 hoc
691 683 940 763 quadrimestri
960 687 1074 765 spatio
1090 687 1125 748 in
1150 687 1217 748 hoc
1233 685 1391 765 Collegio

134 800 185 848 ex
207 788 291 870 his,
306 790 366 872 qui
382 808 420 854 se
434 791 549 870 magis
564 790 640 853 Deo
655 791 873 868 dediderant,
891 800 1062 872 erantque
1082 792 1224 872 ingenio
1239 793 1389 872 priores,

135 887 151 950 3
171 895 335 970 primae
351 897 486 976 classis,
508 915 668 976 unusque
693 898 797 961 Pater
823 915 868 961 ex
888 899 1110 962 auditoribus
1135 916 1283 962 casuum
1309 915 1392 962 con-

135 998 348 1083 scientiae,
365 1004 434 1067 duo
448 1020 589 1084 quoque
604 1004 751 1066 iuvenes
767 1004 812 1066 ad
827 1005 1065 1068 seruiendum.
1082 1005 1193 1068 Multo
1208 1008 1328 1085 piures
1343 1006 1394 1069 in·

10 1122 17 1129 “
132 1107 400 1176 stederentur
414 1110 444 1173 si
459 1119 584 1190 portae
600 1120 771 1190 paterent.
785 1111 1024 1192 Expectamus
1039 1112 1144 1175 modo
1161 1110 1302 1174 Patrem
1322 1110 1394 1176 Ma·

129 1220 152 1282 ἕ
155 1208 319 1280 istrum
333 1215 518 1294 Mironem,
535 1211 685 1281 adhunc
702 1234 858 1280 mensem
870 1216 965 1296 Maii,
981 1219 1040 1298 qui
1054 1219 1187 1298 aliquot
1199 1219 1394 1298 primarum

128 1323 333 1403 partium,
351 1341 373 1387 a
387 1321 463 1386 Deo
483 1323 529 1386 ad
543 1320 731 1386 Societatis
746 1324 841 1387 uitae
863 1325 1037 1387 rationem
1056 1324 1320 1403 suscipiendam
1334 1326 1396 1388 im·

124 1424 308 1508 Pulses,
339 1430 505 1510 accipiat.
524 1429 705 1492 Laudetur
719 1430 910 1509 Dominus,
927 1432 986 1511 qui
1013 1433 1131 1494 omnia
1161 1450 1224 1495 sua
1239 1432 1396 1495 bonitate

123 1523 288 1599 efficit.

209 1637 510 1708 Deiectionibus
525 1662 618 1707 nunc
633 1645 679 1708 ad
693 1655 727 1708 tc
749 1646 914 1723 scribam,
929 1644 1006 1708 R.‘¹e
1023 1644 1138 1723 Pater,
1157 1664 1198 1708 ac
1224 1645 1397 1725 imprimis

117 1730 179 1799 (ῙΕ
207 1761 285 1829 ea,
301 1768 392 1831 quae
418 1751 662 1814 sacerdotibus
686 1752 886 1832 exponitur,
913 1751 956 1814 de
979 1753 1120 1815 casibus
1146 1753 1396 1830 conscientiae;

116 1837 207 1909 ilic
254 1857 350 1920 enim
371 1856 508 1921 fructus
533 1869 586 1920 est
601 1875 693 1920 unus
718 1876 763 1921 ex
788 1859 960 1936 omnibus,
988 1859 1046 1937 qui
1073 1858 1214 1938 decerpi
1238 1868 1396 1938 possunt,

110 1943 277 2038 longe
288 1965 476 2043 maximus,
490 1984 603 2047 neque
615 1966 681 2028 alia
696 1983 735 2028 rc
748 1966 862 2029 maius
873 1965 949 2028 Deo
964 1976 1165 2046 praestatur
1180 1966 1398 2046 obsequium.

107 2045 274 2140 Legit
288 2070 326 2134 P.
343 2072 485 2136 Marcus
501 2071 687 2151 Georgius,
705 2072 764 2152 qui
785 2089 879 2136 nunc
904 2082 957 2135 ost
978 2071 1082 2134 huius
1107 2072 1254 2152 Collegii
1278 2073 1401 2136 Prore-

102 2164 258 2271 ‘CJOR
277 2176 451 2242 Probatur
471 2179 632 2241 omnibus
653 2179 871 2242 auditoribus
892 2179 1056 2257 maxime,
1079 2188 1201 2257 estque
1226 2179 1277 2242 eis
1293 2180 1401 2243 utilis-

103 2272 291 2373 {lmus
301 2282 391 2348 Sunt
403 2287 606 2366 plerumque
617 2286 696 2365 plus
709 2286 824 2347 minus
836 2284 1103 2364 quinquaginta,
1115 2285 1304 2348 uirtutibus
1316 2287 1399 2348 mul-

102 2368 168 2429 t¹S
192 2389 406 2466 adornati,
424 2409 469 2454 ex
483 2391 609 2471 quibus
623 2392 756 2470 aliquot
771 2407 921 2469 magnos
946 2393 981 2453 in
1007 2408 1155 2454 casuum
1180 2392 1329 2454 scientia
1353 2392 1400 2455 ie·

98 2481 295 2560 cerunt
310 2514 533 2578 progressus
550 2497 688 2578 Ubique
702 2500 807 2578 plane
822 2499 1012 2560 muitarum
1034 2515 1164 2572 rerum,
1193 2497 1256 2560 sed
1272 2499 1401 2562 nullius

94 2586 288 2666 maior
301 2607 450 2684 penuria
462 2614 526 2683 est,
543 2622 650 2685 quam
674 2605 861 2668 doctorum
887 2605 1137 2684 parochorum,
1166 2622 1256 2684 quae
1272 2606 1400 2686 turpis·

91 2676 302 2794 {imam
324 2711 440 2790 gignit
459 2712 495 2773 in
520 2713 650 2791 populo
674 2711 885 2774 caecitatem
910 2710 1081 2790 affertque
1106 2711 1313 2774 mortalibus
1332 2712 1401 2774 exi·

87 2785 286 2881 “0835
300 2818 533 2881 calamitates.
555 2818 657 2882 Nunc
672 2834 841 2897 magnam
859 2835 959 2898 spem
974 2815 1034 2898 [in]
1051 2816 1127 2881 Deo
1144 2817 1313 2881 habemus
1328 2816 1403 2881 fore

119 2907 291 3002 reni,
312 2932 350 2987 ut
371 2925 543 2987 ecclesiae
557 2924 660 2988 huius
685 2923 1026 3005 Archiepiscopatus
1051 2925 1227 3004 parochos
1252 2924 1404 2988 habeant

81 3002 266 3092 Satis
279 3029 438 3094 idoneos

202 3120 407 3217 Princeps
425 3135 624 3202 Cardinalis
641 3137 661 3217 ¹,
687 3139 782 3202 hunc
810 3149 948 3202 tantum
973 3139 1128 3201 fructum
1153 3138 1403 3215 subodoratus,

178 3228 228 3341 J
261 3243 316 3306 sui
340 3243 679 3325 Archiepiscopatus
700 3245 820 3326 pendit
842 3245 1027 3324 stipendia.
1055 3243 1261 3308 Ludouicus
1288 3254 1406 3310 autem

169 3344 347 3430 ¹11ceps
365 3348 403 3412 10
415 3351 471 3414 sui
490 3351 667 3431 prioratus
684 3350 817 3414 ordinis
839 3350 873 3415 S.
900 3351 1058 3434 Joaunis.
1082 3350 1184 3414 Nunc
1206 3351 1405 3429 considera,

61 3464 152 3577 to·
165 3433 251 3490 ‘¹²
269 3454 385 3534 Pater,
402 3456 459 3519 his
471 3455 512 3520 40
526 3456 721 3521 distributis
734 3457 769 3520 in
785 3459 983 3537 paroeciaS,
1000 3466 1196 3538 quartoque
1217 3458 1300 3521 hinc
1316 3474 1408 3520 anno

148 3543 338 3641 tidem,
351 3579 459 3643 quam
472 3563 572 3628 breui
586 3567 725 3628 lucrum
739 3565 864 3644 ingens
879 3564 915 3627 in
929 3565 998 3627 hac
1010 3565 1222 3643 animarum,
1239 3565 1298 3628 cui
1309 3582 1408 3643 prae·

49 3630 287 3780 {0815
306 3679 401 3745 sunt,
428 3671 668 3749 negotiatione
687 3670 756 3734 fiet.
779 3671 952 3734 Dominus
967 3680 1115 3734 naturae
1141 3690 1227 3735 suae
1252 3671 1409 3735 bonitate

99 3748 232 3825 ΟΕ
266 3792 403 3856 quoque
419 3793 522 3840 suum
537 3793 626 3856 opus
640 3785 862 3857 promoueat.
876 3776 1004 3841 Amen.

203 3865 283 3945 In
303 3882 454 3947 caeteris
474 3891 625 3963 quatuor
643 3884 817 3946 classibus
836 3884 1153 3962 grammaticorum
1172 3894 1206 3946 et
1229 3885 1409 3948 humanio-

79 3948 138 4009 ιι
149 3975 458 4053 ¹’aliterarum
473 3988 661 4069 proficiunt
675 3989 764 4053 bene
779 3990 1002 4068 scholastici;
1019 4001 1100 4053 sunt
1121 3999 1240 4053 autem
1263 3991 1408 4071 plerum·

47 4059 398 4133 X-

132 4157 171 4262 :
267 4190 397 4247 ilenricus.
408 4194 499 4249 dequo
506 4195 562 4250 Jem
571 4194 723 4250 saepissime
733 4200 773 4239 est
783 4195 856 4240 facts
866 4197 972 4240 mentio.

33 4277 105 4319 eq
268 4260 378 4321 Scilicet,
390 4266 570 4310 sacerdotibus
585 4268 624 4310 sui
635 4265 817 4321 Episcopatus,
827 4278 877 4322 quo
890 4270 998 4311 valeant
1014 4268 1117 4311 Eborac
1133 4267 1248 4311 residere
1266 4273 1292 4311 et
1303 4278 1413 4312 casuum

162 4318 359 4383 *velentiae
368 4336 462 4383 studiis
472 4347 579 4382 vacere.
589 4336 655 4381 Vide
666 4337 779 4382 Poenucr
794 4339 949 4390 Chronicon,
960 4346 977 4384 t.
988 4350 1025 4392 nr,
1037 4350 1097 4394 pag.
1107 4338 1156 4392 m,
1171 4350 1196 4381 n.
1204 4338 1252 4382 937.

331 4426 369 4484 Τ.
384 4444 432 4483 m.
1234 4452 1272 4508 3⁰

70 3192 151 3265 30

65 3296 167 3375 Pr
