3210 5392
255 425 291 486 18
639 423 1097 494 errnnanounourussraes

255 572 460 636 imbecillita
479 572 535 636 del
557 573 728 652 ingegno:
752 581 787 634 et
807 572 897 635 oltre
919 572 1011 635 dicio
1036 574 1068 637 si
1094 573 1267 653 allatigha
1280 576 1486 655 gagliarda·

255 688 373 743 mente
387 681 478 744 nelle
493 697 575 744 cose
590 679 625 741 d’
642 679 852 743 obedientia.

291 786 322 850 5.
366 785 394 849 ll
417 786 556 851 fratello
576 784 736 850 Giacobo
761 785 958 860 florentine,
980 803 1088 866 sopra
1114 787 1151 850 19
1169 789 1253 851 anni
1269 789 1304 853 in
1326 790 1440 854 circa:
1460 793 1485 854 il

253 896 334 975 qual
348 912 388 958 se
402 895 490 958 bene
505 894 552 958 ha
565 894 658 957 bona
673 895 820 956 volunta
835 894 867 957 d'
886 894 1009 957 obedir
1023 895 1059 957 in
1075 904 1165 958 tutte
1185 898 1217 958 le
1236 912 1331 974 cose,
1348 898 1479 962 niente·

251 1000 392 1065 dimeno
404 1019 475 1065 non
486 1001 533 1064 ha
544 1000 642 1064 sorze
654 1001 843 1080 corporali:
860 1001 980 1081 percio
990 1000 1083 1081 dopo
1096 1002 1151 1065 ch'
1169 1008 1334 1067 evenuto
1346 1005 1391 1068 da
1406 1004 1481 1068 Fie-

249 1127 355 1173 renze
370 1126 440 1189 qua
455 1108 491 1171 in
505 1108 669 1186 Venetia,
685 1125 756 1170 non
772 1110 818 1170 ha
834 1117 958 1188 potuto
973 1109 1029 1171 sar
1043 1111 1148 1172 alcun
1163 1111 1346 1175 essercitio
1358 1128 1481 1192 corpo·

249 1217 336 1295 rale,
353 1218 387 1279 al
401 1216 484 1295 qual
499 1216 694 1278 solamente
710 1221 729 1278 e
745 1224 829 1278 atto.
849 1215 889 1277 Li
901 1215 1030 1278 medici
1040 1232 1079 1279 se
1092 1216 1158 1279 ben
1171 1216 1290 1281 hanno
1302 1218 1395 1281 bona
1405 1236 1481 1299 spe-

248 1341 357 1386 ranza
371 1324 429 1386 ch'
445 1322 574 1386 habbia
591 1341 612 1385 a
632 1322 827 1401 ricuperar'
844 1323 878 1384 la
894 1339 959 1385 sua
974 1323 1102 1401 sanita,
1116 1323 1152 1385 in
1166 1322 1257 1387 fatto
1272 1324 1320 1387 lin
1339 1328 1399 1404 qui
1415 1342 1482 1404 par

248 1430 315 1494 che
324 1447 363 1493 se
377 1447 421 1492 ne
435 1428 525 1492 veda
536 1445 628 1509 poco
641 1445 763 1506 segno.
776 1427 859 1509 Jesu
871 1429 949 1508 xp.⁰
960 1446 1047 1491 vera
1059 1430 1173 1492 salute
1182 1430 1216 1493 di
1231 1431 1363 1507 tutti,‚si
1375 1432 1482 1511 degni

248 1537 427 1617 rendergli
442 1537 477 1600 la
491 1553 557 1598 sua
572 1535 689 1598 sanita
705 1551 767 1614 per
783 1536 945 1613 maggior
960 1536 1076 1614 gloria
1092 1535 1184 1600 della
1195 1553 1260 1599 sua
1276 1537 1396 1600 diuina
1408 1538 1480 1602 Mn-

248 1645 347 1708 iesta.
801 1638 805 1649 '

310 1751 409 1815 Oltra
425 1751 462 1814 di
475 1751 601 1831 questi,
622 1750 689 1813 due
706 1749 787 1813 altri
802 1766 889 1812 sono
906 1753 966 1830 qul
982 1767 1049 1813 con
1065 1751 1137 1823 noi,
1152 1748 1275 1829 jouani
1294 1753 1430 1818 robusti
1445 1754 1480 1816 di

249 1876 358 1940 corpo
377 1868 411 1922 et
431 1858 520 1935 sani,
542 1858 624 1921 dall’
652 1857 806 1937 hospital
828 1856 883 1919 del
910 1855 1043 1935 Spirito
1069 1854 1196 1937 Samo,
1219 1862 1343 1922 mentr’
1366 1860 1430 1923 che
1456 1862 1480 1923 li

248 1967 363 2029 nostri
377 1965 525 2030 fratrelli
539 1964 641 2045 quasi
656 1963 738 2027 tutti
751 1964 782 2026 si
794 1981 902 2026 erano
923 1962 1112 2043 insermati,
1127 1964 1331 2029 mandatici:
1348 1966 1373 2028 li
1384 1968 1480 2045 quali

246 2090 348 2136 come
364 2073 429 2135 che
445 2089 483 2134 se
497 2070 640 2134 fusseno
655 2070 736 2133 dall'
750 2069 898 2133 inlantia
913 2070 1006 2132 nella
1018 2070 1200 2149 religione,
1216 2072 1245 2133 si
1256 2084 1479 2136 sommetono

246 2189 280 2244 et
294 2181 328 2245 in
342 2188 430 2243 tutte
441 2180 474 2242 le
486 2196 568 2242 cose
580 2177 684 2241 docili
696 2188 731 2239 et
748 2176 924 2241 obedienti
939 2177 969 2239 si
978 2176 1199 2256 offeriscono,
1213 2179 1293 2242 etin
1307 2179 1486 2243 ambedue

245 2288 277 2351 si
292 2286 380 2351 vede
395 2287 504 2349 molta
519 2286 625 2349 virtu.
642 2285 709 2349 Un'
727 2286 760 2348 d'
780 2285 850 2347 essi
865 2284 912 2347 ha
930 2283 967 2347 18
988 2285 1073 2348 anni
1092 2285 1127 2347 in
1142 2285 1250 2363 circa,
1275 2287 1298 2347 l’
1316 2287 1406 2350 altro
1430 2287 1476 2349 15.

246 2394 317 2458 Alli
338 2393 453 2472 giorni
478 2392 613 2472 passati
632 2393 682 2454 mi
701 2393 912 2471 palesorono
934 2391 957 2453 il
980 2392 1056 2453 loro
1076 2391 1134 2471 pio
1159 2392 1288 2468 anim0,
1318 2394 1395 2456 eloe
1412 2395 1478 2457 che

244 2502 364 2564 hanno
379 2499 566 2578 desideri0,
584 2507 618 2561 et
632 2499 751 2561 hanno
767 2498 962 2561 deliberato
985 2497 1064 2560 linir
1088 2498 1121 2560 la
1143 2498 1218 2561 vita
1240 2516 1306 2562 sua
1330 2500 1477 2563 insieme

246 2624 314 2672 eon
330 2608 389 2671 noi
404 2607 439 2669 in
455 2606 593 2682 castita,
612 2605 804 2668 obedienza
827 2614 863 2668 et
884 2609 1044 2685 pouerta.
1068 2602 1127 2666 Ma
1151 2605 1202 2683 gli
1222 2605 1372 2668 hauemo
1387 2605 1484 2669 fatto-

244 2713 415 2777 intender'
427 2713 492 2775 che
503 2729 574 2774 non
586 2712 704 2774 hanno
714 2727 824 2774 ancor
832 2711 986 2790 compita
998 2713 1020 2774 l’
1034 2717 1092 2774 eta
1104 2719 1243 2774 matura
1253 2712 1318 2774 che
1329 2713 1359 2775 si
1371 2714 1475 2776 ricer-

244 2839 299 2899 ca,
316 2830 351 2884 et
370 2821 435 2883 che
451 2820 481 2882 si
497 2828 635 2881 accetta
650 2819 684 2880 la
699 2818 753 2880 lor
768 2817 886 2880 buona
903 2818 1049 2881 volunta
1062 2828 1116 2880 tra
1136 2827 1260 2897 questo
1277 2836 1396 2881 mezzo
1409 2820 1478 2882 che

245 2930 453 2992 haueranno
469 2926 623 3005 compito
638 2926 661 2988 il
677 2933 795 3004 tempo
810 2936 845 2986 et
865 2930 923 2986 eru
937 2924 1181 2987 conueniente.
1201 2923 1307 2988 Certo
1323 2926 1368 2988 mi
1393 2926 1475 2989 han·

244 3053 291 3098 no
306 3035 390 3098 dato
405 3035 514 3098 molta
532 3032 774 3095 consolatione
786 3029 927 3111 quando
940 3033 985 3093 ho
997 3030 1119 3093 veduti
1129 3039 1228 3093 tanto
1240 3034 1357 3111 pronti
1373 3044 1407 3095 et
1416 3052 1476 3095 vo·

246 3142 419 3206 luntarosi
434 3139 561 3204 soldati
577 3139 623 3201 ad
637 3138 767 3218 pigliar
782 3138 804 3200 il
819 3139 927 3218 giogo
943 3138 1037 3200 della
1052 3147 1155 3200 santa
1168 3139 1340 3217 religione
1350 3157 1474 3220 prepa-

245 3248 426 3312 ratissimi.
443 3246 566 3327 Quello
586 3245 663 3308 che’
687 3251 706 3307 e
729 3245 893 3324 maggior
909 3245 942 3308 d'
960 3250 1018 3307 eta
1038 3255 1072 3306 et
1092 3243 1128 3306 di
1153 3261 1317 3324 persona,
1334 3264 1404 3308 non
1427 3246 1476 3309 di·

247 3366 382 3419 mostra
397 3355 505 3417 molto
521 3353 676 3431 ingegno
691 3357 736 3414 ne
750 3351 934 3428 memoria,
952 3368 1008 3413 ma
1023 3368 1061 3414 se
1076 3368 1148 3413 non
1162 3351 1303 3415 venisse
1324 3362 1397 3414 atto
1413 3370 1478 3432 per

246 3464 270 3526 li
285 3461 403 3539 studii,
420 3463 503 3522 sara
519 3459 637 3521 buono
658 3474 719 3536 per
740 3458 763 3520 li
783 3457 955 3520 essercitii
970 3457 1163 3537 corporali:
1186 3457 1216 3520 si
1232 3463 1251 3519 e
1266 3460 1476 3521 essercitato

245 3570 354 3633 molto
370 3579 487 3646 tempo
503 3567 595 3628 nella
612 3565 738 3627 cucina
753 3574 786 3626 et
801 3566 834 3626 la
850 3581 890 3626 sa
906 3564 1013 3626 molto
1028 3565 1095 3626 ben
1106 3564 1194 3627 sare:
1208 3564 1238 3626 si
1250 3581 1350 3627 come
1365 3583 1477 3628 ancor

246 3677 352 3740 molte
368 3675 456 3738 altre
472 3673 541 3735 arti
555 3672 747 3749 mecanice,
764 3671 840 3733 cioe
856 3671 984 3744 cuscir,
1003 3680 1155 3734 assertor
1170 3678 1205 3733 et
1216 3670 1271 3733 sar
1285 3688 1423 3752 scarpe,
1441 3685 1476 3735 et

245 3791 511 3861 emarangone,
527 3778 618 3842 idest
639 3778 850 3857 salegname,
866 3788 933 3840 etc.
952 3775 1010 3840 Ma
1033 3779 1055 3839 l'
1075 3778 1165 3846 altro
1180 3777 1235 3840 ch’
1247 3782 1266 3838 e
1280 3779 1416 3842 minore
1439 3779 1473 3841 d’

246 3897 305 3955 eta
318 3898 353 3953 et
368 3903 534 3968 persona,
551 3886 724 3949 dimostra
736 3885 844 3948 molto
856 3885 1011 3964 ingegno
1023 3894 1057 3947 et
1069 3885 1240 3946 memoria
1251 3892 1285 3947 et
1297 3885 1387 3948 bella
1398 3903 1474 3964 pre·

244 4015 351 4062 senza
366 4006 401 4060 et
417 4001 436 4058 e
451 3993 547 4057 assai
561 3992 706 4070 humile,
723 3990 853 4054 denoto
868 4005 902 4054 et
918 3991 1101 4054 obediente
1117 3999 1152 4053 et
1166 3990 1317 4053 sollicito
1332 3992 1368 4054 in
1383 4009 1474 4055 esse-

242 4106 335 4186 guir'
358 4102 464 4183 quelli
490 4098 593 4163 officii
607 4099 674 4162 che
700 4099 751 4177 gli
771 4115 858 4161 sono
874 4097 1113 4162 commandati
1138 4114 1200 4176 per
1225 4114 1320 4160 casa.
1350 4097 1474 4178 Questi

242 4212 334 4294 putti
355 4227 418 4291 per
438 4206 690 4271 intercessione
710 4205 746 4267 di
764 4206 869 4286 quelli
889 4206 1015 4285 pietosi
1037 4214 1072 4267 et
1092 4204 1138 4266 da
1153 4204 1242 4266 bene
1262 4204 1418 4270 huomini
1438 4207 1475 4268 di

243 4321 358 4401 quella
374 4324 477 4379 santa
492 4314 793 4393 Congregatione,
810 4313 914 4376 cheli
929 4312 1046 4392 giorni
1057 4311 1091 4373 di
1103 4309 1195 4373 sesta
1206 4311 1325 4374 hanno
1337 4328 1424 4374 cura
1436 4313 1471 4375 d'

242 4429 411 4503 insegnar
426 4422 484 4484 alli
499 4421 591 4501 purti
605 4420 782 4483 forastieri
797 4421 889 4483 nella
901 4429 1025 4483 nostra
1040 4419 1138 4480 scola
1150 4419 1184 4479 la
1197 4416 1352 4480 dottrina
1363 4419 1473 4481 chris·

239 4533 339 4597 tiana
359 4532 380 4592 l’
402 4528 591 4591 habbiamo
617 4527 750 4589 hauuto
770 4525 854 4589 dalli
868 4524 1106 4592 Gouernatori
1125 4523 1204 4585 dell'
1222 4523 1396 4603 hospitale
1417 4525 1474 4587 del

241 4638 375 4719 spirito
391 4635 512 4699 Sant0.
529 4634 663 4696 Estata
677 4642 777 4696 tanto
788 4633 925 4712 grande
937 4633 970 4694 la
986 4627 1208 4695 beneficenza
1225 4638 1259 4692 et
1274 4630 1471 4694 misericor·
