3210 5392
652 442 713 501 aa.
736 442 805 502 nst
1307 399 1370 502 75'

106 589 258 669 singulis
273 589 472 670 quibusque
490 587 623 652 diebus.
651 586 742 652 Nam
763 599 1013 670 praeterquam
1034 589 1129 666 quod
1143 589 1245 652 nobis
1261 606 1341 652 cum

105 696 332 760 scholasticis
340 695 490 759 satisest
499 710 651 774 magnus
659 695 695 758 in
707 692 990 760 confessionibus
1002 695 1188 760 audiendis
1200 692 1340 778 [labor,]

107 802 180 883 ipsi
209 801 450 893 quoquaqui
474 802 630 866 ciuitatis
655 818 860 866 communes
889 803 1032 866 scholas
1061 813 1205 882 regunt,
1232 815 1338 884 atque

103 909 200 973 adeo
213 920 355 989 praeter
370 909 482 990 ipsos,
499 918 533 972 et
549 910 648 973 ciues
663 926 733 972 non
749 911 870 989 pauci,
891 909 1175 991 frequentissime
1195 911 1241 974 ad
1261 928 1340 991 poe·

105 1016 277 1079 nitentiae
296 1025 560 1079 sacramentum
580 1025 809 1093 concurrunt,
832 1029 870 1081 ut
893 1014 964 1080 iam
989 1017 1110 1080 nescio
1131 1017 1215 1098 quid
1230 1016 1340 1080 diuini

103 1123 307 1203 splendoris
321 1123 357 1185 in
375 1133 451 1186 tota
465 1120 535 1186 hac
549 1122 695 1187 ciuitate
720 1123 866 1201 eniteat;
882 1140 996 1204 neque
1016 1136 1103 1187 sane
1122 1124 1249 1187 desunt
1269 1140 1340 1186 ma·

104 1240 234 1293 tronae
253 1231 372 1308 plures
397 1229 707 1308 salmanticenses,
730 1245 820 1309 quae
845 1228 913 1293 hoc
938 1229 1053 1311 ipsum
1079 1227 1228 1307 saciant,
1250 1229 1340 1293 inter

102 1352 199 1416 quas
216 1336 366 1415 insignis
387 1335 562 1417 quaedam
582 1334 735 1400 Domina
757 1335 951 1400 Catharina
974 1335 1067 1414 'est,
1091 1352 1194 1416 quae,
1218 1335 1340 1400 diuino

100 1444 233 1524 spiritu
248 1443 447 1523 compulsa,
464 1442 615 1507 uestium
629 1444 745 1507 cultus
764 1453 870 1525 atque
891 1444 980 1507 adeo
999 1459 1134 1523 genera
1156 1460 1338 1506 ornamen-

101 1562 224 1613 torum
235 1551 354 1614 omnia
365 1567 409 1614 ac
421 1550 641 1629 deliciarum,
656 1550 690 1613 in
700 1550 827 1632 quibus
839 1550 929 1615 haec
941 1559 1065 1614 nostra
1077 1559 1177 1614 aetas
1193 1551 1340 1614 nimium

101 1656 237 1721 misera
260 1656 466 1721 felicitatem
487 1673 628 1721 omnem
652 1658 772 1721 locare
796 1657 952 1736 videtur,
978 1657 1015 1720 in
1040 1657 1137 1720 vitae
1161 1656 1338 1737 quoddam

100 1780 220 1843 genus
234 1764 539 1843 honestissimum,
556 1764 772 1842 orationem,
789 1781 832 1827 ac
846 1764 1035 1828 lectionem
1049 1773 1213 1828 sanctam
1232 1764 1338 1827 liben·

101 1869 242 1934 tissime
256 1871 498 1935 commutauit.
514 1871 629 1949 Haec,
647 1888 728 1935 cum
743 1871 866 1935 diebus
882 1871 1082 1951 praeteritis
1096 1880 1285 1951 rogaretur
1299 1883 1338 1934 ut

98 1979 219 2042 solitis
230 1979 444 2058 spectaculis
458 1980 629 2042 interesse
650 1979 771 2058 uellet,
798 1979 895 2042 vitae
920 1994 1007 2041 suae
1022 1994 1065 2041 ac
1081 1977 1337 2041 sanctimoniae

97 2086 275 2148 indicium
288 2083 396 2149 dedit.
411 2084 514 2165 Sunt,
528 2086 657 2166 inquit,
673 2086 710 2149 in
726 2085 842 2149 libello
864 2102 943 2149 meo
966 2086 1076 2149 multa
1097 2085 1338 2166 pulcherrima

101 2192 191 2256 mihi
205 2193 410 2273 spectacula
429 2193 608 2273 multoque
627 2178 787 2273 gratiora
812 2209 919 2273 quam
939 2209 1031 2274 quae
1056 2192 1180 2256 amicis
1203 2194 1337 2256 saeculi

101 2300 210 2364 huius
225 2299 385 2363 exhiberi
395 2301 546 2363 soleant.
569 2299 657 2364 Erat
671 2308 788 2364 autem
803 2299 892 2362 liber
906 2299 964 2363 ille
983 2298 1028 2363 de
1048 2300 1149 2362 uario
1164 2300 1337 2362 orationis

99 2424 148 2470 ac
164 2406 406 2471 meditationis
418 2423 563 2487 genere.

165 2513 309 2577 Festum
339 2512 605 2594 Assumptionis
634 2511 765 2578 Beatae
792 2512 928 2578 Mariae
951 2514 1114 2595 Virginis
1139 2514 1336 2594 frequentia

98 2637 246 2699 eorum,
268 2621 328 2702 qui
347 2620 391 2684 de
409 2620 567 2701 peccatis
586 2620 856 2697 confiterentur,
884 2631 918 2686 et
944 2622 989 2685 ad
1014 2634 1156 2685 sacram
1176 2637 1337 2685 mensam

96 2727 333 2804 accederent,
351 2727 542 2791 admodum
556 2728 695 2792 celebre
716 2729 817 2792 nobis
832 2727 909 2792 suit.

159 2833 351 2914 Nunquam
364 2833 459 2915 apud
474 2851 540 2898 nos
557 2835 699 2911 desunt,
716 2836 776 2916 qui
790 2852 870 2899 sese
892 2835 1135 2915 spiritualibus
1154 2835 1335 2898 exercitiis

94 2952 195 3006 totos
205 2941 348 3005 dedant.
366 2939 455 3005 Tres
474 2942 603 3006 eruditi
628 2943 708 3020 viri,
736 2959 814 3006 sese
835 2942 939 3005 nobis
953 2942 1148 3021 adiungere
1163 2942 1337 3021 proximis

95 3048 300 3113 hisdiebus
322 3049 522 3128 cupientes,
545 3065 687 3112 omnem
712 3048 866 3129 lapidem
890 3059 928 3112 ut
952 3049 1194 3129 reciperentur
1217 3065 1335 3112 moue·

94 3165 193 3233 runt,
206 3173 227 3218 e
238 3156 369 3236 quibus
379 3155 449 3219 duo
461 3156 532 3218 iam
544 3155 639 3236 qnod
648 3156 865 3234 exoptabant
874 3154 1004 3218 Diuina
1018 3172 1084 3236 ope
1094 3154 1333 3219 obtinuerunt.

96 3261 187 3327 Sunt
199 3263 248 3327 illi
259 3261 403 3344 quidem
418 3262 629 3342 theologicis
643 3262 770 3326 litteris
784 3262 1010 3326 mediocriter
1030 3262 1169 3340 eruditi,
1186 3263 1249 3326 sed
1263 3263 1333 3326 vir·

95 3379 172 3433 tute
183 3386 227 3433 ac
240 3370 343 3433 bonis
354 3369 512 3433 moribus
523 3369 737 3449 singulares,
751 3368 797 3433 ad
809 3385 913 3432 omne
929 3385 1019 3450 opus
1035 3369 1166 3432 bonum
1180 3371 1335 3449 paratis-

96 3477 194 3555 simi;
207 3475 334 3539 tertius
345 3493 430 3540 uero
444 3476 521 3559 Juri
536 3476 631 3540 ciuili
646 3475 818 3540 hactenus
837 3493 982 3556 operam
998 3475 1109 3551 dedit,
1129 3475 1224 3556 quod
1245 3478 1334 3557 opti·

99 3600 179 3646 mae
198 3583 273 3663 spei
288 3582 344 3647 sit.
370 3583 527 3662 Quartus
542 3584 613 3647 cito
628 3583 701 3646 uoti
717 3600 862 3662 compos
877 3582 1057 3647 efficietur.
1081 3582 1155 3647 Nec
1171 3582 1195 3646 ii
1220 3584 1334 3645 solum

103 3700 201 3765 sunt,
215 3690 275 3769 qui
290 3689 492 3753 huiusmodi
506 3690 639 3754 sanctis
654 3707 697 3753 ac
712 3690 779 3770 piis
794 3689 979 3754 desideriis
992 3689 1138 3753 excitati
1152 3698 1335 3769 tamquam

103 3795 261 3860 crucifixi
278 3796 410 3861 mundo
425 3795 470 3859 ad
485 3813 551 3860 nos
565 3797 690 3861 eadem
704 3797 749 3860 de
764 3813 873 3860 causa
893 3806 1124 3874 concurrunt,
1142 3797 1185 3860 de
1208 3795 1335 3876 quibus

109 3900 144 3962 in
155 3902 275 3982 primis
288 3902 443 3967 sortasse
456 3903 583 3967 litteris
594 3905 697 3985 plura
713 3904 898 3984 proximis,
917 3902 983 3966 His
998 3904 1178 3966 mensibus
1195 3913 1334 3983 praeter

109 4008 230 4084 eos‚de
251 4009 377 4090 quibus
391 4026 514 4074 sumus
534 4011 660 4087 locuti,
681 4010 718 4073 13
743 4011 912 4073 exercitia
928 4011 1128 4090 spiritualia
1150 4008 1244 4089 apud
1266 4025 1333 4071 nos

114 4110 270 4179 iecerunt:
283 4125 357 4181 tres
367 4133 413 4180 ex
426 4115 495 4180 illis
506 4116 806 4181 carthusiensium
823 4116 994 4194 ordinem,
1010 4132 1101 4181 unus
1112 4115 1245 4179 Beatae
1260 4114 1333 4178 Ma·

119 4218 192 4299 riae,
203 4240 305 4303 quam
317 4224 361 4287 de
373 4223 537 4288 Mercede
548 4232 691 4301 vocant,
709 4223 963 4287 monasterium
976 4233 1056 4286 sunt
1068 4223 1232 4302 ingressi.
1249 4220 1333 4285 Duo

124 4337 207 4405 uero,
221 4330 313 4410 quod
328 4330 449 4394 multis
474 4330 639 4410 precibus
665 4331 701 4394 id
722 4331 915 4410 petierunt,
936 4330 973 4393 in
994 4339 1155 4393 nostram
1173 4339 1254 4393 sunt
1269 4330 1330 4393 ad-

132 4498 313 4519 *Q*

161 4601 167 4633 ¹
190 4606 323 4657 catharina
341 4612 373 4654 de
389 4610 492 4656 Sarr'a.
511 4610 549 4656 De
568 4612 676 4667 reliquls
692 4612 903 4657 benefactoribus
919 4611 978 4657 rlde
997 4612 1028 4657 Ρ.
1048 4610 1191 4663 νΛιοινιΛ,
1211 4610 1333 4653 Historia

132 4668 174 4717 ⁵⁰⁶·
181 4676 237 4729 lesu
246 4684 273 4727 itt
281 4668 432 4728 'Provincia
443 4683 583 4736 cnstetlae,
593 4685 649 4728 vol.
662 4694 680 4741 t,
690 4694 711 4729 c.
724 4694 751 4728 tr.
