3210 5392
187 402 242 460 ast
577 404 747 462 Limnaia
761 422 1032 471 octominutalis

187 548 261 609 iori
272 549 280 580 ¹
293 548 396 611 huius
411 549 519 628 urbiS,
537 550 692 612 maximo
707 552 862 611 omnium
876 554 1047 628 applausu
1062 562 1094 611 ot
1109 550 1215 627 (quod
1225 549 1345 613 maius
1355 567 1393 614 es

189 656 343 717 maxima
359 673 439 718 cum
453 656 619 735 utilitate;
640 656 684 718 ad
702 658 802 719 cuius
824 657 1030 720 concionem
1051 673 1174 720 omnes
1193 657 1269 720 iere
1290 657 1393 737 princ

190 778 253 840 pes
268 761 422 824 ciuitatis
437 778 479 824 ac
491 763 730 825 honestissimi
743 764 810 825 uiri
825 763 835 792 ¹
851 765 1087 841 confluebant,
1102 762 1172 844 qui,
1186 779 1298 843 aegre
1309 763 1394 827 feret

187 879 241 931 tes
256 869 331 931 eius
344 867 599 950 prosectionem
612 868 830 932 Florentiam
847 887 986 946 uersus,
1004 888 1082 932 eam
1102 870 1275 950 impedire
1299 887 1393 933 cona

187 984 268 1039 sunt
283 975 394 1038 literis
408 975 453 1038 ad
468 974 509 1038 R.
526 975 564 1038 P.
578 975 692 1039 Tuam
703 977 829 1051 missis,
849 992 884 1039 ut
903 994 963 1055 per
975 995 1053 1039 eam
1066 977 1187 1040 liceret
1198 975 1345 1040 Patrem
1352 978 1393 1039 ha

189 1082 462 1162 quadragesima
477 1082 534 1145 hic
546 1084 771 1146 commorari.
792 1083 860 1147 Sed
884 1087 989 1161 longe
1005 1084 1107 1146 aliter
1122 1093 1227 1163 atque
1254 1084 1324 1164 ipsi
1344 1101 1393 1165 spi

187 1189 315 1251 rabant
334 1189 463 1252 euenit:
483 1190 636 1270 receptis
661 1190 754 1254 enim
779 1191 900 1257 literis.
927 1193 960 1253 in
986 1191 1215 1253 Germaniam
1236 1189 1393 1271 proiecti

188 1307 241 1358 est
256 1293 279 1374 ³,
296 1312 387 1375 quae
401 1314 459 1360 res
484 1297 657 1360 minorem
672 1297 739 1360 illis
765 1282 881 1360 attulit
908 1299 1076 1375 dolorem,
1105 1297 1257 1376 quamsi
1276 1297 1393 1361 Floret

188 1403 274 1464 tiam
289 1403 421 1479 inisset,
439 1421 520 1467 cum
534 1405 696 1483 publicae
715 1399 877 1467 utilitatis
892 1422 1000 1466 causa
1025 1404 1132 1482 ducti,
1153 1420 1261 1483 quam
1280 1404 1328 1468 ad
1343 1420 1393 1484 ge·

188 1527 313 1573 manos
325 1511 603 1575 redundaturam
614 1522 770 1591 sperant,
783 1521 858 1574 tum
867 1513 972 1574 etiam
985 1511 1076 1589 quod
1089 1511 1269 1574 malebant
1277 1509 1393 1574 Patre]

187 1618 334 1681 Genuae
359 1634 517 1696 manere,
545 1635 652 1699 quam
675 1616 891 1681 Florentiam
916 1618 925 1646 ⁴
945 1617 1147 1697 proficisci,
1167 1623 1324 1697 propter
1348 1635 1393 1681 mi

188 1741 302 1802 gnam
325 1723 497 1787 utilitatis
511 1733 634 1804 spem,
656 1742 764 1805 quam
787 1744 835 1787 ex
857 1727 933 1786 eriis
963 1725 1148 1787 mansione
1169 1732 1393 1805 conceperan

185 1829 388 1911 Antequam
403 1829 507 1894 Pater
524 1831 745 1910 decessisset,
773 1831 894 1894 habuit
918 1833 1127 1894 concionem
1151 1831 1337 1912 intemplo
1361 1850 1393 1895 nt

185 1947 259 2000 stro
274 1937 320 2000 ad
335 1939 580 2015 scholasticos,
605 1939 663 2001 cui
677 1938 875 2018 Episcopus
892 1938 902 1967 ⁵
921 1939 1076 2001 interluit
1091 1938 1262 2018 multique
1282 1938 1393 2002 nobil<

183 2043 293 2121 ciues
311 2062 381 2124 qua
395 2045 504 2123 finita,
522 2044 718 2125 Episcopus
734 2062 814 2108 cum
828 2046 932 2107 Patre
948 2046 982 2106 in
995 2044 1184 2124 collegium
1196 2046 1296 2108 uenit
1311 2055 1393 2126 atqu

184 2151 369 2214 nobiscum
384 2169 535 2231 pransus
550 2160 613 2214 est.
631 2150 735 2214 Pater
751 2153 937 2229 collegium
956 2153 1003 2212 illi
1016 2150 1292 2229 commendauit,
1311 2159 1393 2232 atqu

189 2267 226 2319 ut
242 2258 356 2336 ipsum
371 2257 573 2337 frequenter
589 2258 757 2321 inuiseret
777 2257 973 2319 obsecra-mi
989 2256 1010 2318 ⁶.
1040 2258 1135 2319 Tunc
1156 2258 1214 2320 ille
1238 2258 1393 2338 polliciti

184 2374 238 2425 est
254 2363 264 2392 ²
280 2380 318 2425 se
333 2364 528 2427 commodis
543 2365 673 2426 nostris
689 2381 867 2444 nunquam
894 2365 1105 2444 defuturum,
1122 2364 1154 2426 si
1173 2364 1288 2444 ipsius
1304 2383 1393 2446 oper

185 2470 237 2532 uti
250 2470 476 2533 uoluerimus.

244 2575 392 2655 Quidam
410 2595 519 2640 senex
529 2576 700 2656 princeps
716 2578 873 2641 cz'ttt'tatt's
896 2579 918 2647 ¹⁴.
935 2579 1057 2656 grauis
1072 2577 1175 2640 simul
1190 2588 1225 2639 et
1248 2579 1350 2659 pius,
1367 2580 1393 2642 it

178 2682 395 2746 tenerrime⁹
410 2683 553 2747 Patrem
568 2685 747 2764 diligebat,
765 2695 801 2747 ut
826 2686 896 2746 etsi
913 2685 1072 2762 capitia!
1088 2682 1111 2712 ¹⁰
1126 2684 1356 2750 dissimulare
1378 2704 1393 2750 s

182 2787 298 2853 Patris
313 2789 510 2853 discessum
525 2791 671 2853 moleste
685 2790 788 2869 serre,
807 2800 912 2870 atque
929 2791 1035 2852 animi
1064 2790 1222 2853 dolorem
1245 2794 1351 2856 uultu
1367 2802 1393 2855 t<

179 2913 277 2975 gere,
291 2907 325 2960 et
337 2898 578 2960 taciturnitate
591 2899 718 2975 celare,
733 2913 806 2959 ecce
817 2904 935 2959 toturn
949 2907 1120 2973 rotumam
1131 2914 1219 2976 puer
1230 2896 1251 2927 ¹¹
1264 2898 1301 2961 in
1313 2899 1391 2963 laer

181 3020 258 3066 mas
265 3004 477 3083 prorumpit
491 3011 512 3043 ¹⁸
523 3013 557 3066 et
569 3021 738 3079 amorem,
753 3022 822 3083 quo
835 3005 948 3082 ipsum
961 3005 1243 3082 amplexabatur,
1261 3005 1349 3069 fletu
1366 3024 1393 3068 a*

180 3127 248 3189 que
263 3110 475 3189 singultibus
502 3110 658 3172 indicare
675 3110 821 3188 cogitur
849 3109 881 3171 ¹³.
914 3111 1125 3172 Bi‘mtdi'ctus
1149 3111 1198 3172 sit
1213 3111 1331 3190 Deus,
1353 3129 1393 3193 qo

182 3216 266 3278 haec
282 3217 401 3279 omnia
417 3216 454 3277 t'n
471 3217 632 3278 omnibus
648 3222 831 3296 operatur.

241 3323 303 3385 Est
318 3323 424 3384 eliam
439 3322 604 3403 frequens
620 3324 665 3386 ad
677 3341 742 3386 nos
754 3324 993 3386 confitentium
1007 3340 1212 3403 concursus
1227 3341 1332 3404 quos,
1347 3337 1393 3388 ets

181 3429 260 3505 loci,
279 3430 397 3508 inquo
414 3430 603 3507 collegium
622 3438 784 3492 nostrum
811 3431 914 3491 situm
937 3441 1001 3495 est.
1020 3430 1255 3493 commoditas
1270 3432 1393 3495 minim

222 3637 230 3666 ¹
260 3633 530 3679 summo.Poinucus‚

221 3708 232 3737 ¹
260 3705 433 3748 honestisslml
445 3706 541 3758 quium·
553 3705 657 3747 virild.

220 3778 232 3807 ³
258 3777 287 3820 ln
302 3776 468 3820 Germaniam
485 3776 615 3830 proiectus
626 3781 664 3819 est
683 3787 740 3818 cum
752 3775 780 3817 P.
796 3774 954 3829 Hieronpmo
967 3775 1052 3818 Natali
1072 3777 1095 3819 ln
1112 3778 1237 3820 comitatu
1264 3778 1392 3825 cardinal

180 3849 293 3900 Morene,
304 3849 346 3903 qul
357 3860 372 3891 a
383 3849 451 3900 Julio
461 3848 496 3891 111
508 3849 541 3891 ad
553 3847 673 3891 Diaetam
685 3848 866 3900 Augustanam
879 3849 1017 3898 deputatus
1029 3858 1075 3889 est.
1088 3847 1153 3891 Vide
1163 3848 1314 3904 Ras'xnnur,
1325 3853 1393 3895 Anm

185 3922 220 3962 Jes
232 3921 417 3970 ecclesiastici,
427 3920 486 3963 annl
499 3919 557 3970 1555.
569 3932 592 3962 n.
603 3919 646 3962 111.

221 3991 231 4023 ¹
259 3991 421 4035 Florentiae.
432 3990 573 4034 Poiaxcus.

219 4064 230 4095 ⁵
258 4064 324 4107 Vide
337 4063 491 4113 chronicon,
501 4070 519 4106 t.
532 4074 568 4116 ιν,
580 4074 638 4117 pag.
650 4063 684 4114 33,
695 4072 782 4107 annot.
799 4073 805 4103 t

221 4134 232 4166 ὕ
260 4136 374 4187 rogauit.
386 4134 528 4178 Poiaucus.

222 4209 232 4238 ⁷
260 4208 303 4249 ille
314 4217 377 4250 vero
388 4207 519 4260 pollicitus
530 4214 581 4251 est,
595 4207 630 4250 ld.

218 4277 230 4310 ὓ
256 4280 301 4320 vir
310 4280 463 4332 primarius
475 4280 503 4320 in
515 4280 636 4322 ciuitate.
649 4278 684 4321 Id.

220 4349 232 4380 ⁹
259 4354 361 4394 tenere.
374 4350 412 4392 Id.

208 4423 229 4454 ¹⁰
258 4434 318 4465 cnm
333 4422 419 4464 uellet.
431 4420 468 4464 ld.

207 4494 228 4526 ¹¹
258 4493 523 4547 utpuurtameu.ld.

207 4564 228 4597 ¹¹
255 4572 442 4619 prorumperet
466 4567 498 4609 ld.

205 4639 228 4669 ¹³
257 4644 402 4687 coacti-lar.
420 4640 445 4681 ll
