3210 5392
569 411 741 472 erranaa
754 428 1026 481 ouiumussrnns

234 1432 433 1493 Theodorus
448 1433 607 1491 Peltanus

272 1530 365 1589 Patri
378 1530 506 1604 Ignatio
522 1531 564 1589 de
578 1530 716 1603 Loyola.

305 1629 457 1702 Neapoli,
471 1628 507 1687 26
519 1629 672 1701 Januarii
688 1629 758 1687 1555
771 1629 791 1686 ¹.

756 1918 832 2036 iris

240 2266 317 2330 R.‘¹e
331 2269 368 2330 in
382 2268 524 2332 Christo
538 2267 664 2332 Pater.

242 2374 344 2454 Quod
357 2377 434 2439 aliis
446 2377 664 2456 temporibus
671 2375 784 2439 fusius
798 2374 921 2438 forsan
933 2390 1039 2454 quam
1050 2382 1112 2436 aut
1118 2390 1219 2454 opus,
1232 2384 1296 2437 aut
1308 2374 1419 2438 etiam

181 2493 414 2562 praeceptum
437 2493 525 2562 erat,
546 2483 717 2564 scriptum
731 2482 807 2563 suit,
833 2485 986 2566 idipsum
1001 2502 1138 2549 summa
1153 2482 1225 2546 iam
1238 2482 1418 2545 breuitate

182 2590 475 2670 perstringemus

244 2696 376 2761 Omnes
390 2700 563 2776 ualemuS,
586 2716 653 2761 nec
667 2699 854 2779 quisquam
879 2699 1036 2762 omnium
1061 2697 1169 2779 (quod
1190 2697 1317 2771 sciam)
1340 2706 1415 2760 toto

182 2804 250 2866 hoc
265 2805 435 2867 trimestri
447 2805 623 2868 decubuit.
641 2803 792 2884 Quidam
804 2807 974 2870 oriundus
985 2805 1170 2886 Hispania,
1184 2815 1219 2869 et
1234 2804 1416 2885 quondam

181 2909 385 2974 CardinaIis
395 2910 460 2975 Coi
474 2911 552 2990 (sic)
566 2912 730 2991 famulus,
746 2912 924 2976 Atriensis
939 2910 961 2990 ¹,
977 2913 1129 2976 fratrum
1144 2913 1225 2975 albo
1246 2911 1416 2974 accessit.

183 3017 275 3081 Huic
291 3019 321 3081 si
335 3019 470 3098 literae,
487 3028 526 3082 ut
539 3019 610 3082 alia
625 3020 745 3083 omnia
768 3021 871 3084 bonis
893 3020 1059 3100 optanda,
1077 3019 1314 3096 abundarent,
1332 3019 1416 3081 insi·

182 3142 253 3203 gne
268 3126 410 3188 diuinae
425 3126 593 3189 bonitatis
618 3127 890 3190 instrumentum
915 3126 1162 3201 sumserat,
1190 3126 1357 3206 quamuis
1382 3136 1416 3187 et

184 3232 249 3295 has
267 3233 408 3312 assequi
429 3249 534 3312 posse
549 3250 631 3311 spes
645 3244 710 3295 est.
737 3232 841 3295 Hunc
856 3251 920 3296 sex
945 3234 1005 3296 alii
1023 3233 1164 3313 sequuti
1177 3241 1273 3309 sunt;
1290 3249 1417 3296 uerum

184 3340 232 3416 hi,
247 3341 307 3419 qui
319 3340 401 3416 sint,
418 3338 518 3401 iuxta
532 3339 715 3403 nobiscum
732 3341 870 3416 tenetis;
887 3357 1009 3402 omnes
1026 3341 1119 3403 enim
1135 3341 1330 3402 incolumes
1346 3336 1416 3400 Ro-

184 3463 279 3509 mam
295 3446 473 3524 appulisse
499 3447 701 3525 accepimus
725 3444 749 3509 ⁸:
770 3448 881 3524 multi,
898 3465 987 3526 quos
1012 3446 1162 3509 necdum
1187 3445 1415 3526 recipiendos

184 3553 361 3629 duximus
378 3568 600 3631 nequaquam
617 3553 779 3632 impigre,
801 3571 869 3633 quo
886 3554 920 3632 ii,
945 3552 988 3615 de
1008 3553 1135 3633 quibus
1149 3553 1221 3615 iam
1236 3553 1412 3630 dicebam,

183 3669 433 3739 peruenerunt,
450 3659 678 3722 contendunt.
696 3658 911 3723 Confitentes
929 3677 1020 3740 pene
1034 3668 1178 3722 manent
1193 3660 1413 3740 aequabiles

183 3768 253 3831 nisi
267 3767 361 3847 quod
375 3767 539 3846 proximo
551 3766 702 3830 iubilaeo
717 3766 994 3847 frequentissimi
1006 3767 1148 3830 fuerint.

243 3872 337 3937 ΚΜ
357 3873 394 3935 P.
413 3871 599 3937 Salmeron
614 3885 647 3936 et
662 3873 755 3936 domi
768 3883 802 3937 et
818 3875 904 3937 soris
920 3874 1053 3954 aliquot
1068 3875 1206 3937 uicibus
1221 3875 1413 3937 conciona-

183 3992 242 4045 tus
256 3991 321 4060 est;
337 3996 462 4043 verum
474 3996 544 4060 quo
559 3978 689 4057 fructu,
707 3999 821 4060 quoue
837 3980 1023 4058 auditorio,
1038 3997 1082 4042 ne
1095 3980 1301 4059 obtundam,
1315 3998 1416 4060 prae·

182 4099 292 4153 tereo.
311 4086 592 4167 Quadragesima
609 4088 785 4167 proxima,
812 4088 848 4149 in
867 4087 1038 4167 parochia
1057 4086 1219 4166 Virginis
1233 4085 1361 4150 Matris
1376 4105 1416 4150 se

226 4369 231 4394 ¹
262 4365 460 4421 apographum,
471 4367 545 4410 unico
557 4365 627 4419 solio,
638 4379 660 4409 n.
671 4366 720 4410 tta.
1214 4410 1220 4422 ,

223 4440 234 4468 ’
262 4437 345 4490 Huius
355 4449 405 4480 non
416 4437 531 4480 meminit
543 4437 671 4481 Polancus
681 4448 728 4481 nec
740 4437 866 4482 Schinosi.
878 4437 1011 4483 orlandini
1021 4446 1111 4482 nutem
1120 4437 1185 4481 nihil
1198 4437 1247 4481 hoc
1255 4437 1412 4481 annonabet

183 4511 269 4554 dicere
280 4510 310 4553 de
322 4508 438 4563 Collegio
449 4507 629 4564 Neapolitano.

223 4583 234 4614 ὅ
261 4580 377 4625 Duorum
389 4588 489 4624 tamum
501 4582 603 4624 nomina
617 4583 703 4635 aperit
714 4581 848 4626 Ponaucus
864 4581 889 4625 in
904 4581 1040 4636 Chronico,
1050 4588 1068 4626 t.
1078 4595 1103 4625 v.
1119 4581 1245 4632 “loannes
1261 4579 1415 4625 Dominieus

184 4653 342 4698 Fasciardus
352 4659 378 4696 et
389 4652 472 4704 Jutius
482 4650 596 4706 Furius„
