3240 5386
10 40 43 263 l

700 109 762 165 Aa.
786 109 854 165 1533
1341 109 1395 167 469

122 237 418 328 Boysirianum
441 252 446 283 ¹
468 254 597 316 missus
622 271 699 315 sum
724 261 778 330 vt,
806 253 946 333 paroeci
965 252 1134 329 suffragio
1159 253 1280 332 fretus,
1308 256 1394 334 ipsis

118 348 273 420 feriis
286 358 482 422 dominicae
503 360 761 423 iucarnationis
786 359 914 422 ibidem
935 361 1179 437 concionarer‚
1201 372 1305 440 atque
1327 363 1394 425 hoc

112 453 270 526 iusto
283 466 379 529 titulo
400 476 482 529 nota
505 468 575 542 illa,
597 477 782 546 praetextu
798 468 927 530 aetatis
949 468 1079 530 nomini
1095 485 1173 530 meo
1194 487 1214 530 a
1238 468 1394 532 Doctore

109 573 354 635 carmelita
370 574 499 649 inusta,
518 591 665 655 prorsus
680 576 891 637 aboleretur.
916 573 1048 654 Itaque,
1073 573 1215 637 Christo
1232 589 1390 652 auctore,

102 677 289 741 Omnis
301 679 466 743 infamiae
480 681 684 761 periculum,
701 681 783 743 bina
804 681 974 743 concione
995 681 1043 743 ibi
1063 680 1193 753 habita,
1217 683 1394 745 sublatum

98 782 206 853 est,
254 786 332 865 ipso
347 786 494 850 Vicario
509 789 671 852 manibus
687 787 901 867 pedibusque
917 788 952 848 in
974 787 1042 850 mei
1062 788 1298 866 patrocinium
1314 807 1393 867 pro-

91 887 328 967 perante,
345 892 541 957 demirante
556 895 696 958 interim
713 912 733 956 a
749 912 804 957 me
819 912 863 956 ne
879 895 1092 957 mentionem
1106 894 1246 972 quidem
1260 894 1393 958 factam

84 978 239 1053 obie
250 1008 330 1062 ctae
344 1001 554 1063 calumniae.
572 1000 618 1064 Ut
633 1001 725 1064 enirn
737 1011 818 1062 acta
833 1001 1030 1080 tragoedia,
1045 1018 1100 1063 me
1114 1017 1302 1080 personam
1323 1019 1393 1063 mu·

80 1088 237 1161 tarn
267 1114 418 1184 gerente,
440 1109 571 1170 laetam
584 1125 627 1169 ac
650 1117 814 1187 pacatam
836 1106 1022 1168 sortiretur
1043 1108 1304 1184 catastrophen,
1327 1108 1393 1170 hoc

71 1202 252 1272 Calli
272 1231 311 1275 ne
326 1216 507 1293 querelam
522 1224 583 1277 aut
598 1216 887 1278 lamentationem
910 1216 1019 1277 vllam
1040 1215 1244 1291 excitarem,
1272 1215 1334 1277 sed
1357 1215 1393 1277 in

64 1306 317 1381 exOrdio
333 1321 466 1400 primae
479 1322 671 1398 concioniS,
687 1339 741 1384 me
753 1340 773 1383 a
787 1322 931 1384 curione
942 1320 1089 1383 solemni
1101 1321 1169 1383 ritu
1182 1321 1338 1398 missum,
1351 1321 1396 1383 ad

66 1411 407 1490 ecelesiastici
432 1428 588 1490 muneris
610 1427 826 1490 functionem
852 1426 1066 1505 obeundam,
1097 1427 1277 1507 professus
1302 1444 1391 1499 sum,

59 1499 98 1560 h
111 1524 240 1585 ²¹0
266 1534 338 1595 sola
358 1534 523 1612 apologia
543 1544 748 1612 contentus;
771 1535 908 1614 hacque
930 1533 1066 1596 ratione
1090 1552 1147 1596 res
1167 1534 1281 1596 omnis
1299 1533 1392 1596 bona

61 1617 268 1700 paee
291 1641 485 1720 composita
511 1651 576 1704 est.
607 1641 738 1705 Precor
762 1640 918 1704 diuinam
948 1642 1158 1717 bonitatem,
1188 1652 1226 1703 vt
1256 1658 1395 1704 omnem

54 1713 227 1795 ΟῘῩΕ
238 1762 344 1809 nsam
360 1747 564 1812 auctoribus
578 1758 698 1811 tautae
714 1748 896 1811 molestiae
911 1747 1063 1825 benigne
1078 1748 1252 1827 ignoscat.

202 1840 419 1916 Dominica
434 1864 560 1933 quarta
576 1853 881 1934 quadragesimae,
899 1873 919 1916 a
935 1852 1092 1930 meridie,
1109 1853 1142 1916 in
1156 1871 1249 1933 pago
1264 1853 1392 1917 Nandi-

55 1933 165 2054 ¹²0⁸
218 1951 263 2035 ³,
283 1957 495 2023 Senonensis
517 1960 705 2037 dioecesis,
729 1961 937 2023 concionem
961 1960 1080 2037 habui,
1097 1961 1350 2023 humanissime
1373 1979 1394 2022 a

66 2021 171 2105 Vl
180 2066 323 2128 eurio
338 2083 381 2129 ac
395 2066 465 2130 loci
478 2066 605 2129 incolis
619 2077 798 2147 exceptus.
816 2067 855 2129 ln
869 2066 995 2141 reditu,
1017 2069 1128 2129 altero
1153 2078 1233 2146 post
1249 2067 1396 2130 domini·

68 2142 216 2220 CRQ
253 2171 499 2253 Conceptionis
510 2174 756 2237 solennitatem
771 2173 838 2251 die,
852 2174 888 2236 in
899 2189 1030 2252 pagum
1043 2174 1229 2251 celebrem,
1247 2173 1394 2253 Champ·

77 2250 146 2362 εξ]
157 2277 296 2342 Qffle
310 2277 321 2309 ⁸
336 2292 594 2361 nuncupatum,
611 2280 808 2360 profectuS,
828 2280 1019 2344 Dominum
1035 2280 1119 2353 loci,
1144 2280 1227 2342 mihi
1249 2279 1394 2343 familia·

86 2357 261 2447 ”th
280 2394 413 2465 notum,
436 2389 652 2450 salutaturus
674 2388 826 2462 accessi;
850 2387 944 2465 quod
963 2386 1138 2465 superiori
1157 2404 1249 2449 anno
1271 2387 1305 2448 in
1328 2387 1395 2449 hoc

93 2464 135 2527 9³
145 2490 277 2571 go,
293 2503 333 2556 vt
347 2504 381 2556 et
396 2494 432 2556 in
447 2495 526 2558 aliis
536 2512 666 2558 nouem
681 2497 768 2558 locis
783 2495 1054 2571 circumdiciniS,
1069 2495 1300 2557 concionatus
1311 2494 1393 2556 luis·

94 2575 259 2677 set-q
279 2600 340 2681 qui
359 2617 466 2679 quum
486 2600 591 2664 domo
617 2602 785 2665 abfuisset
811 2603 944 2683 aliquot
968 2600 1219 2678 hebdomadas
1247 2599 1395 2662 mirifico

90 2668 299 2769 aschtu
313 2706 359 2770 ab
373 2715 524 2788 vtroque
539 2707 685 2771 Vicario
701 2726 743 2770 ac
764 2708 889 2770 nobilis
905 2708 996 2770 illius
1019 2724 1131 2769 vxore
1147 2716 1315 2786 exceptus
1330 2706 1391 2768 sui.

84 2782 181 2895 1¹¹ss
195 2824 265 2873 ετ
277 2812 534 2892 prandendum,
551 2815 609 2892 pio
621 2813 749 2877 affectu
761 2815 1000 2894 expiscantur,
1013 2813 1107 2892 quod
1119 2813 1324 2875 ecclesiaste
1336 2812 1394 2875 de·

86 2900 280 2980 stktutj
295 2928 424 2995 essent,
442 2937 527 2983 num
540 2920 680 2983 animus
694 2932 787 2983 esset
808 2922 936 3000 populo
961 2921 1108 2982 verbum
1131 2918 1197 2982 Dei
1219 2920 1391 2982 ministra-

92 3013 141 3081 se
166 3049 191 3065 -
240 3023 393 3105 Operam
408 3044 523 3090 meam
548 3038 690 3107 postero
715 3027 771 3090 die
790 3025 1042 3106 praestandam
1064 3026 1131 3089 illis
1157 3024 1293 3089 addico.
1317 3026 1395 3089 Hac

104 3104 486 3218 offlapromissione
498 3134 631 3210 lactati,
646 3134 834 3198 certiorem
847 3134 900 3197 sui
911 3134 986 3195 voti
998 3133 1202 3212 concipiunt
1219 3132 1393 3196 fiduciam.

119 3227 345 3317 indagant
374 3256 459 3303 num
478 3242 627 3303 liberum
647 3242 731 3303 mihi
754 3253 858 3317 esset,
885 3242 1010 3302 saltem
1035 3240 1113 3319 ipsa
1139 3257 1242 3302 sacra
1268 3239 1394 3302 hebdo-

141 3341 277 3410 marla
291 3354 326 3408 et
341 3344 500 3410 Paschae
514 3348 729 3410 solemnibus
744 3347 851 3423 feriis,
868 3347 1102 3425 Euangelium
1117 3344 1184 3407 Dei
1198 3346 1284 3426 ipsis
1299 3347 1393 3409 inco·

164 3436 224 3509 lis
244 3467 452 3532 proponere.
474 3452 685 3533 Respondeo
709 3454 907 3533 Praepositi
940 3453 1008 3515 mei
1035 3454 1262 3530 auctoritate,
1291 3464 1395 3532 atque

177 3552 263 3619 adeo
277 3559 433 3622 curionis
448 3560 560 3640 ipsius
574 3561 721 3623 arbitrio
747 3559 996 3639 suffragatorio
1016 3559 1156 3637 fretum,
1174 3577 1229 3621 me
1251 3559 1395 3638 spiritus

185 3673 282 3743 atque
296 3667 458 3745 corporis
473 3684 604 3731 neruos
624 3667 772 3730 salutari
791 3667 1037 3745 indigenarum
1057 3665 1223 3745 obsequio
1243 3666 1396 3728 intensu-

178 3786 261 3847 rum,
275 3779 314 3834 vt
325 3770 596 3853 auditorumpio
608 3772 749 3836 affectui
760 3790 822 3853 per
839 3791 893 3836 me
901 3771 1059 3834 satisfiat.
1069 3769 1190 3833 Animi
1202 3771 1269 3833 mei
1280 3788 1395 3851 prom·

174 3885 269 3957 ptam
281 3878 514 3957 voluntatem,
535 3878 621 3959 ipsis
637 3897 678 3943 ea
698 3881 777 3957 lege
799 3879 965 3955 oblatam,
987 3880 1092 3958 paulo
1114 3888 1194 3958 post
1217 3876 1257 3940 R.
1281 3877 1397 3941 Patris

213 4182 221 4215 ¹
249 4183 315 4228 Vide
326 4184 439 4231 Poimen
451 4186 605 4239 Chronicon,
614 4196 634 4232 t.
645 4200 682 4241 iv,
693 4199 753 4242 pag.
763 4188 812 4239 326,
823 4196 910 4231 annot.
920 4187 943 4231 3.

209 4254 221 4283 ¹
248 4252 342 4312 Nandy
353 4257 391 4310 [?-l·
403 4256 625 4304 sternuat-Marna

208 4326 222 4359 ¹
248 4327 414 4384 Champcueil
427 4329 463 4384 lli,
475 4330 669 4376 scincet-oisc.
