3210 5392
721 455 784 512 ΑΝ.
808 455 876 513 1555
1364 455 1421 512 ’153

173 600 304 662 minus
323 598 505 662 Coloniam
522 600 529 630 ¹
546 600 715 679 seruabit‚
732 611 766 662 et
781 611 860 678 post
872 608 923 661 tot
938 600 1134 663 certamina
1151 608 1186 662 et
1201 601 1420 679 persecutio·

180 722 253 768 nes
267 707 517 782 consolabitur,
535 707 761 787 visitabitque
775 706 877 768 bonis
898 706 1072 786 operariis
1088 704 1109 783 ',
1137 715 1176 769 vt
1199 706 1418 769 confundan-

190 821 247 875 tur
262 830 385 876 omnes
400 813 532 877 inimici
542 815 629 891 eius,
652 822 686 877 et
711 823 965 876 conuertuntur
987 812 1033 876 ad
1051 811 1178 890 Deum,
1207 812 1253 876 ad
1277 813 1418 876 benedi·

182 920 343 983 cendum
358 937 486 982 nomen
499 918 643 983 Domini
658 919 843 983 nobiscum
857 919 892 982 in
908 928 1105 983 aeternum.

253 1024 420 1089 Summus
435 1026 598 1090 Pontifex
617 1037 652 1090 et
677 1025 873 1107 Imperator
895 1026 1113 1106 scripserunt
1137 1023 1419 1105 ColoniensibuS,

192 1135 481 1196 commendantes
506 1151 583 1211 eos,
610 1150 688 1196 sese
715 1133 768 1195 ita
796 1132 936 1195 fortiter
964 1132 1181 1196 aduersariis
1205 1132 1286 1196 fidei
1312 1151 1422 1214 oppo-

187 1240 308 1302 nendo
323 1239 346 1317 ³,
363 1240 632 1320 animantesque
646 1257 709 1302 eos
723 1248 762 1302 vt
776 1239 826 1302 ita
852 1248 1014 1318 pergant,
1041 1256 1249 1319 omnemque
1275 1256 1421 1321 operam

192 1357 227 1409 et
243 1346 401 1410 fauorem
423 1347 692 1410 Coloniensibus
718 1345 916 1410 offerentes:
941 1346 1089 1409 multum
1112 1346 1180 1409 hae
1197 1347 1321 1410 literae
1340 1365 1420 1427 pro·

193 1452 346 1530 suerunt,
363 1471 446 1517 nam
461 1471 507 1516 ex
522 1453 763 1534 superioribus
775 1453 834 1533 qui
848 1453 919 1516 iam
940 1452 1013 1515 fere
1038 1453 1202 1517 subversi
1226 1462 1328 1517 erant
1352 1471 1422 1516 me·

195 1559 267 1622 lius
282 1578 359 1622 sese
375 1560 627 1638 recogitarnnt
643 1559 666 1619 ⁴.

254 1665 372 1729 Amici
388 1665 577 1729 Societatis
591 1667 640 1729 nil
656 1667 771 1746 magis
782 1666 984 1731 desiderant
998 1683 1105 1747 quam
1118 1666 1255 1747 aliquos
1269 1666 1424 1730 Societa-

191 1773 245 1835 -tis
260 1774 318 1835 hic
334 1773 534 1852 conspicere
548 1770 571 1852 ⁸,
598 1778 632 1834 et
643 1771 845 1852 plurimum
860 1778 998 1851 rogant
1013 1773 1059 1836 P.
1085 1773 1120 1835 V.
1137 1773 1174 1834 si
1180 1773 1273 1852 steri
1288 1780 1425 1853 posset,

197 1885 236 1941 vt
249 1879 335 1941 aliis
349 1880 431 1957 (sic)
446 1880 675 1941 concionator
695 1880 872 1957 egregius
897 1880 966 1942 leuc
987 1880 1168 1956 mittatur,
1189 1885 1224 1941 et
1245 1897 1342 1942 unus
1363 1881 1429 1960 qui

191 2003 325 2049 sacras
338 1985 466 2049 literas
477 1985 691 2065 praelegere
700 1991 839 2066 posset,
865 2003 944 2049 cnm
968 2002 1038 2049 vno
1056 1985 1121 2066 qni
1136 1986 1350 2066 prophanos
1364 2006 1424 2051 an·

200 2093 587 2172 ctoresjmrerrtntiaut
602 2109 737 2171 graeca
757 2092 1000 2173 praelegeret,
1022 2110 1199 2171 magnum
1224 2093 1317 2156 enim
1341 2093 1425 2156 inde

192 2202 360 2277 ‚fructum
374 2207 575 2279 sperarent.
592 2199 685 2264 R.‘¹us
704 2200 742 2263 Ρ.
767 2200 866 2263 Prior
886 2197 1123 2263 carthusiae⁶
1145 2201 1216 2263 iam
1240 2213 1425 2281 comparat

201 2307 257 2370 100
271 2299 460 2371 aureorum
476 2325 612 2372 annuos
627 2308 785 2373 redditus
799 2324 864 2387 pro
880 2307 922 2371 iis
938 2307 996 2387 qui
1011 2306 1054 2370 de
1068 2306 1247 2370 Societate
1259 2308 1328 2370 huc
1342 2326 1427 2371 ven·

198 2415 266 2478 turi
281 2427 374 2492 sunt,
391 2415 463 2476 r'arn
473 2414 573 2477 locas
585 2433 681 2478 urias
695 2414 932 2478 concionandi
943 2413 980 2476 in
995 2431 1135 2476 summo
1150 2414 1282 2493 templo
1307 2421 1427 2493 vacat,

198 2523 261 2600 qni
281 2522 375 2584 enim
396 2522 530 2584 solebat
555 2523 604 2584 ibi
627 2523 845 2601 concionari,
870 2521 940 2585 tali
962 2527 1119 2601 tempore
1141 2521 1212 2584 alio
1235 2522 1427 2601 profectus

198 2635 265 2704 est,
279 2635 367 2691 snnt
387 2630 481 2692 enirn
502 2629 619 2692 adhrrc
632 2630 764 2694 ibidno
777 2630 1060 2705 concionatores,
1078 2629 1141 2690 sed
1163 2628 1294 2690 tertius
1316 2629 1425 2700 abest.

196 2736 241 2798 -st
253 2736 415 2798 Societas
425 2745 602 2816 praesens
620 2742 726 2816 esset,
743 2736 900 2817 plurimi
907 2735 995 2816 plus
1019 2735 1029 2766 ²
1055 2734 1226 2799 Societati
1250 2734 1425 2813 fauerent,

200 2861 306 2922 quam
322 2844 419 2906 credi
436 2853 566 2924 posset,
584 2856 622 2906 vt
638 2862 659 2907 a
679 2844 837 2924 pluribus
853 2844 970 2907 audio.

260 2948 354 3012 R.<¹¹¹⁵
377 2948 441 3012 ⁸P.
464 2950 567 3013 Prior
591 2950 736 3014 dederat
763 2951 847 3014 mihi
872 2966 1045 3013 summam
1071 2948 1131 3010 400
1158 2967 1348 3013 aureorum
1365 2951 1432 3011 aut

194 3056 342 3119 circiter
352 3064 422 3135 pro
437 3057 586 3136 collegio
602 3073 748 3120 romano
760 3054 783 3132 ⁹;
800 3073 978 3118 summam
991 3055 1075 3133 sere
1095 3060 1207 3117 totam
1225 3056 1428 3118 Louaninm

194 3162 381 3241 disposui·
395 3163 490 3240 qnod
503 3164 676 3259 restaliat,
690 3164 728 3224 in
739 3161 849 3224 altam
865 3167 1041 3224 monetam
1057 3162 1270 3224 metandum
1286 3168 1378 3237 erat,
1393 3170 1426 3226 et

200 3268 272 3331 riam
287 3268 492 3332 Lonanirrm
507 3287 641 3332 mecam
656 3271 793 3349 desero.

261 3376 348 3439 Item
377 3376 605 3439 carthusiani
633 3377 788 3456 imprimi
814 3375 973 3439 fecerunt
999 3376 1187 3455 mysticam
1214 3377 1431 3456 theologiam

201 3482 244 3547 D.
262 3482 407 3547 Henrici
422 3483 530 3563 Herp,
547 3500 653 3563 quam
674 3483 882 3547 dedicarunt
906 3483 1116 3546 Paternitati
1141 3481 1293 3547 Vestrae
1314 3492 1348 3547 et
1366 3473 1429 3547 Pass

243 3757 250 3788 ⁸
280 3758 505 3802 eam.Potertcos.

243 3830 255 3859 ²
283 3829 451 3884 visitabitque
462 3837 513 3885 per
523 3833 601 3875 bonos
612 3832 753 3885 operarios.
762 3829 800 3874 In.

243 3899 254 3929 ³
282 3903 491 3946 commendantes
502 3914 546 3946 eos
558 3903 628 3956 quod
638 3913 694 3945 sese
705 3904 762 3944 tam
775 3902 879 3946 sortiter
888 3900 1048 3946 adversariis
1059 3901 1115 3945 fidet
1127 3905 1310 3957 opposuerint.
1318 3902 1359 3949 In.

243 3973 255 4004 ὁ
281 3983 341 4016 nam
352 3984 383 4016 ex
393 3976 569 4028 superioribus
578 3973 669 4028 aliqui,
682 3974 729 4026 qni
740 3973 791 4016 ium
806 3973 860 4016 tere
870 3974 989 4017 subversi
1004 3979 1086 4022 eruut.
1102 3974 1138 4016 ad
1155 3974 1293 4017 meliorem
1311 3977 1428 4018 urentem

198 4053 232 4086 se
242 4048 411 4097 receperunt,
424 4045 463 4089 io.

242 4115 255 4146 ⁵
283 4115 384 4168 aliquos
396 4127 428 4159 ex
438 4128 471 4160 ea
481 4117 523 4161 hic
534 4118 636 4162 videre.
647 4117 685 4160 In.

240 4185 253 4218 θ
282 4186 414 4231 Gerurdus
425 4187 630 4243 Kalckbrenner,
644 4201 690 4234 seu
704 4188 852 4232 Hammont.

243 4257 254 4290 ἵ
284 4257 372 4303 Verba
383 4259 447 4302 haec
459 4260 489 4302 Si
500 4260 620 4305 Societas
633 4268 767 4316 praesens
781 4262 861 4311 esset,
875 4259 993 4314 plurimi
1005 4260 1078 4313 plus,
1087 4260 1155 4303 linea
1165 4261 1329 4315 superductu
1345 4261 1431 4306 deletu

197 4336 273 4385 sunu
281 4330 328 4374 sed
339 4331 402 4375 nihil
410 4342 499 4376 eorum
509 4333 566 4377 loco
576 4334 752 4377 substitutum.

241 4402 254 4434 ⁸
281 4401 358 4445 Idem
369 4402 439 4446 ΚΛΜ
462 4403 605 4448 Ροιιιιιοιιιι.

243 4470 256 4504 ⁹
283 4472 317 4517 In
334 4474 486 4517 subsidium
504 4476 610 4528 collegii
626 4475 737 4518 romani.
755 4473 794 4517 Io.
811 4473 877 4518 Vide
898 4474 993 4517 Certus
1015 4475 1048 4517 de
1067 4473 1121 4517 San
1141 4473 1258 4526 lgnacro,
1276 4482 1298 4518 t.
1316 4487 1352 4528 vr,
1375 4477 1438 4522 Cur·

201 4555 231 4591 ta
242 4557 398 4599 nccuxxxnr,
409 4547 460 4598 ubi,
472 4558 531 4602 pag.
541 4546 588 4598 ¹86,
600 4552 687 4590 annot.
700 4547 720 4599 l,
738 4556 875 4600 perperam
889 4546 1001 4600 positum
1017 4552 1056 4590 est
1069 4546 1229 4590 Germanico
1243 4557 1290 4601 pro
1304 4547 1438 4602 Romana·

201 4618 325 4672 quumvis
336 4619 418 4662 verbu
426 4618 514 4663 Putris
525 4618 706 4671 Ribedenelru,
717 4628 783 4671 quae
798 4617 833 4660 ibi
847 4624 996 4671 sequuntur,
1008 4618 1074 4662 satis
1090 4617 1208 4661 indicant
1224 4630 1367 4664 sermonem
1381 4621 1437 4667 liert

198 4692 235 4734 de
247 4688 375 4732 Romano.

366 4775 405 4837 T.
421 4795 466 4834 ιιι.
1260 4783 1295 4850 48
