3210 5392
705 107 769 165 ΑΝ.
794 108 861 164 lton
1345 106 1398 164 487
1503 159 1507 165 ,

163 237 202 301 in
221 243 309 312 locis
324 249 443 312 datum
467 263 531 329 est,
549 267 679 330 magna
696 263 730 312 et
749 252 923 313 charitate
938 261 971 314 et
987 251 1054 313 lide
1070 267 1133 311 suo
1150 267 1294 312 munere
1313 260 1395 312 sunt

159 341 292 417 functi.
308 353 393 419 Sunt
408 357 552 436 quidam
567 358 675 420 ctiam
689 358 760 429 alii,
778 358 836 436 qui
852 358 924 419 suis
940 358 1098 437 pecuniis
1113 366 1250 436 emptos
1266 358 1394 419 multos

154 467 282 529 panes
294 463 327 525 in
342 463 479 526 uicinos
494 480 608 544 pagos
623 474 657 526 et
673 464 801 543 oppida
818 474 1014 544 asportant,
1038 481 1168 543 eosque
1183 465 1297 541 gratis
1313 481 1395 542 pau·

149 567 311 637 peribus
324 569 541 650 dispensant:
559 590 603 634 ex
624 589 693 651 quo
715 570 752 633 fit
768 581 805 633 ut
821 571 982 651 corporis
1002 580 1036 632 et
1055 571 1194 633 animae
1214 571 1394 633 interitum

143 673 269 737 multi
283 674 444 740 euadant.

220 779 345 845 Habes
359 783 545 847 charitatis
559 785 734 864 exempla,
752 802 846 847 nunc
868 785 1057 864 patientiae
1078 783 1316 847 testimonium
1338 800 1392 845 ac-

128 882 257 965 cipe.
273 888 484 953 Accesserat
500 890 627 953 nobilis
642 889 785 971 quidam
801 891 866 968 uir,
881 892 942 953 sed
957 909 1043 953 sane
1055 891 1239 970 superbus
1258 890 1292 951 in
1305 906 1392 951 mer-

118 997 298 1059 catoris
312 996 495 1060 cuiusdam
510 997 665 1075 domum,
682 997 725 1060 ab
741 1015 782 1061 eo
797 998 918 1060 nescio
938 1015 1027 1078 quas
1042 1007 1223 1077 empturus
1244 1012 1392 1057 merces:

109 1110 140 1155 a
167 1116 272 1179 quo
283 1104 433 1183 pretium
446 1121 527 1167 cum
538 1104 805 1183 interrogasset,
820 1122 926 1184 quam
938 1105 1049 1183 potuit
1065 1105 1120 1166 ille
1136 1102 1254 1166 uerbis
1271 1101 1391 1163 humil·

100 1198 258 1272 limis
270 1210 477 1274 satisfacere
492 1221 642 1274 conatus
657 1223 727 1274 est:
744 1228 868 1273 verum
884 1222 1021 1273 tantam
1035 1229 1104 1273 non
1121 1227 1248 1290 passus
1268 1209 1321 1270 uir
1338 1225 1389 1269 ar·

92 1317 436 1391 rogantissimus
451 1318 737 1396 submissionem,
753 1318 814 1380 uix
830 1317 982 1380 ferendis
999 1318 1094 1379 illum
1109 1316 1245 1378 iniuriis
1258 1314 1387 1387 affecit,

86 1428 170 1477 ac
219 1423 445 1503 turpissimis
470 1425 583 1503 sputis
608 1425 701 1487 illius
726 1426 862 1488 uultum
891 1423 1102 1503 deturpauit,
1134 1422 1226 1502 quod
1255 1432 1391 1484 tantum

81 1519 266 1592 abest
280 1541 317 1592 ut
333 1533 480 1594 moleste
494 1532 724 1611 grauiterque
741 1533 797 1593 illc
812 1532 941 1609 tulerit,
966 1542 1003 1593 ut
1019 1540 1159 1610 praeter
1181 1529 1216 1591 id
1238 1529 1323 1590 nihil
1338 1545 1390 1590 re·

75 1636 345 1705 sponderit
360 1637 467 1702 aliud:
489 1639 637 1702 libenter
657 1639 725 1701 hoc
745 1638 880 1718 (inquit)
906 1648 939 1700 et
961 1639 1098 1700 maiora
1118 1639 1226 1700 multa
1247 1635 1391 1698 Domini

72 1741 230 1805 mei
244 1742 328 1825 Jesu
340 1742 470 1808 Christi
482 1762 604 1808 amore
616 1745 794 1808 sufferam.
806 1744 986 1807 Succurrit
997 1756 1031 1807 et
1042 1743 1137 1807 aliud
1148 1761 1218 1806 non
1231 1743 1312 1805 huic
1324 1742 1389 1804 dis·

70 1837 276 1912 Simile
290 1852 492 1931 exemplum
508 1852 654 1914 alterius
674 1851 868 1928 cuiusdam,
885 1851 944 1930 qui
961 1860 994 1912 et
1015 1851 1091 1930 ipse
1116 1862 1238 1912 nostro
1260 1849 1390 1926 templo

70 1954 190 2011 eSt
228 1955 509 2035 addictissimus;
526 1958 582 2020 cui
602 1974 681 2020 cum
702 1970 795 2021 esset
811 1975 890 2020 cum
913 1956 1020 2020 nobili
1039 1957 1192 2036 quodam
1213 1955 1289 2018 uiro
1305 1954 1387 2017 iudi·

71 2048 197 2115 cio
233 2061 498 2141 decertandum,
516 2074 706 2144 antequam
722 2063 848 2126 iudicis
860 2073 1088 2142 conspectum
1101 2062 1249 2139 adirent,
1267 2062 1322 2124 vir
1333 2063 1390 2124 ille

70 2163 301 2249 rlObilis,
324 2181 400 2232 tum
414 2170 509 2250 quod
524 2187 562 2232 se
577 2170 706 2233 iniuria
721 2172 925 2233 lacessitum
944 2170 1174 2246 existimaret,
1192 2182 1265 2230 tum
1281 2169 1389 2231 maxi-

75 2269 209 2331 me
239 2274 331 2356 quod
347 2277 445 2339 illum
461 2295 479 2339 e
493 2286 616 2339 nostro
632 2294 709 2339 esse
725 2294 871 2339 numero
886 2277 1127 2353 intellexisset,
1145 2275 1389 2356 spectantibus

74 2368 336 2459 plurimis,
353 2383 389 2446 in
404 2383 453 2462 pii
468 2382 535 2446 uiri
550 2393 792 2463 contemptum
806 2383 922 2462 coepit
945 2383 1166 2461 interrogare
1183 2381 1364 2444 Nicolinus
1381 2381 1388 2411 ¹

75 2480 176 2538 ne
209 2490 330 2553 esset?
345 2490 408 2568 (sic
423 2490 517 2553 enim
531 2498 673 2552 nostros
685 2490 735 2552 illi
750 2492 939 2570 appellant,
958 2489 1017 2569 qui
1028 2489 1143 2551 minus
1155 2506 1241 2568 erga
1254 2505 1319 2549 nos
1331 2505 1388 2549 no·

76 2583 181 2646 S¹²1
200 2610 328 2676 aeque
349 2594 540 2661 Societatis
560 2613 669 2676 opera
690 2596 778 2658 bene
799 2606 879 2658 sunt
895 2594 1036 2672 affecti);
1058 2595 1240 2674 respondit
1261 2595 1329 2670 ille,
1353 2603 1390 2655 ut

75 2688 334 2765 Syncerus
348 2712 425 2766 erat
439 2701 494 2765 uir
509 2712 544 2766 et
559 2702 707 2780 integer:
725 2702 861 2765 vtinam
883 2702 1019 2782 (inquit)
1035 2719 1119 2765 uere
1139 2700 1321 2763 Nicolinus
1339 2717 1390 2762 es·

76 2794 248 2872 Sem,
263 2806 313 2874 At
327 2808 397 2872 ille:
410 2818 448 2872 tu
463 2808 666 2872 huiusmodi
681 2826 762 2871 cum
776 2809 836 2886 εἰς,
854 2827 971 2871 nonne
987 2825 1075 2888 quos
1090 2807 1282 2886 infringam
1299 2809 1388 2869 cola·

75 2894 261 2993 Phos,
278 2925 340 2979 aut
352 2931 504 2996 pugnos,
521 2932 635 2995 aequo
650 2916 769 2977 animo
780 2915 1005 2996 perpetieris?
1019 2914 1223 2994 Cogebatur
1238 2931 1335 2993 sane,
1353 2914 1388 2977 li·

74 3007 200 3075 ce¹:
231 3022 285 3085 uit
298 3021 447 3102 perditis
463 3021 631 3101 moribus
654 3039 733 3084 eam
748 3021 908 3085 confiteri
923 3021 1104 3100 Nicolinis,
1118 3038 1225 3100 quam
1235 3038 1306 3083 non
1319 3022 1389 3083 lau·

75 3100 283 3208 dabat,
305 3128 422 3192 inesse
446 3128 625 3191 uirtutem.
653 3127 713 3191 Ille
738 3145 836 3207 uem,
863 3129 1037 3191 submisse
1062 3129 1291 3207 respondens,
1320 3145 1390 3190 non

72 3200 253 3298 haec
268 3236 404 3316 (inquit)
418 3234 535 3312 modo,
560 3234 671 3298 sedet
686 3236 741 3297 his
756 3237 869 3314 plura,
888 3236 1008 3299 diuina
1027 3236 1157 3314 gratia,
1179 3252 1234 3297 me
1250 3252 1388 3315 perpes-

70 3324 283 3426 {urum
297 3359 415 3422 spero.
441 3341 583 3422 Vixque
599 3360 641 3404 ca
661 3342 810 3419 dixerat,
835 3360 877 3405 ac
897 3342 1161 3405 crudelissimas
1182 3342 1239 3404 ille
1255 3343 1290 3404 in
1309 3359 1390 3404 eum

69 3430 281 3512 111iecit
295 3465 433 3526 manuS,
450 3458 484 3511 et
499 3448 629 3528 pugnis
642 3448 801 3527 grauiter
816 3448 978 3511 caecidit.
995 3447 1063 3512 Sed
1079 3466 1120 3509 eo
1139 3449 1195 3510 hic
1212 3449 1329 3511 mitius
1345 3451 1389 3509 le-

67 3533 307 3637 niusque
322 3573 534 3637 responsum
549 3555 711 3633 reddidit,
728 3574 797 3636 quo
813 3557 869 3618 ille
885 3557 999 3635 magis
1014 3556 1050 3619 in
1065 3573 1146 3618 eum
1160 3556 1386 3618 insacuierat.

66 3626 340 3743 Quareea,
350 3673 507 3744 quaerat
518 3663 798 3742 mansuetudine,
813 3663 1043 3744 respondens
1054 3663 1153 3725 dixit:
1166 3661 1287 3741 quidni
1300 3663 1388 3725 haec

65 3748 221 3823 1³¹⁸0
242 3766 378 3834 Christo
393 3769 572 3833 leuissima
588 3769 715 3849 patiar,
733 3772 791 3848 qui
809 3788 872 3850 pro
888 3786 943 3832 me
958 3770 1114 3832 maxima
1130 3768 1312 3831 sustinuit?

71 3945 83 3958 ‚
209 3869 342 3940 Exhis
361 3878 466 3957 plane
481 3876 616 3957 paucis,
640 3878 803 3956 quamuis
825 3877 957 3956 reliqua
982 3876 1119 3938 silentio
1145 3877 1385 3953 inuoluuntur,

69 3964 241 4043 mm
256 3986 337 4048 satis
358 3984 440 4047 licet
459 3983 656 4062 intelligere
678 3993 830 4062 quantus
849 3984 895 4046 sit
916 3984 1108 4063 spiritualis
1129 3984 1326 4046 animarum
1350 3982 1385 4044 in

151 4088 309 4154 omino
341 4091 490 4154 fructus.
520 4089 579 4153 Ad
609 4090 816 4169 religionem
846 4108 931 4153 uero
966 4102 1124 4152 nostram
1154 4089 1386 4168 aspirantium

75 4181 368 4225 &—

167 4249 184 4279 ¹
242 4253 330 4305 Nomen
344 4258 441 4304 nostrin
455 4256 663 4302 Messanensibus
680 4259 812 4312 impletum
831 4270 869 4310 eo,
887 4266 916 4302 ut
931 4259 1042 4310 videtur,
1059 4258 1124 4312 quod
1143 4259 1273 4311 templum,
1285 4267 1334 4310 quo
1352 4253 1385 4299 ad

80 4310 304 4376 ¹¹²¹¹²¹⁸letla
311 4333 462 4385 utebantur,
473 4328 569 4373 Sancto
580 4329 687 4374 Nicolao
698 4341 801 4374 sacrum
811 4338 876 4374 erat.
