3210 5392
179 422 234 482 ⁴280
565 421 735 480 errms
752 436 1026 489 outnumnsraas

182 567 374 644 sententia,
402 574 439 629 ut
463 566 706 629 existimemus
730 566 888 629 diuinam
913 566 1109 630 bonitatem
1134 567 1184 630 nil
1204 565 1410 630 intermitte·

180 691 231 752 re,
248 689 320 753 quo
333 689 455 735 omnes
470 673 620 735 instituti
634 673 746 736 nostri
761 671 869 736 faciat
884 673 1065 737 certiores.

242 778 316 842 Iam
332 777 422 842 Rmi.
439 785 472 840 et
488 777 600 841 Illmr'.
624 777 804 860 Prolegati
818 788 851 842 et
866 778 936 843 Ra
952 777 1184 860 Proepiscopi
1205 780 1367 842 animum
1377 789 1414 843 et

182 886 463 949 beneuolentiam
479 886 595 965 magis
610 902 652 948 ac
668 886 782 965 magis
798 887 1010 967 experimur,
1033 887 1093 967 qui
1116 886 1266 950 maximi
1285 885 1416 949 benefi-

181 992 228 1055 cii
243 993 321 1055 loco
334 991 474 1068 habent,
491 992 521 1054 si
536 991 678 1070 quando
693 1009 772 1055 eam
788 992 881 1073 apud
897 993 994 1055 ciues
1011 1001 1180 1056 testatam
1199 993 1343 1073 possint
1363 1008 1416 1056 re

182 1099 351 1179 linquere.
369 1097 468 1176 Quae
484 1099 602 1161 omnia
620 1098 706 1162 nulli
721 1098 914 1173 hominum,
936 1097 998 1161 sed
1018 1098 1085 1161 soli
1111 1098 1201 1177 Deo,
1226 1098 1322 1162 unde
1342 1115 1418 1162 ma·

182 1215 280 1283 nant,
297 1204 480 1282 debentur,
496 1204 556 1283 qui
571 1212 606 1266 et
621 1204 664 1267 de
680 1204 776 1267 uictu
791 1214 914 1268 nostro
935 1221 977 1267 ac
998 1205 1107 1268 rebus
1127 1205 1235 1269 etiam
1253 1205 1418 1270 externis

182 1311 323 1374 abunde
342 1309 515 1373 sollicitat
536 1309 556 1373 ¹.
577 1309 827 1399 Superioribus
845 1312 940 1374 enim
959 1311 1082 1375 diebus
1102 1311 1248 1390 quidam
1267 1310 1360 1375 ciuis
1379 1328 1419 1376 re

184 1435 255 1481 non
267 1416 438 1480 mediocri
449 1418 573 1481 obtulit
585 1417 680 1498 apud
690 1417 832 1481 Patrem
846 1426 1008 1481 nostrum
1018 1417 1242 1481 Euerardum
1259 1421 1419 1499 amplam

185 1525 273 1587 satis
292 1525 555 1604 possessionem
579 1523 753 1604 Collegio,
783 1523 876 1605 quae
895 1535 1037 1606 praeter
1064 1541 1233 1606 magnam
1258 1526 1336 1589 uini
1360 1543 1417 1589 oo·

185 1631 292 1712 piam,
316 1631 483 1693 frumenti
502 1630 608 1694 etiam
630 1630 818 1710 quotannis
840 1631 1055 1694 mediocrem
1077 1631 1316 1710 quantitatem
1336 1650 1420 1696 oon·

184 1739 301 1800 sueuit
316 1738 523 1817 producere.
539 1736 618 1816 Qui,
635 1738 701 1801 etsi
715 1739 849 1801 nullam
863 1755 1018 1818 unquam
1034 1747 1138 1801 antea
1158 1739 1353 1804 nobiscum
1369 1739 1421 1804 fa·

188 1844 426 1907 miliaritatem
441 1844 691 1923 contraxisset,
713 1844 851 1907 dicebat
866 1861 904 1908 se
922 1854 1041 1908 tamen
1058 1863 1130 1908 non
1152 1855 1234 1909 ante
1254 1847 1422 1928 conquie-

191 1961 319 2026 turum,
336 1967 442 2029 quam
457 1950 557 2013 nobis
574 1950 669 2013 illam
684 1950 824 2031 penitus
839 1951 1049 2030 reliquisset.

248 2057 347 2118 Deus
361 2057 519 2135 optimus
529 2057 728 2134 maximus,
739 2057 842 2119 cm'us
854 2057 997 2119 numine
1008 2057 1093 2119 haec
1105 2057 1225 2119 omnia
1234 2057 1421 2137 evertebant,

188 2163 240 2225 sic
254 2162 412 2225 omnium
427 2163 568 2225 anemos
582 2163 713 2243 expiet,
731 2169 770 2225 at
784 2161 886 2224 nulla
900 2164 1130 2226 terrestrium
1145 2180 1322 2226 curarum
1343 2163 1424 2227 labe

189 2275 404 2348 tangamur,
421 2269 485 2330 sed
501 2274 602 2331 tanto
624 2270 827 2332 animorum
849 2271 981 2332 ardore
992 2270 1040 2332 ad
1056 2248 1182 2332 diatim
1200 2269 1420 2350 aspiremus,

190 2381 365 2455 quantum
384 2394 406 2436 a
425 2380 526 2438 terra
547 2374 682 2438 coelmn
707 2376 923 2456 diremptum
942 2382 1009 2454 est,
1029 2375 1090 2438 vbi
1106 2377 1339 2440 conuersatio
1361 2393 1423 2441 ne·

188 2489 269 2546 stra
283 2499 361 2545 esse
374 2483 482 2544 debet.
505 2482 603 2545 Haec
622 2494 704 2545 sunt
722 2482 806 2560 fere,
824 2500 915 2563 quae
941 2484 1129 2563 postremis
1149 2494 1302 2564 quatuor
1326 2502 1422 2549 men·

190 2590 287 2652 sibus
314 2589 433 2669 gratia
456 2587 524 2652 Dei
547 2606 611 2669 per
634 2587 848 2652 Societatem
875 2599 1021 2669 operata
1047 2600 1111 2653 est.
1138 2589 1337 2670 Reliquum
1365 2598 1422 2655 est

190 2698 235 2759 P.
260 2697 493 2774 obseruanda,
509 2702 548 2758 ut
563 2696 676 2775 nodia,
690 2702 724 2759 et
738 2696 881 2759 divinae
895 2695 1098 2759 uoluntatis
1112 2696 1373 2778 cognitionem,
1388 2705 1424 2762 et

190 2804 376 2880 intactam,
389 2808 428 2864 ut
439 2802 624 2881 cognitam
636 2819 871 2881 exequamur,
883 2803 1042 2865 animum
1052 2802 1144 2864 uelis
1154 2804 1368 2883 impetrare,
1381 2811 1425 2868 ut

191 2928 313 2973 coram
329 2911 403 2972 Deo
419 2916 452 2971 ei
467 2909 668 2972 horninibus
683 2910 772 2971 bona
783 2909 1055 2989 prout'deamus.
1083 2908 1176 2971 Vale.

252 3017 431 3094 Perusiae,
449 3017 561 3096 pridie
576 3035 690 3079 nonas
705 3016 901 3093 Februarii,
922 3016 1009 3077 1555.

253 3125 294 3187 T.
311 3122 352 3186 R.
370 3121 407 3185 P.

251 3229 357 3310 Jussu
369 3227 440 3292 R.di
456 3227 571 3290 Patris
586 3229 697 3291 nostri
713 3229 885 3291 Euerardi
902 3228 1130 3309 Marcuriani,

254 3335 386 3398 Seruus
401 3334 533 3397 inutilis
549 3335 584 3397 in
600 3333 754 3406 Christ0,

872 3548 1042 3614 Enuuous
1063 3549 1260 3615 Audemus.

255 3867 521 3947 Saperscriptz'o
540 3869 577 3928 rit
598 3873 729 3946 qzcarta
745 3868 906 3947 pagina:
932 3867 1008 3930 R.d⁰
1029 3867 1065 3929 in
1086 3866 1228 3930 Christo
1248 3868 1288 3931 P.
1316 3869 1431 3938 Mtro.

195 3975 332 4054 Ignatio
346 3993 367 4036 a
383 3975 530 4055 Loyola,
551 3973 757 4053 Praeposito
774 3973 941 4058 Generali
959 3973 1146 4038 Societatis
1169 3976 1323 4039 nominis
1338 3976 1433 4058 Jesu

196 4079 342 4144 Romae.

257 4186 341 4250 Alia
356 4205 479 4250 manta·
498 4189 584 4250 1555.
602 4187 761 4250 Perusia.
778 4187 1055 4266 Quadrimestris
1070 4188 1089 4249 4
1102 4188 1282 4252 februarii.

259 4295 307 4356 Et
322 4294 410 4368 alia·
424 4295 571 4357 Emend.

238 4536 246 4568 ¹
275 4537 351 4579 nobis
360 4538 501 4591 prospicit.
513 4537 653 4579 Patiscus.
