3210 5392
617 439 683 500 Aa.
705 438 774 498 l'u'oi
1263 440 1318 501 effi

90 601 134 647 re
154 601 228 648 non
247 601 403 663 possum.
430 583 500 649 Res
525 602 611 665 ergo
632 587 682 650 ita
706 604 744 650 se
768 587 883 650 habet.
906 586 1125 650 Adolescens
1148 589 1204 651 hic
1230 588 1317 653 diui·

90 708 129 755 uo
145 691 198 768 (ut
214 691 360 754 credere
375 691 522 771 dignum
538 699 603 768 est)
616 693 742 772 spiritu
757 702 885 769 tactus
899 702 933 756 et
945 704 1086 773 patrum
1097 693 1316 776 fratrumque

90 808 292 863 nostrorum
317 798 392 861 uita
414 808 518 878 atque
541 801 704 878 exemplo
730 800 907 878 incitatuS,
936 800 971 863 in
996 801 1153 865 animum
1178 802 1317 866 induxit

90 920 188 972 suum
204 901 420 967 Societatem
434 915 595 969 nostram
615 906 765 986 ingredi,
782 906 882 969 cuius
901 908 952 969 rei
975 905 1067 970 ΚΜ
1083 906 1121 969 Ρ.
1143 907 1315 987 Baptista,

90 1027 150 1091 per·
161 1010 328 1075 iuuenem
339 1011 456 1090 ipsum
471 1012 602 1075 certior
617 1013 732 1077 lactus
747 1014 928 1094 respondit
941 1023 979 1076 ut
991 1015 1134 1078 omnino
1145 1014 1318 1078 diffideret

90 1134 122 1181 se
136 1117 284 1197 assequi
293 1134 398 1197 posse
410 1119 503 1198 quod
515 1119 673 1199 optabat,
686 1120 754 1182 nisi
766 1120 864 1199 prius
876 1122 1000 1184 matris
1015 1139 1113 1199 suae,
1130 1129 1163 1184 et
1180 1138 1327 1201 eorum„

90 1223 144 1304 qui
158 1224 271 1304 ipsius
286 1240 410 1287 curam
425 1225 569 1303 habent,
586 1227 805 1290 uoluntatem
825 1237 1016 1290 uenaretur
1038 1227 1118 1305 (hoc
1138 1228 1233 1291 enim
1253 1228 1315 1291 im·

90 1339 224 1395 matura
240 1329 316 1393 eius
331 1340 431 1396 aetas
446 1332 670 1411 postulabat).
684 1331 757 1396 Nec
770 1333 917 1396 multum
928 1333 1097 1413 temporis
1108 1332 1328 1411 interfluxit„

90 1437 171 1516 tuin
182 1437 242 1501 ille
257 1434 373 1501 Patris
389 1438 501 1502 nostri
513 1436 613 1516 jussa
628 1449 862 1519 exequeretur
883 1439 1057 1519 matrique
1078 1457 1152 1503 rem
1175 1457 1328 1505 omnem.

90 1542 387 1623 indicauitspater
402 1561 556 1624 namque
572 1545 733 1622 obierat);
750 1561 840 1625 quae
853 1556 989 1609 tantum
1005 1546 1105 1609 abest
1117 1557 1155 1609 ut
1166 1549 1283 1611 aliena
1294 1565 1327 1610 a.

90 1648 144 1714 filii
158 1650 338 1714 sententia
353 1649 470 1729 suerit,
485 1661 522 1715 ut
538 1651 644 1716 etiam
657 1650 781 1715 eodem
793 1669 932 1732 quoque
942 1651 1114 1730 flagraret
1125 1653 1326 1731 desideri0„

90 1757 184 1821 cuius
198 1756 252 1819 rei
267 1773 403 1836 preces¹
422 1775 512 1836 quas
527 1758 573 1821 ad
588 1759 864 1838 omnipotentem
876 1757 990 1822 Deum
1003 1758 1136 1838 effudit,
1149 1760 1252 1824 nobis
1263 1777 1317 1823 ar·

90 1873 252 1942 {umento
268 1880 346 1926 esse
360 1874 521 1942 possunt.
538 1863 640 1942 Nam,
653 1874 691 1927 ut
706 1865 913 1928 adolescens
927 1864 1028 1928 nobis
1043 1877 1167 1945 postea
1179 1867 1313 1944 retulit,

90 1969 161 2050 ipsa
181 1970 333 2044 genibus
345 1971 532 2048 prouoluta
548 1971 765 2035 immortales
784 1970 861 2035 Deo
875 1972 1012 2050 gratias
1027 1973 1110 2051 egit,
1127 1971 1221 2052 quod
1232 1989 1316 2037 eam

90 2086 238 2141 mentem
257 2077 484 2157 animumque
503 2076 690 2141 donauerit
710 2076 791 2142 filio.
813 2076 932 2142 Noluit
953 2088 1072 2141 tamen
1094 2079 1192 2158 prius
1217 2088 1314 2159 pote·

90 2193 210 2250 statem
222 2183 271 2245 illi
282 2182 401 2245 lacere
413 2200 519 2262 quam
530 2183 667 2247 iuuenis
678 2201 785 2247 auum
795 2186 993 2248 consuleret
1005 2185 1230 2266 animumque
1240 2194 1313 2248 ten·

90 2299 187 2368 taret,
201 2290 264 2369 qui
274 2289 448 2368 principio
456 2307 528 2352 non
540 2291 666 2368 renuit,
675 2291 786 2352 voluit
794 2300 913 2353 tamen
926 2291 1019 2354 scire
1031 2301 1168 2355 essetne
1176 2291 1316 2354 iuuenis

90 2406 206 2461 nostro
222 2396 368 2459 hortatu
385 2398 420 2459 in
440 2413 518 2469 eam
537 2397 749 2459 sententiam
769 2397 952 2476 ingressus
970 2414 1094 2477 necne;
1115 2414 1264 2478 cumque
1279 2397 1316 2463 id

90 2503 227 2567 minime
240 2518 363 2565 uerum
377 2519 454 2565 esse
467 2503 708 2582 comperisset,
720 2503 851 2582 placuit
864 2504 1003 2583 nepotis
1015 2505 1170 2569 animum
1180 2504 1314 2583 experi-

90 2609 121 2689 ri,
136 2608 390 2691 pollicitusque
405 2618 459 2670 est
474 2625 654 2688 nunquam
669 2626 707 2671 se
727 2608 959 2672 deducturum
974 2609 1017 2672 de
1034 2607 1122 2691 [sua]
1140 2612 1317 2674 sententia

90 2713 260 2794 iuuenem,
277 2715 425 2778 simodo
441 2716 515 2795 ipse
530 2717 566 2779 in
581 2733 622 2778 ea
638 2716 867 2795 permanebit.
886 2716 984 2780 Haec
1000 2717 1119 2779 omnia
1134 2726 1217 2780 acta
1229 2727 1312 2780 sunt

93 2823 220 2888 uuenis
235 2831 363 2900 patruo
379 2821 502 2898 inscio,
519 2821 583 2884 sub
595 2822 696 2885 cuius
710 2823 819 2885 tutela
834 2822 891 2885 ille
906 2830 970 2900 est;
988 2822 1047 2901 qui
1062 2839 1143 2886 curn
1157 2823 1314 2902 primum

90 2944 152 2996 'em
166 2929 353 3008 cognouit,
371 2928 550 3007 prohibuit
564 2945 608 2990 ne
623 2928 669 2991 ad
683 2938 825 2991 nostras
840 2928 981 2992 scholas
996 2929 1147 3008 amplius
1162 2929 1311 3005 ueniret,

90 3052 230 3118 perans
256 3051 293 3097 se
318 3035 386 3097 hoc
413 3034 517 3096 modo
538 3033 640 3097 facile
666 3051 875 3097 auersurum
899 3052 919 3096 a
947 3035 1050 3097 nobis
1076 3035 1312 3098 adolescentis

91 3145 254 3221 nimum;
270 3141 332 3203 sed
346 3142 456 3204 multo
472 3141 574 3204 aliter
590 3158 628 3203 se
642 3158 701 3203 res
711 3141 845 3204 habuit.
863 3138 954 3203 Nam
965 3141 1031 3203 etsi
1042 3141 1099 3203 ille
1113 3140 1158 3205 ad
1173 3141 1314 3203 scholas

91 3268 146 3317 on
164 3247 300 3327 ueniat,
322 3258 441 3311 tamen
463 3247 653 3326 aliquando
675 3247 764 3310 fallit
786 3256 952 3326 patruum
972 3257 1007 3309 et
1026 3247 1071 3310 ad
1089 3264 1156 3310 nos
1177 3264 1216 3310 se
1231 3263 1312 3310 con·

90 3368 154 3437 ert,
173 3364 338 3418 nostrum
354 3355 550 3433 implorans
566 3354 748 3417 auxilium.
767 3352 871 3416 Pater
887 3363 1005 3417 tamen
1023 3352 1179 3434 Joannes
1194 3353 1312 3433 Bapti-

90 3479 132 3530 ta
147 3463 382 3526 immaturam
398 3461 472 3523 eius
488 3471 641 3524 aetatem
657 3470 837 3538 causatur,
859 3478 903 3523 ne
918 3461 949 3523 si
963 3460 1053 3524 sorte
1067 3461 1183 3540 ipsum
1204 3459 1312 3526 admi·

90 3577 183 3641 'asset
199 3568 311 3631 inuito
328 3577 455 3647 patruo
472 3567 544 3646 (qui
559 3585 602 3630 ex
617 3567 829 3647 primoribus
850 3566 945 3630 urbis
966 3567 1043 3646 est),
1059 3567 1155 3630 lama
1170 3584 1233 3646 per
1255 3584 1311 3630 ur·

90 3694 157 3744 em
173 3683 338 3738 manaret
353 3692 484 3754 pueros
505 3673 744 3738 familiaritate
759 3685 881 3736 nostra
897 3674 988 3737 allici
1013 3691 1055 3735 ac
1078 3673 1204 3753 decipi;
1221 3691 1312 3753 quac

90 3803 131 3853 es
148 3798 226 3847 non
238 3798 389 3860 paruum
401 3780 534 3844 nostris
547 3781 679 3844 scholis
691 3779 836 3844 afferret
849 3780 1109 3843 detrimentum.
1123 3778 1164 3842 R.
1182 3778 1221 3841 P.
1233 3779 1311 3842 Tua

92 3893 178 3957 lum
194 3886 272 3950 Deo
288 3889 362 3950 suis
379 3887 598 3950 orationibus
619 3884 854 3964 commendet;
876 3902 1007 3965 magna
1028 3886 1121 3948 enim
1138 3903 1193 3949 me
1217 3893 1312 3948 tenet

90 4012 161 4078 pes
177 3993 370 4073 aliquando
386 3993 530 4056 tandem
545 3993 753 4070 religionem
769 4002 927 4055 nostram
942 3993 1196 4070 ingressurum.

134 4101 205 4165 Est
219 4101 326 4164 etiam
344 4101 444 4177 alter,
469 4100 530 4180 qui
544 4099 668 4162 eodem
689 4115 827 4180 quoque
843 4109 981 4161 tenetur
1002 4097 1189 4174 desideri0‚
1209 4096 1311 4161 cuius

90 4211 127 4277 ei
147 4209 269 4287 gratia
289 4218 428 4287 patrem
447 4208 482 4268 in
505 4207 693 4285 collegium
712 4216 873 4269 nostrum
894 4205 1052 4281 adduxit,
1078 4203 1138 4283 qui
1152 4202 1311 4265 animum

90 4317 137 4381 lii
154 4315 306 4378 summis
321 4313 484 4376 laudibus
499 4313 545 4376 ad
560 4313 697 4376 coelum
712 4313 847 4387 extulit,
865 4311 1096 4390 promisitque
1111 4326 1182 4371 non
1195 4309 1319 4371 solum:

90 4427 176 4487 lum
190 4438 261 4484 non
273 4420 535 4501 impediturum,
549 4420 578 4482 si
591 4421 627 4482 in
638 4418 762 4482 eadem
773 4418 948 4481 sententia
960 4415 1223 4496 permansisset,
1238 4414 1309 4478 imo

90 4531 180 4593 llum
198 4538 400 4591 currentem
415 4527 656 4590 inritaturum.

139 4635 217 4698 Hoc
234 4635 317 4715 quia
339 4634 499 4697 nonnihil
520 4633 660 4713 gratiae
683 4632 812 4695 habere
828 4631 1023 4707 uidebatur,
1047 4646 1231 4694 recensere
1250 4646 1310 4691 uo·
