3210 5392
681 407 744 466 Au.
767 407 837 466 1555
1316 407 1371 469 525

47 561 108 617 et
135 551 308 614 vitam.
323 548 434 614 Suum
448 552 596 630 quisque
610 552 731 614 sedulo
745 550 896 615 officium
908 552 1003 629 facit,
1019 552 1248 632 elaboratque
1261 571 1369 633 quan-

52 671 207 723 tum
227 667 360 738 potest,
375 668 415 720 vt
430 658 610 722 commissi
625 659 771 738 pulchre
792 668 897 739 queat
912 659 1087 721 rationem
1108 660 1266 722 reddere.

159 763 429 829 Orationibus
442 763 587 828 Patrum
600 782 642 827 ac
658 763 825 828 Fratrum
842 764 945 827 isthic
962 766 1189 829 incolentium
1207 767 1370 831 adiuuari

54 872 329 954 poscimus
348 882 397 949 vt,
415 873 472 935 cui
491 885 614 935 nostra
631 872 749 934 omnia
771 881 919 952 accepta
941 871 1066 936 referri
1089 891 1235 936 necesse
1250 885 1315 952 est,
1332 876 1369 937 in

55 995 219 1042 eum
232 978 394 1041 vniuersi
409 979 523 1042 nostri
544 979 686 1042 labores
709 978 866 1057 tendant,
889 989 1058 1060 tanquam
1078 980 1114 1042 in
1134 981 1368 1044 certissimum

57 1100 304 1165 scopum,
332 1103 353 1147 a
380 1102 449 1165 quo
474 1085 611 1148 vtinam
636 1102 816 1168 nunquam
841 1086 967 1165 cuique
993 1096 1154 1148 nostrum
1184 1089 1368 1167 contingat

60 1192 318 1254 aberrare.

180 1296 397 1371 Cordubae,
417 1296 453 1360 15
467 1295 648 1360 Kalendas
662 1297 746 1379 Julii
762 1314 856 1360 anno
873 1295 1043 1379 D[omini]
1061 1297 1106 1360 M.
1125 1298 1168 1362 D.
1184 1298 1224 1361 L.
1240 1299 1285 1362 V.

180 1403 297 1468 Haec
312 1405 483 1467 mittenda
498 1414 576 1468 erat
590 1405 766 1486 principio
782 1405 913 1467 mensis
928 1404 1023 1467 Maii:
1041 1405 1179 1468 incuria
1192 1406 1300 1469 dilata
1314 1417 1367 1470 est

75 1501 140 1569 'm
167 1509 284 1574 hunc
299 1511 404 1589 diem,
422 1511 543 1574 nescio
557 1511 673 1591 magis
688 1529 734 1574 an
749 1512 973 1590 ignoratione
989 1513 1168 1593 temporis.

259 1617 314 1681 Ex
330 1619 579 1682 commissione
595 1617 633 1682 P.
648 1615 856 1700 D[octoris].

439 1724 550 1789 Filius
566 1726 733 1806 indignus
747 1726 784 1789 in
799 1725 965 1804 Domino,

946 1939 970 2020 †
984 1939 1166 2004 Αῑευεοο.
1187 1945 1208 2016 †

207 2363 465 2446 Superscriptzo
484 2365 522 2428 in
538 2370 669 2445 qzaearta
683 2364 839 2444 pagina:
855 2312 946 2447 JPsIS.
960 2366 1161 2433 Admodum
1170 2367 1249 2432 R.<¹⁰
1259 2368 1297 2431 P.
1307 2389 1367 2433 no·

129 2469 220 2533 stro
229 2472 260 2535 in
275 2471 393 2537 cristo
404 2473 490 2555 Jesu
501 2473 540 2536 P.
554 2471 620 2534 ΜΡ
629 2472 767 2551 Ignatio
778 2471 986 2552 Praeposito
1000 2474 1166 2538 Generali
1180 2473 1368 2540 Societatis

141 2567 229 2656 Jesu
240 2589 305 2643 etc.
320 2578 467 2643 Romae.

208 2683 285 2748 Alia
298 2703 422 2750 manu:
440 2687 526 2749 1555.
544 2685 720 2749 Corduba.
738 2684 1034 2764 Quadrimestres.
1054 2687 1089 2749 17
1102 2688 1209 2770 Junii.
1226 2688 1266 2770 Q.
1285 2689 1331 2754 V.

217 2790 409 2873 Vestigium
424 2809 524 2856 cerae
539 2786 668 2855 rubrae
683 2790 813 2870 sigilli.
