3210 5392
200 405 254 462 566
585 409 754 468 Ltrrsnae
774 425 1043 477 ouannnrusrass

262 552 451 616 Caeterum
466 554 511 616 ad
527 556 698 618 maiorem
712 556 780 618 Dei
794 559 947 635 gloriam
962 559 1065 620 silere
1080 575 1152 620 non
1167 574 1308 638 possum
1320 566 1461 638 pru-e·

202 661 337 723 clarum
352 661 436 723 illud
452 662 628 740 publicum
652 664 902 740 testimonium,
919 665 1015 744 quod
1033 665 1167 728 domini
1190 664 1321 744 hispani
1335 682 1366 726 cu
1442 676 1467 723 ut

202 767 275 829 suis
289 767 432 831 familiis
447 769 517 847 (qui
532 769 568 831 in
583 770 638 831 his
659 771 750 833 aulis
772 772 881 850 regiis
896 773 1060 852 permulti
1074 774 1173 851 sunt)
1190 771 1337 850 Collegio
1352 788 1368 833 n
1447 786 1470 831 o·

201 888 276 938 stro
291 875 487 939 Viennensi
508 878 691 957 perhibere
716 880 840 942 solent.
868 878 1000 943 Omnes
1020 880 1114 942 enim
1138 898 1210 942 uno
1232 897 1290 944 ore
1308 888 1370 941 cont
1451 896 1472 942 e·

202 992 340 1044 stantur
354 983 447 1045 hanc
459 983 638 1046 ciuitatem
653 985 822 1048 beneficio
834 986 917 1049 dicti
930 986 1077 1065 Collegii
1090 988 1195 1066 longe
1207 1003 1309 1067 quam
1319 994 1471 1052 antffia

202 1107 294 1152 nunc
315 1090 420 1152 aliam
440 1090 569 1152 habere
589 1090 728 1167 faciem,
750 1102 784 1154 et
806 1111 897 1172 quae
916 1104 997 1156 ante
1018 1094 1110 1156 illius
1126 1093 1313 1156 aduentum
1331 1109 1424 1154 mo—
1450 1097 1469 1160 le

202 1197 388 1259 haeresum
399 1196 568 1276 depressa
581 1198 625 1260 ad
638 1199 776 1261 ruinam
786 1208 858 1262 tota
873 1200 1057 1262 videbatur
1070 1200 1300 1279 propendere,
1312 1198 1422 1260 vide:
1443 1207 1464 1268 n'

201 1320 304 1381 posse
320 1321 413 1365 nunc
427 1313 593 1366 erectam.
610 1305 699 1368 Eam
714 1323 854 1386 quoque
869 1307 1010 1385 laudem
1026 1308 1127 1386 probi
1143 1309 1241 1370 ciues
1256 1317 1289 1368 et
1299 1314 1374 1367 matr
1390 1326 1456 1370 <a

201 1425 269 1471 nae
293 1409 504 1472 viennenses
530 1411 641 1474 eidem
667 1413 840 1490 tribuunt,
865 1394 1013 1493 quarum
1033 1414 1139 1477 etiam
1160 1414 1343 1494 permultae
1358 1411 1447 1480 luis

202 1515 325 1577 diebus
345 1532 408 1577 sua
428 1517 570 1578 nomina
594 1518 749 1580 adscribi
769 1506 937 1581 curarunt
957 1518 1125 1584 Societati
1147 1518 1269 1583 Sancti
1289 1518 1439 1585 Rosart'i

202 1622 332 1685 Beatae
348 1622 519 1702 Virginis,
536 1623 724 1687 deuotione
739 1625 923 1704 hispanica
947 1624 1041 1705 apud
1061 1625 1192 1689 fratres
1207 1625 1425 1688 Praedicato·
1479 1628 1491 1699 ᾗ

202 1747 260 1791 res
281 1728 512 1793 resuscitatae
532 1732 779 1808 (celeberrima
802 1733 895 1794 enim
920 1732 1110 1811 aliquando
1134 1732 1171 1794 in
1197 1731 1263 1795 hac
1284 1729 1422 1799 ciuitate,

202 1837 290 1899 haec
305 1836 393 1914 fuit),
411 1847 444 1900 et
463 1855 526 1917 per
541 1839 832 1919 concionatorem,
849 1839 961 1901 nostri
981 1839 1101 1918 templi
1120 1856 1165 1901 ex
1187 1849 1343 1917 suggesto
1357 1834 1410 1896 bis

203 1943 404 2006 declaratae
419 1953 453 2006 et
468 1945 745 2008 commendatae.

262 2050 372 2113 Porro
382 2051 474 2114 sicut
486 2050 531 2113 ad
542 2052 732 2114 conciones
744 2062 887 2116 nostrae
899 2052 1080 2116 Ecclesiae
1092 2051 1310 2115 numerosior
1319 2045 1397 2110 turba

202 2158 274 2219 iam
289 2157 443 2235 confluit,
461 2159 509 2220 ita
525 2157 653 2221 Missae
669 2176 802 2233 omnes
821 2161 927 2222 etiam
943 2176 1034 2239 quae
1054 2158 1215 2238 operosis
1235 2157 1342 2218 diebus
1357 2165 1397 2212 or·

203 2263 283 2325 dine
299 2281 362 2326 suo
377 2264 421 2326 ab
436 2264 523 2327 hora
538 2266 659 2344 quinta
681 2265 726 2328 ad
746 2284 857 2346 usque
877 2283 1008 2329 nonam
1029 2266 1187 2345 quotidie
1209 2264 1395 2343 frequentan-

202 2381 271 2449 tur,
288 2373 416 2435 multos
430 2381 465 2434 et
479 2374 598 2451 plures
619 2389 724 2452 quam
746 2375 896 2436 antehac
917 2373 1048 2435 habent
1068 2373 1216 2436 deuotos
1237 2369 1394 2433 auditores.

202 2478 317 2541 Festis
330 2488 448 2541 tamen
464 2479 597 2555 diebus
617 2480 804 2558 praecipue
820 2480 855 2542 in
870 2497 1007 2542 summo
1022 2496 1147 2555 sacro,
1165 2479 1268 2542 ualde
1282 2471 1395 2553 copiosa

204 2585 274 2648 iam
289 2584 389 2648 adest
404 2595 478 2648 tum
493 2585 724 2664 hispanorum
740 2597 814 2648 tum
828 2603 1079 2666 germanorum
1097 2585 1294 2649 multitudo.

262 2690 301 2754 ln
325 2709 481 2767 summa,
508 2704 545 2755 ut
571 2693 712 2772 plurimi
729 2693 925 2756 aduersarii
951 2693 1134 2771 religionis
1156 2693 1215 2755 hic
1240 2700 1331 2761 sunt,
1351 2672 1396 2756 qni

202 2817 267 2863 nos
287 2798 460 2861 hostiliter
484 2799 557 2861 suis
576 2799 819 2879 sycophantiis
840 2800 972 2879 passim
997 2801 1170 2877 lacerent,
1188 2810 1268 2861 sunt
1288 2784 1400 2858 interim

203 2908 370 2986 plerique,
392 2924 457 2968 nec
478 2906 501 2968 ii
522 2905 661 2968 infimae
681 2915 786 2968 notae
806 2907 981 2982 homines,
1002 2907 1061 2986 qui
1083 2917 1228 2985 propter
1248 2911 1362 2966 nomen
1378 2894 1403 2946 et

204 3031 360 3077 amorem
375 3014 457 3094 Jesu
475 3031 538 3076 nos
554 3013 708 3075 maximo
727 3023 989 3092 prosequuntur
1004 3014 1154 3089 honore,
1173 3024 1207 3075 et
1224 3012 1289 3073 huc
1308 3029 1326 3072 a
1347 2997 1409 3062 92⁰

204 3123 331 3184 missos
350 3122 458 3183 libere
473 3121 719 3198 pronunciant.
737 3120 790 3181 De
805 3138 956 3199 quorum
971 3136 1118 3181 numero
1131 3127 1184 3181 est
1197 3120 1232 3181 in
1246 3114 1365 3198 primis
1376 3110 1414 3160 se*
1489 3200 1491 3205 Ι

204 3229 430 3307 ligiosissima
445 3227 646 3306 optimaque
661 3226 798 3305 Regina
811 3225 1002 3288 Bohemiae
1017 3224 1035 3301 ¹,
1050 3243 1141 3304 quae
1154 3226 1260 3288 etiam
1274 3211 1418 3286 nostlum

206 3337 270 3396 hoc
287 3334 493 3411 Collegium,
510 3334 669 3412 adeoque
690 3343 799 3394 totam
824 3333 935 3393 nostri
956 3332 1091 3394 ordinis
1110 3330 1337 3401 Societatem,
1364 3322 1420 3376 Μ’

205 3442 299 3503 xima
315 3453 389 3502 tum
404 3441 635 3502 veneratione
651 3449 723 3501 turn
744 3439 963 3512 benignitate
983 3438 1242 3517 complectitur.
1260 3427 1368 3516 Quod
1384 3405 1425 3475 1¹0¹

205 3550 286 3610 hinc
301 3547 403 3610 facile
418 3549 499 3609 licet
514 3545 777 3625 deprehendere
792 3547 887 3625 quod
899 3546 944 3607 ad
959 3563 1026 3608 nos
1039 3546 1144 3607 toties
1156 3546 1273 3608 mittat
1286 3547 1377 3605 suoS
1387 3530 1429 3581 Ψ

206 3657 360 3718 cellanos
375 3665 435 3716 aut
451 3654 674 3729 secretarios,
693 3653 752 3731 qui
769 3654 844 3714 eius
856 3653 997 3715 nomine
1009 3652 1052 3713 de
1064 3663 1225 3730 egestate
1238 3651 1368 3712 domus
1383 3637 1427 3736 nd·

206 3774 301 3824 strae
326 3763 383 3823 uel
409 3761 528 3840 templi
548 3760 734 3838 diligenter
760 3761 977 3839 perquirant.
999 3759 1042 3822 Et
1066 3776 1147 3820 cum
1168 3760 1302 3820 nullum
1324 3741 1427 3817 Subst-

207 3870 301 3931 dium
323 3869 366 3931 ab
388 3869 464 3947 ipsa
486 3869 666 3946 suscipere
687 3867 731 3928 ad
759 3867 929 3949 maiorem
953 3865 1020 3928 Dei
1044 3865 1197 3943 gloriam
1221 3848 1429 3959 uotuerirnls

207 3994 372 4055 unquam,
389 3992 457 4036 non
474 3986 590 4036 cessat
606 3983 723 4036 tamen
741 3973 930 4035 identidem
945 3973 1291 4051 nostrumtemplum
1305 3961 1425 4049 prem&

207 4085 256 4144 sis
271 4082 487 4144 ornamentis
506 4083 692 4156 decorare,
714 4081 815 4142 cuius
830 4080 1030 4158 exemplum
1054 4089 1128 4140 turn
1151 4089 1332 4141 matronae
1354 4060 1423 4147 piae

208 4191 312 4251 huius
327 4189 492 4264 ciuitatis,
510 4199 583 4249 tum
599 4188 705 4250 etiam
721 4188 856 4249 nobiles
872 4186 1047 4248 foeminae
1061 4204 1105 4248 ex
1118 4186 1199 4248 aula
1212 4202 1276 4264 pro
1288 4199 1349 4245 suo
1360 4178 1417 4235 mo·

210 4298 290 4358 dulo
306 4297 499 4373 imitantur,
516 4295 565 4357 ita
582 4304 619 4356 ut
634 4313 679 4356 ex
694 4296 762 4356 hac
779 4312 843 4355 ceu
862 4294 920 4372 pia
941 4293 1095 4371 quadam
1116 4291 1345 4354 aemulatione
1364 4281 1417 4339 nos

209 4404 283 4464 suis
297 4402 455 4464 donariis
470 4419 558 4481 pene
571 4402 734 4462 obruant.

255 4643 262 4674 ¹
291 4641 383 4690 Maria.
392 4642 477 4684 Caroli
490 4641 513 4682 V
525 4640 586 4692 filla,
597 4639 764 4683 hlaximiliani
778 4638 799 4681 ll
811 4650 884 4681 uxor.
