3210 5392
717 442 779 495 Aa.
802 437 870 495 1500
1359 436 1416 496 765

181 582 290 647 Pater
306 600 381 646 rem
396 600 575 663 exponere
595 583 722 661 coepit,
744 582 983 661 responderit:
1006 581 1037 644 si
1056 599 1096 644 ea
1118 598 1156 643 re
1176 581 1333 644 diuinum
1352 600 1414 646 nu-

181 708 263 753 men
280 689 528 766 offenderetur,
546 707 584 752 se
599 699 763 768 paratum
779 706 857 750 esse
874 688 1077 751 inimicitias
1091 687 1211 750 statim
1224 687 1412 768 deponere;

182 797 373 876 multisque
389 797 502 875 signis
517 795 671 858 ostendit
686 812 723 857 se
739 795 774 857 id
794 804 938 874 propter
960 794 1075 857 Deum
1096 794 1244 857 libenter
1264 811 1342 857 esse
1364 795 1413 858 sa·

180 915 337 967 cturum.
354 904 419 966 Vir
435 904 576 984 quidam
594 903 684 965 alius
704 917 784 965 cum
806 903 1049 981 comperisset,
1072 918 1213 964 seruam
1233 918 1334 965 suam
1355 902 1414 964 ho-

180 1010 269 1073 mini
285 1011 425 1073 cuidam
441 1010 550 1072 libero
566 1011 739 1088 nupsisse,
753 1026 831 1071 eam
844 1008 997 1071 uendere
1013 1008 1204 1086 cogitabat,
1224 1018 1258 1070 et
1276 1009 1310 1071 in
1325 1009 1415 1072 alias

181 1116 350 1197 regiones
367 1117 520 1193 mittere;
537 1133 661 1179 verum
677 1133 697 1177 a
713 1114 818 1178 Patre
833 1114 986 1195 quodam
1007 1122 1130 1178 nostro
1149 1132 1192 1176 ea
1211 1115 1255 1178 de
1275 1132 1313 1177 re
1333 1131 1413 1178 con·

182 1232 314 1286 uentus
335 1223 455 1286 statim
475 1223 661 1285 consilium
677 1221 838 1285 mutauit.
862 1219 972 1283 Multa
992 1221 1061 1283 alia
1084 1220 1295 1300 huiusmodi,
1319 1222 1350 1284 si
1369 1223 1413 1285 ad

182 1331 306 1393 omnia
323 1328 447 1392 Patres
469 1330 690 1406 haberemus
713 1326 801 1390 effici
824 1335 985 1406 possent:
1007 1324 1070 1389 sed
1091 1344 1172 1390 cum
1194 1335 1332 1390 tantum
1354 1346 1416 1391 eos

183 1437 390 1513 habeamus,
408 1436 468 1515 qui
482 1435 528 1498 ad
543 1434 785 1498 consessiones
799 1433 1096 1497 scholasticorum
1110 1442 1193 1496 sunt
1206 1435 1411 1505 necessarii.

181 1543 296 1606 multa
312 1543 356 1604 ob
372 1543 407 1605 id
422 1543 538 1605 minus
553 1540 794 1622 perficiuntur.
811 1539 909 1602 Deus
924 1548 995 1620 opt.
1012 1557 1107 1603 max.
1129 1540 1261 1603 nostris
1281 1542 1413 1604 conati·

184 1650 253 1713 bus
267 1648 398 1712 faueat.
673 1720 676 1727 Ι

246 1754 336 1818 Cum
351 1754 520 1835 Princeps
541 1753 743 1817 Cardinalis
762 1750 770 1783 ¹
792 1753 965 1832 singulari
987 1753 1097 1816 diuini
1118 1753 1272 1816 numinis
1294 1772 1415 1818 amore

185 1863 233 1926 sit
250 1863 427 1939 incensus,
440 1863 541 1943 eique
553 1862 716 1924 omnibus
727 1862 762 1924 in
774 1861 879 1923 rebus
891 1862 1031 1940 placere
1043 1860 1269 1924 vehementer
1282 1861 1413 1941 cupiat,

182 1970 229 2033 ob
245 1986 395 2050 eamque
411 1987 485 2031 rem
505 1985 650 2031 suarum
673 1968 793 2030 ouium
816 1967 941 2030 salutis
962 1966 1206 2046 perstudiosus
1228 1968 1284 2044 sit,
1312 1985 1332 2030 a
1354 1985 1414 2031 no·

186 2084 262 2139 stro
276 2075 382 2139 Patre
397 2074 560 2138 Mirone¹
581 2075 680 2155 petiit
701 2084 740 2137 vt
762 2075 807 2137 ad
829 2092 867 2136 se
890 2072 1032 2136 Patrem
1053 2073 1279 2152 Episcopum,
1304 2075 1416 2153 magi·

186 2192 301 2247 strum
323 2182 505 2245 Andrenm
527 2181 538 2211 ³
557 2183 723 2258 mitteret,
747 2181 914 2262 quoniam
937 2180 1034 2242 illum
1056 2179 1195 2242 mittere
1217 2181 1358 2243 uolebat
1378 2181 1415 2243 in

186 2291 547 2370 Archiepiscopatum
569 2306 671 2351 suum
696 2285 718 2363 ⁴,
747 2299 820 2350 tum
841 2297 879 2349 vt
905 2287 1097 2349 chrismate
1122 2287 1277 2350 initiaret
1302 2284 1324 2366 ⁸,
1342 2298 1416 2351 tum

182 2397 293 2461 etiam
307 2406 348 2460 vt
362 2397 580 2476 perspiceret
594 2413 663 2474 quo
677 2394 782 2458 modo
797 2411 874 2457 sese
891 2411 947 2456 res
962 2410 1088 2455 sacrae
1102 2393 1284 2456 haberent.
1301 2395 1335 2457 ls
1353 2395 1417 2473 igi·

184 2514 245 2568 tur
260 2521 281 2566 a
296 2513 417 2566 nostro
434 2502 538 2565 Patre
554 2501 701 2579 Mirone,
718 2512 868 2579 rogante
888 2499 1051 2579 Principe
1073 2499 1254 2563 Cardinali
1274 2501 1415 2576 missuS,

186 2610 233 2673 ad
249 2611 317 2673 hoc
333 2611 521 2690 collegium
536 2608 697 2689 peruenit
715 2607 751 2669 14
766 2606 933 2669 calendas
948 2606 1113 2682 octobriS,
1131 2616 1164 2667 et
1184 2615 1327 2686 postero
1348 2607 1414 2686 die,

184 2718 247 2798 qui
262 2719 339 2782 dies
355 2719 497 2781 ueneris
511 2717 586 2794 luit,
604 2716 660 2778 hic
676 2715 712 2777 in
727 2714 875 2792 collegio
891 2723 1014 2775 nostro
1027 2714 1212 2775 nonnullos
1225 2713 1346 2793 primis
1362 2731 1416 2776 or·

184 2825 328 2888 dinibus
342 2825 504 2888 initiauit.
522 2821 690 2903 Sequenti
705 2830 824 2883 autem
838 2820 894 2882 die
915 2820 1062 2895 saturni,
1078 2837 1147 2899 quo
1165 2818 1220 2881 die
1233 2819 1317 2882 Diui
1328 2819 1416 2883 Mat·

186 2933 283 2995 thaei
297 2931 425 2995 festum
439 2930 697 3005 celebrabatur,
716 2929 752 2990 in
768 2929 936 3007 templum
952 2926 1143 2988 maximum
1167 2925 1223 2987 170
1242 2944 1414 2990 convene·

187 3049 280 3118 runt,
298 3039 357 3119 qui
374 3038 418 3101 ad
434 3054 559 3100 sacros
574 3036 716 3098 ordines
728 3034 932 3114 promoveri
947 3033 1184 3113 postulabant,
1200 3051 1219 3095 e
1235 3033 1361 3112 quibus
1375 3032 1415 3096 70

184 3145 370 3210 ordinibus
385 3145 499 3207 sacris
514 3142 657 3206 suerunt
672 3140 819 3205 initiati:
836 3157 906 3220 qua
918 3139 954 3202 in
966 3157 1004 3202 re
1015 3138 1120 3201 Pater
1130 3138 1328 3219 Episcopus
1344 3156 1415 3203 mo·

184 3261 287 3315 ratus
302 3261 355 3314 est
368 3268 479 3331 vsque
492 3249 536 3312 ad
548 3251 624 3313 2.111
637 3249 763 3311 horam
773 3245 1055 3327 pomeridianam
1067 3247 1264 3325 multasque
1277 3246 1328 3324 (vt
1340 3245 1417 3310 lieri

183 3340 288 3437 solet)
302 3375 368 3438 pro
384 3357 548 3421 ordinum
562 3356 737 3418 varietate
752 3371 794 3415 eo
809 3364 968 3432 tempore
983 3352 1107 3414 habuit
1122 3352 1324 3431 conciones
1343 3353 1416 3432 qui-

185 3466 252 3527 bus
266 3474 301 3527 et
315 3463 517 3526 auditorum
532 3473 567 3524 et
583 3477 716 3537 eorum,
734 3460 793 3539 qui
805 3459 1047 3536 initiabantur,
1061 3459 1170 3521 animi
1182 3459 1320 3521 interna
1333 3476 1414 3539 qua·

183 3573 269 3635 dam
284 3580 319 3632 et
334 3571 392 3649 pia
408 3569 594 3632 affectione
610 3566 944 3630 commonebantur:
962 3564 1111 3644 denique
1126 3582 1207 3628 cum
1228 3565 1261 3628 ei
1282 3568 1417 3629 cereoli

183 3679 415 3754 donarentur,
433 3677 493 3757 qui
509 3675 616 3738 oblati
632 3675 784 3751 fuerant,
802 3689 863 3735 eos
874 3670 981 3735 Pater
992 3669 1192 3752 Episcopus
1203 3672 1415 3752 repudiauit,

187 3801 300 3865 quare
314 3784 361 3846 ibi
376 3783 538 3846 omnibus
554 3781 707 3861 expositi
722 3779 837 3843 relicti
851 3789 944 3857 sunt,
961 3778 1067 3858 idque
1082 3778 1183 3853 multi
1198 3787 1236 3840 vt
1251 3778 1416 3841 uirtutem

185 3892 380 3954 maximam
397 3908 469 3953 non
486 3890 561 3952 sine
577 3905 709 3966 magna
732 3885 966 3949 admiratione
983 3883 1321 3948 animaduerterunt.
1345 3885 1416 3948 An·

184 4009 244 4061 tea
260 4014 366 4076 quam
382 3996 427 4060 ad
443 4012 571 4059 munus
586 3995 652 4058 sibi
668 3991 869 4072 delegatum
885 3990 1180 4071 proficisceretur,
1197 4000 1315 4054 vestes
1331 4009 1416 4054 non·

184 4195 398 4203 .—.-—...--—-

227 4309 234 4340 ¹
265 4309 411 4353 Cardlnalls
420 4307 553 4359 Henricus‚
566 4306 644 4359 Regis
655 4304 748 4347 irater.

225 4384 237 4413 ¹
265 4381 292 4424 P.
304 4379 399 4432 Jacobo
410 4379 499 4426 eron.
513 4377 661 4420 Lusitaniae
672 4374 839 4418 Prot-inclali.

226 4453 237 4482 ·'·
264 4453 284 4495 P
306 4452 437 4496 Andream
447 4451 479 4494 de
489 4448 595 4496 Ovledo.
606 4458 696 4489 recens
704 4446 736 4488 ad
748 4445 927 4498 Eplscopalem
937 4445 1091 4497 dignitatem
1102 4449 1256 4498 promotum.

225 4527 236 4556 ⁴
248 4576 252 4581 ,
265 4523 404 4568 Eborcnsis
415 4521 632 4574 Archleplscopus
642 4523 700 4560 erat
711 4517 858 4559 Cardlnalls
868 4516 1006 4559 Henricus.

228 4595 239 4628 ⁵
268 4603 322 4639 tum
331 4602 359 4639 ut
371 4606 448 4638 sacro
457 4593 599 4636 chrismate
610 4591 761 4642 inungeret.
772 4586 812 4630 lta
824 4588 865 4641 qui
877 4589 979 4630 litteras
989 4586 1145 4638 emeudnvln
1157 4587 1201 4629 sed
1212 4588 1309 4632 clarius
1320 4588 1417 4635 dlcerc·

184 4679 231 4712 rur
242 4669 271 4709 ut
282 4666 498 4722 Confirrnatr'om's
508 4665 711 4708 sacramentum
723 4661 941 4703 adint'mserarel.
